1947 3222
174 263 216 296 U·
226 262 264 296 C.
276 264 349 295 565.

178 307 291 339 A.C.1
339 328 348 336 ·
382 327 533 354 aurum
553 313 598 354 in
626 313 749 359 ludos
778 328 965 355 consum1
995 328 1208 355 necessum
1239 316 1370 355 esset?
1414 314 1557 363 Quum
1587 312 1807 370 pontifices

181 1675 327 1708 Comitia.

381 151 456 185 402
907 146 1050 185 T1T1
1098 146 1267 186 L1V11

384 256 562 298 Senatus
590 255 836 313 pontificum
865 256 1087 323 collegium
1119 240 1277 298 consuli
1305 255 1448 313 jussit,
1478 269 1580 297 num
1609 270 1730 297 omne
1760 254 1806 297 id

383 378 617 426 negassent,
639 371 693 412 ad
713 370 955 426 religionem
982 369 1204 426 pertinere,
1226 379 1386 427 quanta
1413 371 1586 426 inpensa
1612 370 1656 410 in
1683 368 1806 410 ludos

384 426 527 475 fieret3
561 435 728 469 senatus
759 427 927 477 Fulvio,
950 432 1178 482 quantumg
1196 427 1455 483 inpenderet,
1478 425 1681 483 permisit,
1703 425 1807 467 dum

385 498 437 524 ne
478 499 687 540 summam
708 483 961 539 l⁵octoginta
999 482 1177 524 millium
1217 484 1447 526 excederet.
1521 485 1561 524 T
1565 482 1809 538 riumphare

385 555 525 582 mense
564 540 768 582 Januario
808 548 1036 581 statuerat:
1085 539 1158 581 sed
1193 555 1325 596 quum
1360 541 1559 591 audisset,
1596 538 1808 581 consulem

388 596 473 639 M.¹¹
493 597 730 647 AEmilium,
758 596 890 638 literis
925 596 1075 638 Aburii
1104 596 1266 639 tribuni
1295 596 1430 653 plebis
1455 597 1636 654 acceptis
1663 596 1716 637 de
1746 610 1810 637 re-

386 654 511 696 missa
558 653 864 704 intercessione,
913 653 1053 711 ipsum
1102 653 1157 694 ad
1199 653 1498 710 inpediendum
1543 653 1809 708 triumphum

388 712 568 752 Romam
602 710 853 761 venientem,
890 726 1051 767 aegrum
1085 710 1127 751 in
1162 710 1232 751 via
1266 710 1514 761 substitisse,
1549 726 1600 752 ne
1634 710 1732 767 plus
1765 710 1809 750 in

387 768 605 824 triumpho
643 768 934 818 certaminum,
976 783 1104 824 quam
1143 768 1188 808 in
1226 767 1351 818 bello,
1392 767 1579 817 haberet,
1619 766 1810 822 praetulit

387 824 594 882 triumphi
621 824 745 866 diem.
774 825 1052 881 triumphavit
1084 833 1180 866 ante
1212 824 1322 866 diem
1359 823 1567 866 decimum
1597 823 1811 865 Kalendas

387 882 612 924 Januarias
642 882 695 923 de
726 881 894 932 AEtolis,
917 889 958 923 et
988 882 1040 923 de
1070 881 1351 938 Cephallenia.
1411 880 1444 905 ¹⁶
1455 883 1605 922 Aureae
1630 894 1809 930 coronae,

387 946 555 981 centum
583 938 806 980 duodecim
829 938 986 995 pondo,
1008 947 1103 981 ante
1131 953 1302 980 currum
1330 938 1426 979 latae
1456 945 1577 980 sunt:
1608 936 1810 993 ¹⁷a1·genti

384 995 526 1051 pondo
560 995 691 1039 millia
722 996 937 1052 octoginta
968 996 1071 1038 tria:
1114 996 1206 1037 auri
1240 996 1381 1052 pondo
1416 994 1599 1036 ducenta
1630 994 1812 1051 quadra-

384 1052 504 1108 ginta
542 1053 646 1094 tria:
697 1052 1095 1095 ¹³tetradrachmfim
1139 1052 1330 1094 Atticum
1371 1060 1539 1094 centum
1578 1050 1810 1093 octodecim

384 1109 540 1151 millia:
575 1108 609 1134 ¹⁹
619 1109 830 1166 Philippei
851 1109 1011 1150 nummi
1033 1110 1254 1151 duodecim
1280 1110 1413 1151 millia
1432 1108 1730 1166 quadringenti
1750 1108 1811 1148 vi-

384 1165 491 1222 ginti
525 1166 634 1208 duo:
678 1166 797 1223 signa
832 1181 946 1208 aenea
977 1166 1159 1208 ducenta
1190 1167 1404 1222 octoginta
1436 1167 1648 1222 quinque:
1692 1165 1812 1222 signa

383 1238 615 1265 marmorea
648 1223 831 1265 ducenta
861 1223 1059 1279 triginta:
1102 1239 1230 1274 arma,
1262 1223 1359 1273 tela,
1391 1232 1528 1265 cetera
1557 1222 1689 1279 spolia
1717 1223 1811 1265 hos-

385 1280 509 1330 tium,
530 1295 708 1336 magnus
728 1295 939 1322 numerus.
966 1279 1020 1321 ad
1040 1281 1130 1322 hoci
1153 1280 1394 1336 catapultae,
1415 1279 1607 1330 ballistae,
1630 1288 1811 1321 tormen-

385 1345 430 1379 ta
449 1336 582 1378 omnis
602 1337 788 1392 generis:
822 1337 964 1387 duces,
986 1346 1060 1379 aut
1082 1337 1216 1379 AEtoli
1237 1345 1278 1378 et
1302 1337 1587 1393 Cephallenes,
1610 1344 1684 1377 aut
1705 1336 1811 1392 regii

386 1394 442 1436 ab
462 1394 676 1438 Antiocho
696 1394 755 1436 ibi
785 1394 934 1447 relicti,
956 1394 1011 1436 ad
1041 1402 1201 1451 septem
1230 1402 1271 1436 et
1301 1394 1464 1450 viginti.
1524 1393 1730 1434 ²⁰Mult0s
1751 1395 1812 1434 'eo

387 1450 470 1502 die,
491 1451 740 1507 priusquam
761 1450 803 1492 in
833 1452 981 1492 urbem
1011 1451 1291 1501 inveheretur,
1313 1451 1356 1491 in
1381 1451 1489 1492 circo
1510 1450 1718 1492 Flaminio
1740 1449 1812 1491 tri-

386 1507 538 1558 bunos,
559 1507 795 1571 praefectos,
822 1508 999 1564 equites,
1031 1509 1306 1559 centuriones,
1339 1508 1552 1549 Romanos
1581 1507 1811 1562 sociosque,

390 1564 510 1606 donis
525 1565 777 1607 militaribus
793 1565 976 1607 donavit.
993 1565 1198 1607 militibus
1211 1581 1261 1606 ex
1283 1565 1428 1621 praeda
1441 1564 1474 1589 ²¹
1482 1564 1646 1606 vicenos
1661 1564 1813 1620 quinos

392 1621 583 1663 denarios
603 1622 762 1672 divisit,
785 1622 944 1679 duplex
966 1622 1213 1672 centurioni,
1236 1622 1389 1678 triplex
1411 1621 1556 1678 equiti.

451 1679 528 1720 VI.
560 1679 657 1720 Jam
709 1679 990 1720 consularium
1040 1679 1304 1721 comitiorum
1354 1679 1578 1736 adpetebat
1620 1686 1787 1735 tempus
1800 1694 1818 1727 ς,

588 1765 605 1791 g
621 1763 679 1794 ins.
693 1763 776 1794 vellet
793 1763 889 1794 Gron.
906 1763 998 1794 Crev.
1087 1762 1102 1787 h
1121 1762 1166 1792 M.
1182 1761 1242 1792 del.
1259 1761 1347 1793 Eaed.
1435 1757 1445 1782 ¹
1461 1762 1519 1792 haec
1534 1760 1621 1792 Eaed.

437 1839 478 1869 15
503 1838 658 1880 Octoginta
680 1839 823 1879 millium]
851 1838 978 1880 Supplc‚
1003 1836 1080 1868 aeris.
1125 1837 1183 1868 dus
1218 1836 1394 1869 universum
1423 1837 1545 1868 illarum
1575 1842 1702 1868 centum
1730 1848 1817 1869 coro·

395 1880 434 1910 In
449 1880 498 1911 his
511 1880 593 1911 enim
618 1881 762 1916 numeris,
777 1881 903 1922 quando
927 1880 1002 1910 nihil
1026 1880 1080 1911 ad·
1126 1891 1236 1911 narum
1279 1881 1336 1912 erit
1373 1891 1547 1912 marcarum
1593 1880 1814 1912 Parisiensium

389 1922 506 1965 jicitur,
536 1923 676 1955 videmur
711 1929 875 1955 annotasse
908 1923 1082 1965 intelligen-
1129 1924 1222 1954 1875.

395 1966 450 1998 dos
465 1977 532 1998 esse
546 1977 640 2002 asses,
655 1977 717 1999 non
739 1967 904 2004 sestertios.
948 1967 1016 1998 Nec
1039 1966 1081 1997 os-
1173 1967 1209 1997 17
1234 1967 1359 2008 Argenti
1402 1968 1494 2006 pondo
1533 1967 1627 1997 millia
1670 1969 1816 2008 octoginta

395 2008 522 2041 sendere
552 2009 646 2041 debet
673 2020 803 2041 summae
826 2009 988 2050 exiguitas,
1012 2019 1082 2051 quae
1127 2010 1202 2051 tria]
1236 2010 1354 2040 Marcae
1380 2014 1531 2041 nostrates
1557 2010 1690 2041 129687,
1712 2010 1813 2041 unciae

396 2051 570 2095 quadruplo
583 2053 677 2084 etiam
693 2052 790 2093 major
812 2058 858 2083 est
880 2062 919 2083 ea
940 2062 1010 2094 quae
1032 2053 1083 2083 M.
1127 2053 1158 2083 4.
1194 2053 1375 2091 Ani-sponda
1388 2054 1514 2083 ‹lucenta
1530 2054 1817 2094 quadragintatria.

400 2096 529 2126 AEmilio
542 2096 660 2127 censori
677 2096 717 2127 ad
739 2095 830 2127 ludos
850 2095 955 2126 itidem
978 2095 1082 2126 decer·
1128 2096 1248 2126 Marem
1263 2097 1336 2126 379.
1352 2095 1453 2126 unciae
1469 2098 1499 2127 5.
1514 2096 1674 2127 semuncia
1691 2097 1719 2127 1.

399 2137 482 2169 nitur
503 2139 583 2169 infra
598 2139 620 2170 l.
637 2140 705 2170 XL.
719 2149 747 2170 c.
762 2140 815 2170 52.
832 2138 1000 2179 Octoginta
1015 2138 1084 2168 mil·
1173 2140 1210 2169 18
1244 2139 1503 2169 Tetradrachmvim
1531 2140 1662 2170 Atticum
1699 2145 1816 2170 eentum

399 2179 441 2210 lia
456 2180 524 2211 aeris
539 2181 640 2223 gravis
656 2182 743 2223 paria
756 2186 828 2212 sunt
841 2181 953 2212 marcis
967 2181 1085 2222 argenti

399 2224 587 2254 nostratibus
603 2225 673 2256 125.

445 2267 484 2298 16
511 2268 615 2297 Aureae
641 2278 750 2297 rorant?
777 2274 903 2302 ventum,
935 2268 1084 2297 duodecim

397 2309 505 2350 pondo]
544 2311 663 2341 Horum
692 2310 854 2341 verborum
879 2320 988 2340 sensus
1014 2309 1083 2340 nul-

399 2351 447 2383 lus
470 2352 548 2383 alius
574 2362 640 2384 esse
665 2358 775 2395 potest,
801 2352 858 2383 nisi
879 2358 1001 2383 centum
1028 2363 1083 2384 au-

398 2405 466 2426 reas
488 2406 617 2427 coronas
631 2396 710 2427 latas
732 2395 834 2431 fuisse,
851 2406 982 2436 quarum
1005 2406 1082 2427 una—

397 2447 530 2478 quaeque
559 2438 706 2470 librarum
732 2439 945 2470 Romanarum
969 2438 1084 2470 duode-

398 2480 457 2512 cim
483 2481 585 2523 pondo
609 2488 697 2512 esset.
758 2482 868 2523 ltaque
893 2492 947 2523 pro
976 2483 1083 2512 ‹inime-

398 2525 455 2554 cim
491 2524 654 2565 legendum
690 2523 811 2555 videtur
843 2534 909 2556 esse
940 2525 1084 2561 duodena,

399 2571 433 2597 ut
461 2576 606 2598 numerus
633 2569 771 2605 partitive
798 2567 967 2599 sumendus
993 2566 1085 2598 intel-

398 2609 523 2650 ligatur.
570 2610 694 2641 Centum
709 2614 812 2641 autem
826 2619 938 2640 coronoe
951 2611 1085 2641 dnodma

396 2654 491 2692 pondo
504 2652 614 2684 eadem
629 2652 725 2683 forma
737 2651 891 2688 dicuntur,
904 2663 966 2693 qua
981 2651 1002 2683 l.
1016 2653 1084 2684 ΙΙΙ.

399 2704 428 2726 c.
449 2696 501 2727 29.
523 2700 554 2727 et
576 2695 596 2726 l.
621 2695 679 2726 IV.
702 2705 728 2726 c.
748 2695 801 2725 20.
823 2705 926 2736 supra.
949 2706 1082 2725 coronam

397 2749 518 2769 auream
537 2739 640 2769 libram
653 2739 762 2778 pondo.-
784 2748 847 2779 qua
869 2737 908 2768 de
930 2737 1082 2768 locutione

397 2782 523 2813 consule
547 2781 748 2817 Gronovium,
764 2779 802 2811 de
829 2781 900 2811 Pec.
919 2781 990 2811 Vct.
1014 2780 1036 2810 1.
1056 2780 1079 2811 1.

397 2832 425 2853 e.
441 2824 470 2854 6.
516 2824 661 2855 Ceterum
682 2822 845 2855 duodecim
858 2823 946 2855 libi-ce
964 2822 1080 2853 Roma-

399 2875 445 2895 nae
472 2876 559 2907 pares
580 2872 651 2898 sunt
677 2866 788 2898 marcis
817 2866 1003 2898 nostratibus
1026 2865 1080 2897 de-

396 2918 460 2941 cem
484 2915 515 2940 et
537 2915 615 2944 octo,
640 2910 739 2940 unciis
760 2919 823 2941 sex.
869 2911 980 2950 ltaque
1003 2919 1079 2951 pon-

1127 2184 1279 2213 octodecim
1307 2182 1416 2222 millia]
1454 2183 1573 2213 Marcae
1599 2181 1717 2223 argenti
1744 2192 1815 2212 nos-

1128 2229 1222 2255 trates
1250 2225 1344 2256 7375.
1402 2225 1549 2256 Ceterum
1586 2224 1729 2255 Andreas
1765 2225 1815 2255 hic

1128 2277 1250 2308 quoque
1281 2267 1375 2299 habet
1405 2269 1549 2298 teti-acina
1575 2268 1693 2298 Attica:
1731 2267 1815 2299 vict.

1127 2310 1222 2341 codex
1252 2313 1410 2352 retr-agina.
1457 2310 1529 2341 Vid.
1555 2315 1618 2342 not.
1647 2311 1699 2341 80.
1726 2309 1765 2341 ad
1792 2311 1814 2343 l.

1129 2353 1307 2384 XXXVII.
1321 2364 1347 2384 c.
1364 2355 1415 2385 58.

1173 2397 1212 2427 19
1240 2396 1387 2436 Phitippei
1410 2395 1536 2436 nummi]
1569 2395 1677 2432 Aurei,
1700 2401 1735 2426 ut
1758 2406 1815 2439 ap-

1127 2444 1214 2480 paret
1244 2449 1281 2470 ex
1312 2439 1332 2468 l.
1363 2438 1522 2469 XXXIV.
1549 2447 1577 2468 c.
1606 2440 1659 2470 52.
1718 2440 1815 2471 Porro

1129 2481 1245 2512 nummi
1269 2481 1353 2512 aurei
1380 2481 1493 2512 12422.
1518 2480 1652 2522 pondere
1674 2481 1814 2525 aequipa-

1129 2529 1235 2555 rantur
1250 2524 1360 2555 marcis
1375 2522 1562 2555 nostratibus
1578 2523 1639 2556 fere
1654 2525 1728 2556 388.

1171 2568 1214 2599 20
1238 2567 1348 2597 Multos
1371 2587 1379 2597 .
1395 2589 1403 2597 .
1421 2589 1428 2596 .
1451 2567 1532 2597 donis
1559 2568 1736 2599 militaribus
1762 2570 1813 2599 do-

1129 2609 1226 2651 navit]
1261 2610 1301 2640 Et
1322 2608 1447 2650 quidem
1471 2608 1499 2640 ei
1522 2609 1570 2639 M.
1587 2609 1668 2642 Cato
1689 2611 1813 2652 objecit,

1128 2657 1205 2684 teste
1229 2651 1343 2687 Genio,
1368 2652 1389 2682 l.
1405 2653 1445 2682 V.
1468 2662 1496 2683 c.
1521 2653 1553 2683 6.
1576 2653 1690 2685 milites
1712 2654 1752 2685 ab
1774 2664 1811 2685 eo

1126 2704 1179 2736 per
1216 2694 1414 2726 ambitionem
1444 2695 1607 2727 levissimis
1636 2696 1675 2728 de
1710 2697 1813 2729 causis

1126 2737 1245 2768 coronis
1265 2737 1404 2774 donatos,
1421 2749 1448 2768 v.
1464 2749 1495 2780 g.
1509 2737 1592 2779 quod
1615 2740 1732 2770 vallum
1756 2750 1810 2771 cu-

1126 2785 1253 2852 rpssent,
1281 2786 1334 2811 aut
1359 2781 1442 2821 quod
1471 2787 1596 2823 puteum
1620 2788 1744 2814 strenue
1768 2782 1812 2815 fo·

1126 2828 1251 2853 ‹issent-

1167 2867 1205 2896 21
1237 2866 1351 2913 Vicegws
1373 2868 1476 2906 quinos
1496 2868 1644 2909 denarios]
1667 2867 1811 2910 Amplius

1126 2914 1227 2940 ternas
1242 2919 1349 2941 uncias
1364 2909 1480 2950 argenti
1497 2915 1658 2942 nostrates,
