1947 3222
389 142 465 181 236
910 143 1023 181 TIT
1039 144 1057 181 1
1096 143 1272 181 L1v11

230 263 352 297 C.562.
384 251 430 291 in
455 251 647 303 patriam·
667 265 794 305 posse.
855 253 1013 303 Quum,
1049 267 1229 308 quonam
1265 252 1390 294 modo
1418 267 1468 293 eo
1496 252 1590 293 fieri*
1614 263 1795 309 possent,

230 309 265 338 C·
278 308 351 340 190.
382 306 657 349 mirabundus
688 308 972 351 Pausistratus
998 317 1357 364 percunctaretur,
1382 309 1508 350 fidem
1537 311 1695 364 petenti
1727 311 1797 352 de:-

382 363 444 405 dit
481 365 653 420 agendae
688 366 961 406 communiter
996 368 1070 415 rei,
1105 374 1179 406 aut
1220 365 1381 407 silentio
1416 365 1618 422 tegendae.
1679 367 1795 409 Tum

381 419 682 471 internuncius,
718 424 873 475 regiam
907 423 1067 462 classem
1103 429 1173 462 aut
1206 429 1344 470 totam,
1381 432 1453 463 aut
1491 422 1679 477 majorem
1715 423 1797 477 ejus

372 484 552 530 partem,
574 479 868 533 Polyxenidam
890 480 1135 519 traditurum
1157 479 1206 519 ei.
1232 483 1406 531 pretium
1426 481 1536 520 tanti
1551 481 1691 520 meriti
1707 483 1797 521 nul-

379 535 460 574 lum
495 536 613 575 aliud
640 536 810 587 pacisct',
847 549 966 588 quam
999 537 1172 575 reditum
1209 537 1253 576 in
1279 539 1479 589 patriam.
1540 536 1796 593 Magnitudo

380 591 454 640 rei,
485 606 561 632 nec
594 600 642 632 ut
682 591 884 642 crederet,
919 607 993 632 nec
1032 600 1084 633 ut
1121 591 1442 648 adspernaretur
1481 593 1609 643 dicta,
1645 593 1794 636 effecit.

379 646 677 688 ²⁸Pan0rmum
710 648 860 688 Samiae
895 655 1017 689 terrae
1051 649 1182 704 petit:
1226 648 1369 704 ibique
1409 650 1463 690 ad
1498 650 1796 705 explorandam

379 719 481 753 rem,
503 718 600 758 quae
620 704 762 745 oblata
781 713 884 755 erat,
907 705 1107 746 substitit.
1167 705 1295 746 Ultro
1324 705 1512 761 citroque
1541 707 1683 747 nuncii
1703 722 1796 749 cur-

378 775 492 800 sare:
539 775 614 801 nec
649 761 751 802 fides
790 770 886 803 ante
928 762 1190 802 Pausistrato
1228 762 1340 802 facta
1377 771 1453 810 est,
1490 778 1618 818 quam
1657 779 1796 805 coram

378 816 530 857 nuncio
551 817 641 873 ejus
662 818 945 874 Polyxenidas
966 833 1041 859 sua
1069 833 1197 859 manu
1227 818 1406 874 scripsit,
1426 833 1468 859 se
1487 834 1549 867 ea,
1571 833 1659 873 quae
1676 822 1796 873 polli-

377 875 480 914 citus
508 881 620 925 esset,
633 875 862 928 facturum,
896 876 1099 931 signoque
1130 890 1206 916 suo
1234 874 1439 930 inpressas
1468 876 1642 917 tabellas
1669 877 1793 919 misit.

378 931 445 971 Eo
475 945 573 971 vero
602 931 776 987 pignore
805 931 922 973 velut
942 931 1247 973 ‘²9auctoratum
1283 932 1363 972 sibi
1393 932 1650 988 proditorem
1678 941 1796 976 ratus

377 995 450 1028 est.
512 988 662 1044 Neque
683 988 791 1029 enim
818 1004 930 1038 eum,
952 988 1029 1044 qui
1058 989 1136 1030 sub
1165 1003 1263 1043 rege
1290 989 1448 1030 viveret
1479 988 1794 1032 commissurum

376 1043 520 1094 fuisse,
556 1053 605 1086 ut
638 1045 838 1086 adversus
870 1053 998 1086 semet
1032 1045 1172 1101 ipsum
1200 1044 1356 1086 indicia
1384 1060 1510 1086 manu
1541 1061 1617 1086 sua
1645 1054 1797 1088 testata

377 1099 510 1142 daret.
539 1101 637 1142 inde
664 1103 772 1143 ratio
801 1101 1007 1143 simulatae
1035 1101 1285 1158 proditionis
1309 1102 1552 1158 composita,
1586 1101 1796 1151 aniumk

376 1171 417 1197 se
436 1172 570 1198 rerum
598 1160 843 1211 adparatum
869 1160 1113 1206 omissurum,
1137 1158 1419 1214 Polyxenidas
1439 1158 1601 1207 dicere;
1634 1174 1715 1200 non
1734 1175 1797 1202 re-

376 1215 534 1270 migem,
555 1229 634 1255 non
655 1215 819 1257 ⁵⁰socz'0s
839 1217 1003 1257 navales
1023 1217 1081 1256 ad
1107 1216 1268 1256 classem
1281 1215 1525 1270 frequentes
1544 1216 1794 1258 habiturum-.-

376 1272 653 1313 .subducturum
669 1287 747 1326 per
766 1274 1061 1314 simulationem
1081 1273 1289 1326 rcficiendz'
1309 1274 1506 1326 quasdam.
1532 1287 1670 1324 naves,
1688 1276 1797 1317 alias

377 1329 421 1368 in
433 1330 689 1383 propinquos
703 1337 847 1383 portus
867 1331 1139 1371 dimissurum.-
1165 1343 1320 1382 paucas
1340 1336 1437 1370 ante
1454 1336 1615 1382 portum
1634 1332 1794 1384 Ephesi

376 1387 420 1426 in
442 1387 527 1427 salo
546 1387 798 1434 habiturum
831 1401 943 1442 quas,
965 1389 1002 1428 si
1022 1388 1134 1427 exire
1153 1401 1216 1427 res
1234 1393 1406 1440 cogeret,
1427 1386 1647 1440 olgjecturus
1665 1396 1795 1430 ceria-

375 1444 480 1483 mini
501 1444 632 1497 foret.
715 1445 852 1494 Quam
892 1443 1193 1500 neglegentiam
1242 1443 1546 1499 Polyxenidam
1585 1443 1629 1485 in
1667 1445 1795 1488 cIasse

376 1516 453 1541 sua
471 1499 717 1542 habiturum
740 1500 1026 1542 Pausistratus
1046 1500 1225 1550 audivit,
1246 1515 1336 1540 eam
1365 1501 1454 1556 ipse
1484 1501 1696 1557 extemplo
1723 1502 1795 1544 ha-

374 1556 481 1599 buit.
527 1565 689 1613 partem
723 1558 892 1598 navium
929 1557 982 1598 ad
1017 1565 1272 1598 commeatus
1306 1557 1569 1598 arcessendos
1605 1558 1794 1600 Halicar-

375 1628 558 1664 nassum,
579 1613 781 1670 ⁵¹partem
812 1616 982 1656 Samum
1013 1614 1066 1654 ad
1102 1614 1248 1655 urbem
1278 1614 1415 1655 misit:
1454 1623 1502 1655 ut
1532 1623 1705 1670 paratus
1734 1631 1794 1657 es-

374 1679 451 1720 set,
473 1685 606 1727 quum
629 1672 795 1727 signum
825 1670 1096 1727 adgrediendi
1123 1686 1148 1711 a
1173 1669 1388 1725 proditore
1418 1672 1653 1726 accepisset.
1714 1673 1795 1714 Po-

375 1725 592 1783 lyxenidas
620 1727 815 1783 52augere
845 1727 1080 1768 simulando
1110 1742 1314 1768 errorem:
1357 1727 1555 1769 subducit
1590 1729 1791 1783 quasdam

374 1799 515 1835 naves,
537 1784 637 1826 alias
658 1785 774 1826 velut
796 1784 1084 1825 subducturus
1104 1792 1224 1833 esset,
1246 1783 1409 1824 navalia
1427 1784 1584 1824 reficit:
1616 1785 1792 1840 remiges

373 1855 425 1881 ex
456 1841 640 1882 hibernis
667 1856 749 1882 non
774 1841 992 1896 Ephesum
1023 1841 1207 1891 arcessit,
1229 1839 1300 1880 sed
1333 1840 1594 1896 Magnesiam
1623 1842 1786 1883 occulte

373 1898 499 1953 cogit.

433 1955 520 1995 XI.
553 1955 681 1996 Forte
701 1954 875 2011 quidam
897 1953 1098 1995 Antiochi
1119 1953 1250 2003 miles,
1272 1969 1403 2009 quum
1436 1954 1607 1995 Samum
1628 1955 1688 1995 rei
1709 1955 1793 2011 pri-

374 2019 482 2052 vatae
513 2026 659 2052 caussa
683 2011 877 2061 venisset,
902 2026 980 2068 pro
1011 2010 1268 2067 speculatore
1295 2010 1596 2066 deprehensus¹
1622 2011 1793 2053 deduci-

374 2075 445 2108 tur
477 2069 732 2110 Panormum
753 2068 805 2109 ad
827 2068 1086 2124 praesectum.
1118 2066 1152 2108 is
1171 2066 1475 2122 percunctanti,
1497 2067 1601 2123 quid
1631 2068 1789 2124 Ephesi

175 262 218 295 15.

174 306 215 336 A.

683 2145 701 2169 k
719 2146 839 2177 Omnem
856 2145 955 2177 Gron.
972 2145 1065 2177 Crev.

415 2204 456 2235 28
494 2205 673 2235 Panormum
703 2205 806 2235 Snmiae
840 2204 945 2245 ιρι-ιη’]
1000 2204 1062 2234 Pa-

373 2257 498 2278 normus
520 2256 625 2289 portus
648 2248 821 2278 Samiorum
847 2247 973 2278 ditionis
994 2246 1062 2282 fuit,

373 2289 440 2326 sed,
457 2291 540 2331 quod
561 2290 726 2321 nonnullos
750 2289 830 2331 sugit
849 2289 1062 2331 Geographos,

372 2343 434 2363 non
457 2333 489 2364 in
513 2334 606 2365 Samo
628 2333 738 2364 insula.
784 2334 861 2364 Erat
883 2332 936 2364 ille
964 2332 994 2362 in
1021 2333 1062 2364 E-

328 2405 340 2419 ·
372 2375 549 2418 phesiorum
576 2386 639 2411 ora,
667 2376 756 2417 cujus
781 2375 918 2416 aliquam
941 2381 1061 2417 partem

373 2419 470 2450 Samii
493 2420 669 2450 habebant:
702 2429 772 2460 quae
793 2418 862 2449 ideo
882 2419 979 2448 Samia
1003 2425 1061 2449 ter-

372 2472 419 2497 ra,
452 2462 499 2492 vel
532 2462 710 2504 simpliciter
746 2461 845 2492 Samia
880 2461 1061 2497 vocabatur,

373 2509 407 2535 ut
431 2504 511 2535 infra
525 2515 617 2546 capp.
636 2506 685 2535 12.
707 2509 738 2535 et
757 2506 805 2535 13.
828 2510 860 2535 et
876 2504 986 2535 sedulo
999 2503 1061 2534 dis-

374 2547 541 2589 tinguenda
569 2553 616 2578 est
640 2547 679 2578 ab
706 2548 798 2578 Samo
826 2547 939 2577 insula.
986 2547 1060 2578 vid.

375 2591 478 2621 strab.
492 2590 513 2621 l.
531 2591 625 2621 XIV.
641 2600 732 2631 pagg.
747 2590 823 2621 636.
838 2595 869 2620 et
883 2591 959 2621 639.

417 2633 709 2673 29'Auctm‘atnm]
749 2633 978 2673 Mancipatum.
1004 2631 1058 2662 ad-

375 2675 503 2707 dictum.
557 2677 626 2706 Iloc
649 2677 776 2706 verbum
803 2675 923 2716 proprie
948 2674 1060 2705 dicitur

376 2719 416 2750 de
434 2718 655 2761 gladiatoribus
678 2728 801 2759 operam
825 2727 912 2747 suam
935 2716 1059 2758 sangui-

377 2772 509 2803 nemque
525 2762 644 2793 lanistae
661 2759 888 2791 addicentibus.

420 2806 592 2836 30⁸*Soc1‘0s
615 2801 744 2845 navales]
774 2802 848 2833 Vid.
875 2807 937 2833 not.
951 2803 1003 2832 27.
1020 2801 1059 2832 ad

421 2892 456 2920 :31
486 2892 604 2921 Partem
634 2890 748 2921 Samum
777 2891 814 2920 ad
841 2890 937 2919 urbem
967 2889 1059 2917 misit.-

1151 2143 1159 2167 l
1175 2145 1390 2184 comprehensus
1405 2145 1492 2176 Eaed.

1106 2209 1141 2234 ut
1162 2210 1284 2242 paratus
1298 2203 1382 2244 esset]
1413 2201 1529 2233 Parum
1552 2202 1618 2233 haec
1640 2201 1790 2233 cohaerere

1106 2245 1294 2277 videbuntur
1308 2251 1425 2277 attente
1440 2245 1653 2288 perpendenti.
1683 2245 1789 2281 Quum

1107 2288 1186 2320 enim
1209 2289 1274 2331 ipse
1296 2288 1506 2320 Pausistratus
1528 2286 1677 2319 Panormi
1699 2287 1731 2318 in
1747 2288 1790 2318 13-

1106 2332 1281 2374 phesiorum
1307 2342 1360 2362 ora
1383 2336 1519 2366 maneat,
1548 2335 1580 2360 ut
1604 2335 1725 2361 constat
1750 2341 1789 2362 ex

1105 2375 1316 2416 sequentibus,
1334 2383 1469 2415 quonam
1491 2372 1583 2404 modo
1605 2372 1667 2404 dici
1689 2378 1790 2414 potest

1104 2417 1174 2449 ideo
1196 2423 1316 2459 partem
1339 2416 1463 2447 navium
1477 2416 1605 2446 Samum
1625 2415 1665 2446 ad
1679 2416 1789 2447 urbem

1105 2461 1235 2495 mittere,
1263 2466 1298 2491 ut
1321 2465 1448 2502 paratus
1472 2457 1511 2488 sit
1537 2458 1578 2489 ad
1606 2456 1789 2500 aggredien-

1105 2503 1190 2539 dum,
1205 2502 1259 2533 ubi
1282 2513 1359 2545 opus
1380 2499 1493 2532 fuerit?
1524 2501 1593 2532 Iino
1610 2500 1716 2532 Livius
1732 2502 1788 2532 ob-

1104 2551 1205 2577 servat
1219 2545 1259 2575 ab
1275 2556 1311 2576 eo
1325 2549 1443 2587 partem
1463 2543 1570 2575 classis
1586 2543 1787 2575 Halicarnas-

1103 2600 1182 2624 sum,
1210 2594 1328 2630 partem
1351 2587 1479 2618 Samum
1503 2586 1653 2627 ablegari,
1675 2592 1713 2618 ut
1734 2597 1787 2618 no-

1103 2638 1146 2663 tet
1158 2632 1225 2673 ejus
1239 2629 1468 2672 negligentiam.
1515 2630 1624 2671 Itaque
1649 2629 1787 2672 suspica-

1103 2684 1171 2705 mur
1195 2674 1348 2714 integrum
1373 2672 1422 2704 hic
1448 2672 1594 2703 orationis
1615 2673 1785 2703 membrum

1103 2716 1264 2751 excidisse,
1300 2715 1392 2756 quale
1420 2721 1518 2746 esset:
1559 2717 1617 2755 ipse
1644 2715 1787 2746 Panormi

1101 2761 1238 2793 substitit.
1253 2765 1287 2789 ut
1301 2766 1422 2798 paratus
1437 2765 1514 2789 essct.

1145 2803 1185 2832 32
1210 2803 1325 2840 [lugere
1347 2802 1510 2832 simulando
1535 2800 1674 2841 errorent]
1720 2801 1788 2832 Au-

1098 2850 1156 2885 get
1169 2854 1299 2876 errorem
1316 2844 1511 2876 simulatione
1527 2841 1734 2884 negligentia.
