1947 3222
385 163 455 197 182
890 156 1042 195 T1T1
1081 157 1248 194 LIVII

227 274 352 305 c.559.
376 272 501 320 parte
530 265 655 316 Asiae,
686 267 829 320 quique
857 265 908 305 ab
937 265 1094 320 regibus
1122 266 1328 313 venissent,
1355 265 1572 305 audissent.
1632 265 1715 305 Hae
1735 265 1792 305 le-

228 317 266 348 C.
281 316 352 346 193.
385 322 571 379 gationes
599 338 624 364 a
654 323 701 363 C.
727 322 940 363 Scribonio
968 330 1146 377 praetore
1182 323 1340 363 urbano
1368 322 1411 362 in
1448 328 1636 362 senatum
1665 321 1793 362 intro-

388 379 526 420 ductae
547 386 668 427 sunt;
701 379 962 434 benigneque
982 378 1175 419 omnibus
1198 393 1453 434 responsum.
1515 378 1624 418 Cum
1645 376 1794 418 Antio-

391 435 468 476 cho
503 436 604 491 quia
637 435 797 490 longior
831 434 1076 489 disceptatio
1109 443 1211 483 erat,
1246 435 1387 475 decem
1422 434 1584 490 legatiS,
1615 447 1795 489 quorum

391 506 487 548 pars
507 492 548 533 in
570 491 687 541 Asia,
708 498 782 531 aut
804 489 1080 546 Lysimachiae
1100 491 1214 546 apud
1243 505 1381 546 regem
1406 491 1587 540 fuerant,
1609 489 1800 545 delegata

392 556 466 589 est.
543 549 596 588 T.
629 546 823 597 Quinctio
858 545 1115 596 mandatum,
1146 555 1209 596 ut,
1240 547 1436 588 adhibitis
1471 547 1534 597 iis,
1565 546 1798 601 legatorum

392 605 501 659 regis
532 604 659 644 verba
692 602 870 650 audiret,
905 603 1255 658 responderetque
1285 604 1350 652 iis,
1384 618 1479 659 quae
1511 618 1561 644 ex
1595 601 1798 657 dignitate

395 668 521 715 atque
542 659 722 701 utilitate
748 658 895 715 populi
926 658 1105 699 Romani
1128 659 1366 714 responderi
1395 668 1572 715 possent.
1634 658 1800 714 Menip-

394 732 474 772 pus
495 725 536 757 et
570 715 836 772 Hegesianax
872 715 1081 771 principes
1109 716 1235 771 regiae
1265 716 1480 771 legationis
1509 723 1637 756 erant.
1669 730 1720 756 ex
1749 715 1799 755 iis

186 775 383 815 Oratiolega-
397 773 641 829 Menippus,
662 773 861 827 Ignorare
891 786 942 820 se,
964 771 1085 820 dixit,
1118 773 1307 825 quidnam
1332 774 1520 825 perplexi
1549 786 1620 812 sua
1651 773 1804 826 legatio

186 827 284 893 {Pmff
296 818 361 849 An·
395 830 573 880 liaberet,
607 844 722 883 quum
757 830 995 883 simpliciter
1026 827 1124 869 ⁹⁸ad
1150 830 1372 870 amicitiam
1398 830 1610 881 petendam
1626 827 1804 882 jungen-

200 873 246 894 ¹⁰⁰
270 873 290 893 ι’
397 887 565 941 clamque
583 888 807 927 societatem
838 887 1046 927 venissent.
1105 887 1207 926 Esse
1235 892 1363 926 autem
1393 887 1478 926 tria
1503 899 1653 939 genera
1667 886 1806 939 foede-

397 958 499 994 rum,
521 943 661 998 quibus
681 944 788 984 inter
805 957 845 984 se
862 942 1164 996 paciscerentur
1183 943 1387 984 amicitias
1407 943 1590 983 civitates
1608 955 1805 996 regesque.

407 1001 548 1050 Unum,
572 1015 687 1054 quum
708 1000 810 1040 hello
839 1000 955 1041 victis
984 1001 1212 1040 dicerentur
1230 1001 1345 1054 leges.
1377 999 1446 1040 uhi
1466 1000 1569 1040 enim
1590 1000 1725 1039 omnia
1754 999 1807 1048 ei,

399 1059 470 1113 qui
498 1059 622 1098 armis
644 1058 739 1111 plus
762 1063 907 1110 posset,
931 1057 1070 1097 dedita
1100 1064 1237 1106 essent,
1260 1070 1348 1110 quae
1367 1071 1415 1096 ea·
1436 1057 1488 1097 iis
1506 1056 1651 1096 habere
1671 1057 1805 1102 victos,

401 1115 540 1169 quibus
561 1115 727 1155 multari
747 1128 810 1154 eos
824 1113 931 1162 velit,
955 1114 1080 1166 ipsius
1085 1112 1160 1166 jus
1180 1120 1299 1167 atque
1318 1114 1533 1154 arbitrium
1554 1127 1648 1154 esse.
1697 1112 1810 1153 Alte-

402 1185 502 1219 rum,
526 1185 641 1225 quum
657 1185 780 1223 pares
803 1170 903 1210 bello
923 1170 1206 1225 cequofoedere
1227 1172 1269 1211 in
1290 1184 1429 1223 pacem
1451 1177 1571 1224 atque
1590 1169 1808 1210 amicitiam

403 1229 593 1270 venirent.
615 1234 708 1268 tunc
728 1228 831 1267 enim
851 1230 981 1280 repeti
1000 1228 1192 1280 reddique
1202 1242 1283 1280 per
1296 1228 1590 1267 conventionem
1610 1240 1685 1275 res,
1708 1232 1758 1274 et,
1775 1226 1813 1266 si

405 1299 572 1340 quarum
593 1284 756 1325 turbata
777 1284 878 1324 hello
892 1285 1086 1336 possessio
1101 1284 1164 1333 sit,
1183 1298 1250 1325 eas
1269 1290 1340 1324 aut
1360 1299 1408 1324 ex
1416 1281 1602 1335 formula
1610 1282 1723 1336 juris
1739 1297 1811 1322 an-

405 1343 524 1396 tiqui,
547 1348 616 1381 aut
638 1356 686 1380 esc
699 1342 837 1394 partis
857 1342 1060 1394 utriusque
1079 1342 1275 1381 commodo
1295 1342 1486 1394 componi.
1534 1341 1576 1380 T
1571 1341 1712 1380 ortium
1733 1353 1814 1380 esse

401 1413 539 1454 genus,
563 1412 691 1452 quum,
714 1399 784 1451 qui
797 1399 923 1438 hostes
943 1398 1338 1452 numquamfuerint,
1354 1399 1410 1437 ad
1427 1398 1649 1437 amicitiam
1669 1397 1814 1438 sociali

390 1457 554 1511 foedere
571 1457 678 1495 inter
696 1469 736 1495 se
741 1454 993 1508 jungendam
1015 1458 1166 1494 coe‘ant.
1189 1469 1252 1495 eos
1265 1469 1388 1508 neque
1409 1456 1550 1501 dicere,
1569 1467 1693 1507 neque
1712 1454 1815 1493 acci-

399 1527 501 1567 pere
520 1513 624 1565 leges
631 1533 645 1558 ;
678 1512 724 1551 id
742 1512 845 1551 enim
866 1512 1027 1551 victoris
1048 1517 1085 1551 et
1112 1512 1208 1552 victi
1227 1525 1317 1552 esse.
1377 1513 1446 1552 Ex
1465 1525 1511 1550 eo
1532 1523 1680 1564 genere
1698 1523 1815 1564 quum

410 1570 635 1609 Antiochus
655 1574 764 1617 esset,
786 1568 820 1592 ⁹⁹
829 1569 976 1608 mirari
995 1583 1048 1617 se,
1071 1569 1177 1621 quod
1192 1569 1371 1608 Romani
1389 1582 1540 1622 cequum
1562 1574 1755 1617 censeant,
1778 1567 1816 1607 ei

408 1628 513 1680 leges
533 1627 676 1674 dicere,
695 1639 793 1680 quas
817 1625 926 1665 Asice
942 1625 1095 1665 urbium
1112 1625 1260 1665 liberas
1279 1632 1316 1665 et
1338 1626 1529 1672 inmunes,
1547 1638 1646 1678 quas
1665 1625 1815 1677 stipen-

410 1683 570 1723 diarias
590 1696 669 1722 esse
689 1683 811 1722 velint
820 1705 833 1728 ;
868 1696 966 1735 quas
988 1683 1145 1722 intrare
1157 1683 1359 1734 praesidia
1390 1683 1504 1736 regia
1524 1695 1732 1735 regemque
1751 1695 1815 1722 ve-

411 1745 508 1781 tent.
570 1740 665 1780 Cum
702 1739 899 1791 Philippo
933 1739 1036 1778 enim
1067 1739 1174 1779 hoste
1207 1751 1360 1791 pacem,
1391 1753 1470 1778 non
1504 1752 1587 1778 cum
1621 1738 1818 1779 Antiocho

412 1796 540 1836 amico
558 1795 760 1836 societatis
763 1796 907 1849 faedus
928 1796 988 1835 ita
1008 1797 1262 1836 sanciendum
1284 1810 1376 1836 esse.

205 1860 401 1905 Responsum
471 1853 643 1893 LVIII.
676 1851 748 1892 Ad
769 1867 816 1893 ea
837 1851 1078 1902 Quinctius:
1116 1852 1316 1900 Quoniam
1346 1853 1452 1893 vobis
1482 1852 1669 1892 distincte
1697 1865 1818 1905 agere

206 1903 353 1939 Quinctii.
413 1909 523 1958 libet,
545 1915 582 1949 et
600 1923 752 1963 genera
761 1908 1060 1963 jungendarum
1082 1910 1354 1950 amicitiarum
1375 1923 1619 1958 enumerare,
1636 1922 1706 1963 ego
1726 1922 1820 1962 quo-

416 1981 488 2023 que
509 1967 608 2007 duas
628 1967 874 2007 conditiones
895 1980 1059 2019 ponam,
1083 1973 1198 2007 extra
1219 1980 1317 2020 quas
1338 1968 1486 2006 nullam
1508 1980 1586 2006 esse
1611 1967 1700 2019 regi
1719 1979 1820 2005 nun·

416 2024 530 2064 cietis
550 2024 743 2063 amicitice
762 2038 842 2063 cum
863 2024 1009 2076 populo
1038 2023 1220 2064 Romano
1229 2022 1464 2077 jungendce.
1532 2023 1675 2072 Unam,
1697 2023 1734 2064 si
1754 2036 1823 2062 nos

418 2081 535 2128 nihil,
554 2081 659 2135 quod
678 2082 734 2120 ad
752 2081 866 2120 urbes
886 2081 999 2120 Asiae
1019 2082 1186 2128 adtinet,
1202 2095 1344 2120 curare
1364 2082 1471 2128 velit,
1489 2086 1532 2120 ut
1553 2086 1590 2120 et
1612 2081 1696 2132 ipse
1715 2079 1824 2120 omni

427 2139 590 2191 Europa
612 2137 825 2178 abstineat.
859 2138 1040 2186 alteram,
1063 2139 1098 2178 si
1126 2152 1166 2178 se
1187 2139 1256 2177 ille
1276 2137 1557 2189 Asia’finibus
1585 2150 1664 2176 non
1693 2136 1822 2176 conti-

419 2200 527 2243 neat,
550 2200 587 2234 et
609 2195 652 2233 in
673 2196 880 2247 Europam
902 2196 1173 2243 transcendat,
1196 2201 1238 2234 ut
1259 2201 1296 2234 et
1318 2195 1514 2234 Romanis
1531 2191 1603 2247 jus
1625 2194 1692 2240 sit,
1714 2193 1824 2234 Asia’

179 276 217 306 U.

174 318 216 349 A.

466 2325 592 2355 98*.4d
618 2324 776 2353 amicitiam
804 2324 1102 2364 petendamjungen-
1145 2325 1237 2363 primo
1273 2326 1346 2364 quad
1382 2335 1437 2353 non
1471 2323 1650 2353 descenderet
1679 2323 1824 2357 tribunus,

426 2368 547 2407 damqtze
565 2366 740 2406 societatem]
767 2366 809 2395 I't
831 2375 898 2406 quae
922 2366 1021 2397 verbis
1037 2364 1104 2408 jam
1149 2366 1216 2406 (cui
1252 2376 1373 2407 quoque
1401 2366 1467 2396 loco
1495 2364 1692 2406 corruptionis
1721 2371 1825 2395 notam

428 2414 576 2451 usurpata
597 2408 713 2450 pridem
736 2414 801 2439 erat
823 2407 901 2439 inter
919 2408 1106 2440 Antiochum
1150 2409 1293 2451 affingere
1345 2407 1442 2438 voluit
1496 2407 1686 2445 Gronovius)
1729 2412 1761 2437 et
1804 2407 1826 2438 l.

426 2452 634 2494 populumque
657 2451 834 2481 Romanum
858 2450 992 2482 amicitia
1010 2462 1044 2482 ac
1059 2463 1106 2483 so·
1151 2451 1308 2482 XXXVI.
1331 2460 1358 2480 c.
1381 2451 1432 2481 41.
1457 2451 1555 2492 Magis
1575 2452 1679 2480 mirari
1699 2461 1737 2484 se,
1752 2452 1827 2491 quod

427 2494 532 2530 cietas,
548 2493 662 2524 foedere
677 2504 797 2535 quoque
812 2493 991 2525 firmaretur.
1028 2495 1104 2525 Haec
1148 2505 1203 2524 ηοη
1217 2495 1285 2532 jam
1308 2494 1339 2523 in
1362 2494 1429 2523 Asia
1451 2499 1538 2523 essent
1563 2493 1705 2528 Romani;
1736 2492 1825 2524 Cice-

428 2537 511 2568 dicta
534 2536 674 2577 Menippi
702 2536 771 2566 ideo
793 2536 834 2565 sic
860 2536 1105 2578 interpretamur,
1148 2547 1181 2568 ro
1210 2547 1271 2567 non
1298 2536 1392 2566 semel
1425 2535 1564 2566 eamdem
1593 2535 1740 2576 loquendi
1768 2535 1826 2566 sor-

428 2579 500 2619 quia
526 2589 617 2621 supra
642 2579 782 2609 XXXII.
812 2579 842 2609 8.
869 2579 968 2609 socius
985 2580 1050 2621 jam
1095 2585 1107 2609 t
1149 2589 1231 2610 mam
1254 2589 1325 2609 usur
1349 2577 1421 2608 avit.
1464 2578 1514 2609 Sic
1538 2578 1558 2608 1.
1583 2579 1675 2610 XVI.
1697 2578 1737 2609 ad
1758 2577 1827 2610 Att-

429 2623 547 2653 amicus
569 2632 587 2652 a
608 2626 717 2652 senatu
739 2621 911 2651 Antiochus
937 2623 1108 2664 appellatus
1152 2632 1200 2664 ep.
1221 2621 1278 2652 ult.
1302 2621 1369 2652 hon
1391 2622 1489 2651 dubito
1511 2623 1578 2662 quin
1603 2623 1716 2656 mirere,
1742 2627 1829 2662 atque

428 2671 483 2695 est.
528 2664 602 2696 Vid.
616 2669 646 2694 et
659 2664 737 2694 infra
754 2664 908 2694 XXXVI.
922 2665 952 2695 3.
1148 2666 1234 2695 etiam
1255 2664 1435 2699 sternat-here,
1462 2667 1534 2704 quod
1557 2670 1649 2694 tecum
1669 2666 1705 2694 de
1729 2666 1828 2695 eadem

469 2708 511 2738 99
535 2707 645 2737 Mirari
671 2718 708 2742 se,
738 2707 812 2745 qnod
844 2706 965 2736 Romani
993 2718 1106 2748 aquam
1149 2718 1180 2737 re
1193 2718 1275 2747 agam
1299 2708 1416 2746 scr-pius:
1440 2713 1469 2736 et
1493 2707 1513 2737 Ι.
1538 2707 1583 2737 ΙΙ.
1606 2706 1644 2738 de
1667 2705 1772 2739 Divin-
1795 2715 1826 2736 n.

427 2750 575 2791 censeant]
606 2750 697 2780 Hanc.
724 2748 907 2779 locutionem
933 2755 1104 2791 suspectam
1149 2750 1200 2780 51.
1254 2748 1333 2780 Cato
1356 2751 1457 2779 mirari
1483 2760 1508 2779 se
1536 2751 1639 2785 aielzat,
1668 2751 1742 2790 qaod
1771 2760 1825 2780 non

427 2792 534 2823 habuit
561 2792 752 2824 Gronovius:
777 2791 831 2821 sed
853 2790 1010 2821 immerito.
1066 2792 1108 2823 Ut
1151 2794 1256 2822 rideret
1293 2803 1423 2833 aruspex,
1458 2795 1616 2832 aruspicem
1651 2803 1742 2834 quum
1785 2793 1827 2821 vi-

426 2836 508 2865 enim
531 2835 706 2866 omittamus
731 2833 842 2865 similia
863 2844 983 2876 prorsus
1005 2844 1103 2865 exem·
1150 2836 1244 2868 disset.

428 2878 478 2919 pla
502 2879 582 2919 apud
608 2883 753 2913 nostrum,
771 2877 791 2907 l.
817 2877 900 2908 11.c.
917 2878 965 2908 54.
998 2878 1105 2907 Mirari
