1947 3222
189 191 367 223 U..056·2.

185 233 369 267 A.c..l9o

397 83 472 116 310
933 80 967 117 Τ
983 80 997 117 1
1013 80 1046 118 T
1061 81 1078 118 1
1126 81 1158 118 L
1171 80 1189 117 I
1203 80 1266 118 VI
1283 82 1299 118 1

400 186 661 238 reducerent,
682 187 805 229 misit.
866 189 962 230 Non
983 189 1116 230 solum
1137 189 1275 230 animo
1294 188 1431 245 patrio
1450 195 1618 243 gratum
1638 201 1805 237 munus,

401 242 474 284 sed
503 245 665 300 corpori
694 260 864 300 quoque
894 245 1059 287 salubre
1079 246 1281 312 gaudium
1302 246 1407 287 fuit:
1439 244 1698 300 satiatusque
1717 251 1808 284 tan,

399 298 496 341 dem
516 300 736 366 complexu
756 301 846 353 filii,
863 303 1156 351 Renunciate,
1144 303 1296 358 inquit,
1307 302 1468 357 gratias
1482 302 1571 356 regi
1590 316 1652 341 me
1665 314 1807 354 agere.-

397 357 507 412 refer
508 371 552 398 re
557 372 610 412 gt
610 359 738 398 atzam
753 360 880 399 aliam
892 373 996 399 nunc
1010 373 1089 399 non
1096 373 1226 424 posse,
1240 374 1360 414 quam
1375 365 1419 400 ut
1433 360 1635 407 suadeam,
1649 371 1699 398 ne
1713 362 1809 398 ante

396 414 444 454 in
472 415 597 455 aciem
627 416 851 464 descendat,
872 415 1012 469 ⁵quam
1041 422 1086 456 ut
1115 417 1158 456 in
1187 423 1322 458 castra
1350 431 1410 457 me
1434 417 1585 457 redisse
1613 415 1807 455 audierit.

400 471 665 535 Quamquam
696 471 932 526 sexaginta‘¹
955 471 1041 512 duo
1069 472 1201 513 millia
1225 473 1430 528 peditum,
1458 473 1556 529 plus
1584 471 1806 513 duodecim

396 527 526 569 millia
555 528 745 584 equitum
765 528 924 568 animos
951 528 1164 581 interdum
1193 530 1249 570 ad
1277 545 1392 586 spem
1421 529 1656 570 certaminis
1684 527 1807 568 facie-

392 584 521 632 bant3
545 593 693 626 motus
713 593 852 626 tamen
874 582 1108 626 Antiochus
1137 585 1243 627 tanti
1273 587 1519 627 auctoritate
1539 586 1633 635 viri,
1655 584 1697 625 in
1718 599 1804 639 quo

391 641 446 681 ad
465 642 643 683 incertos
671 641 771 682 belli
801 649 975 683 eventus
1004 642 1136 683 omnis
1165 642 1348 683 fortunae
1376 650 1572 706 posuerat
1602 640 1802 690 subsidia,

390 697 569 760 ⁶recepit
599 713 656 748 se,
677 706 958 754 transgressus
990 698 1225 756 Phrygium
1246 714 1432 762 amnem,
1457 714 1647 754 circaque
1680 699 1803 752 Mag-

389 768 561 804 110513111,
592 770 689 810 quae
718 755 773 795 ad
806 755 1000 812 Sipylum
1029 764 1106 806 est,
1137 755 1278 812 posuit
1307 764 1465 797 castra:
1497 763 1553 805 et,
1574 770 1640 806 ne,
1662 754 1712 795 si‘
1731 769 1802 795 ex-

389 810 553 851 trahere
580 819 747 874 tempus
778 812 896 863 velle,
918 813 1177 854 munimenta
1197 813 1376 854 Romani
1406 819 1629 862 tentarent,
1649 811 1801 852 fossam

386 866 483 909 ⁷sex
517 867 678 910 cubitas
705 868 848 920 altam,
879 869 1100 910 duodecim
1130 869 1257 911 latam
1287 884 1422 925 quum
1447 869 1651 918 duxisset,
1682 875 1802 908 extra

387 923 547 980 duplex
577 925 734 967 vallum
763 926 885 967 fossae
919 925 1217 968 circumdedit:
1258 926 1452 967 interiore
1481 925 1598 966 labro
1631 938 1800 965 murum

387 995 484 1022 curn
502 981 688 1023 turribus
704 982 858 1025 crebris
873 982 1052 1040 objecit3
1079 982 1191 1024 unde
1205 983 1326 1025 facile
1342 983 1471 1024 arceri
1488 981 1664 1023 transitu
1680 981 1802 1022 fossae

389 1037 522 1079 hostis
541 1049 692 1094 posset.

445 1095 728 1137 XXXVIII.
762 1097 934 1148 Consul,
971 1097 1079 1138 circa
1120 1097 1330 1153 Thyatira
1366 1112 1507 1152 regem
1547 1111 1633 1137 esse
1667 1103 1801 1146 ratus,

386 1152 595 1194 continuis
623 1152 843 1195 itineribus
872 1154 1022 1210 quinto
1051 1154 1120 1195 die
1149 1154 1203 1195 ad
1234 1155 1482 1210 Hyrcanum
1511 1168 1703 1218 campum
1730 1152 1800 1193 de-

387 1209 558 1250 scendit.
589 1209 687 1250 inde
707 1225 841 1266 quum
869 1211 1105 1267 profectum
1133 1210 1332 1261 audisset,
1355 1219 1521 1252 secutus
1549 1209 1725 1265 vestigia
1745 1209 1800 1250 ci-

385 1273 452 1307 tra
467 1266 704 1322 Phrygium
725 1282 903 1318 amnem,
920 1276 1103 1323 quatuor
1123 1267 1253 1308 millia
1272 1268 1325 1308 ab
1345 1267 1478 1317 hoste,
1495 1267 1636 1323 posuit
1652 1274 1798 1307 castra.

385 1323 453 1363 Eo
472 1322 584 1363 mille
613 1323 743 1364 fenne
772 1324 948 1379 equites,
973 1324 1174 1389 (maxima
1201 1339 1297 1380 pars
1321 1323 1571 1380 Gallograeci
1600 1331 1734 1372 erant,
1755 1330 1796 1364 et

384 1379 521 1420 Dahae
541 1380 715 1436 quidam
738 1381 999 1436 aliarumque
1028 1381 1234 1445 gentium
1249 1358 1471 1436 sagittarii
1482 1380 1643 1444 equites
1671 1380 1798 1421 intei-

382 1435 524 1491 mixti)
547 1437 806 1479 tumultuose
833 1453 953 1478 amne
982 1438 1172 1502 trajecto,
1194 1452 1236 1478 1n
1257 1438 1454 1479 stationes
1483 1437 1671 1494 inpetum
1692 1436 1800 1477 fece-

382 1500 495 1556 runt.
557 1494 701 1535 Primo
727 1495 1006 1536 turbaverunt
1029 1493 1335 1550 incompositos.
1367 1494 1532 1558 deinde,
1555 1508 1686 1549 quum
1709 1493 1796 1534 lon-

429 1565 478 1590 us
513 1558 720 1592 certamen
755 1551 887 1602 fieret,
921 1551 1246 1601 ⁸Romanorum,
1282 1567 1334 1615 ex
1370 1551 1618 1607 propinquis
1651 1550 1798 1592 castris

381 1564 493 1647 finili
524 1607 724 1657 subsidio,
746 1617 945 1649 cresce1et
975 1622 1188 1659 numerus,
1208 1607 1327 1673 regii,
1348 1608 1445 1650 fessi
1469 1609 1558 1664 jam
1588 1615 1629 1649 et
1645 1607 1799 1673 plures

381 1675 465 1703 non
496 1663 760 1715 sustinentes,
781 1665 963 1721 recipere
994 1680 1035 1705 se
1065 1665 1217 1714 conati,
1244 1666 1353 1706 circa
1381 1665 1516 1721 ripam
1546 1665 1692 1715 amnis,
1713 1680 1797 1720 pn-

381 1734 561 1782 usquam
590 1720 747 1761 flumen
776 1721 1110 1776 ingrederentur,
1131 1722 1184 1762 ab
1204 1722 1457 1763 instantibus
1487 1730 1606 1777 telgo
1635 1721 1797 1784 aliquot

381 1775 589 1818 interfecti
639 1786 747 1819 sunt.
828 1778 1016 1820 Biduum
1061 1778 1211 1819 deinde
1251 1778 1461 1819 silentium
1499 1778 1598 1827 fuit,
1638 1777 1798 1819 neutris

381 1833 784 1889 transgredientibus
823 1850 996 1876 amnem.
1044 1835 1168 1876 tertio
1206 1843 1302 1891 post
1341 1835 1408 1875 die
1450 1834 1630 1875 Romani
1672 1834 1795 1875 simul

380 1904 522 1931 omnes
555 1892 800 1946 transgressi
837 1900 950 1944 sunt,
984 1900 1026 1933 et
1061 1892 1147 1933 duo
1181 1891 1313 1932 millia
1341 1892 1444 1932 fere¹
1472 1900 1513 1933 et
1544 1891 1796 1948 quingentos

380 1960 527 2001 passus
546 1948 600 1988 ab
620 1947 738 1989 hoste
758 1957 989 2004 posuerunt
1016 1957 1161 1990 castra.
1223 1948 1488 1990 Metantibus
1508 1957 1549 1990 et
1570 1926 1797 1990 muniendo

380 2004 608 2059 occupatis,
630 2005 712 2045 tria
731 2005 860 2046 millia
879 2005 1039 2048 delecta
1065 2006 1258 2061 equitum
1285 2005 1561 2061 peditumque
1582 2005 1792 2061 regiorum

381 2073 533 2116 magno
560 2068 716 2102 terrore
746 2077 794 2103 ac
824 2062 1009 2104 tumultu
1040 2062 1256 2104 advenere.
1291 2061 1531 2118 ⁹aliq11anto
1560 2062 1792 2118 pauciores,

421 2150 438 2174 ‘l
452 2149 639 2189 septuaginta
654 2148 750 2179 Gron.
768 2149 861 2180 Crev.
918 2152 931 2170 ¹
943 2151 966 2179 si
982 2149 1003 2180 l.
1017 2150 1088 2179 dam
1103 2148 1190 2180 Eaed.
1248 2151 1260 2169 ⁸
1275 2150 1378 2179 cubitis
1393 2148 1481 2179 Eaed.
1532 2149 1542 2169 ῑ
1548 2147 1649 2189 ferme
1661 2146 1749 2176 Eaed.

423 2225 444 2254 5
468 2223 566 2257 Quam
585 2229 619 2253 ut
636 2224 669 2252 in
683 2225 794 2270 castra]
835 2224 930 2254 Dolet
945 2224 1065 2255 Grono-

382 2265 450 2296 vius
471 2265 601 2313 otiosam
624 2265 809 2314 particulam
831 2274 876 2303 ut,
900 2277 968 2308 quse
992 2273 1067 2298 nata

382 2308 504 2340 videtur
517 2319 555 2339 ex
572 2307 609 2338 iis
623 2318 692 2349 quae
715 2309 851 2350 proxime
875 2309 1065 2351 prmoedunt,

383 2363 469 2393 quam
484 2360 517 2381 ut
532 2352 679 2383 suadeam.

428 2395 448 2425 6
471 2394 591 2434 Recepit
620 2405 647 2424 se
675 2401 869 2436 transgressus
900 2395 1065 2436 Phrygiam

384 2437 513 2478 amnem]
570 2437 653 2477 Lege
687 2447 757 2468 cum
794 2438 949 2469 Gronovio
985 2445 1067 2469 trans

388 2480 556 2521 Phrygium
577 2491 700 2511 munem.
746 2481 778 2510 Is
801 2480 899 2510 amnis
919 2482 1065 2512 0518113-

386 2523 470 2560 boni,
494 2523 514 2554 l.
536 2522 635 2553 XIII.
663 2533 693 2564 p.
722 2523 796 2553 626.
825 2523 919 2554 veteri
944 2525 1066 2555 nomine

386 2566 512 2614 Hyll.us
555 2566 594 2596 111
620 2565 769 2595 Hermum
791 2565 955 2596 delabitur.
1000 2567 1065 2597 Pli-

383 2608 464 2645 nius,
487 2609 509 2639 l.
531 2609 572 2639 V.
593 2619 621 2638 e.
643 2609 696 2638 29.
728 2607 880 2649 Phrygem
906 2609 945 2639 ab
968 2609 1065 2650 115110

382 2632 537 2683 diveisum
550 2651 633 2682 facit.

425 2696 444 2725 7
480 2695 531 2725 Sex
565 2693 682 2734 cubitis]
734 2694 803 2724 Jac.
841 2694 1014 2725 Gronovius
1047 2706 1064 2725 0

381 2737 540 2769 'rhuanaeo
561 2737 727 2778 legendum
751 2741 855 2767 monet
877 2748 923 2767 scr
945 2739 1060 2767 cubita.-

382 2785 414 2809 ut
440 2780 518 2811 infra
539 2791 566 2811 c.
592 2781 643 2811 40.
668 2781 763 2819 longos
784 2785 926 2819 quaterna
952 2781 1061 2811 cubita.

380 2824 460 2855 Sane
470 2823 535 2863 jam
550 2822 777 2855 observavimus
791 2821 830 2853 ad
846 2823 865 2854 Ι.
881 2823 971 2855 xxi.
988 2835 1015 2855 c.
1031 2826 1060 2854 8.

1109 2229 1141 2255 et
1163 2224 1286 2255 XXXI.
1303 2234 1331 2254 c.
1349 2224 1402 2254 34.
1431 2222 1554 2254 Livium
1577 2222 1670 2254 malle
1691 2222 1737 2253 uti
1759 2223 1790 2254 in

1110 2267 1261 2297 mensuris
1275 2271 1383 2307 quarto
1400 2276 1485 2301 casu,
1500 2275 1593 2306 quam
1608 2272 1703 2297 sexto.

1154 2309 1424 2350 8⁸Romanorum]
1470 2307 1604 2339 Videtur
1633 2314 1704 2339 ante
1733 2309 1790 2340 hoc

1110 2362 1222 2383 nomen
1237 2352 1387 2383 excidisse
1401 2351 1509 2383 vocula
1523 2357 1560 2382 et.

1152 2396 1172 2426 9
1195 2396 1354 2435 Aliquanto
1374 2396 1525 2434 pauciores
1545 2395 1597 2434 qui
1620 2395 1650 2424 in
1670 2397 1791 2426 statione

1109 2444 1205 2476 erant,
1227 2440 1285 2468 duo
1308 2444 1422 2467 mutum
1444 2437 1537 2466 millia
1559 2447 1611 2476 per
1625 2437 1667 2478 se]
1698 2438 1789 2469 Hanc

1109 2481 1272 2512 lectionem
1297 2479 1555 2521 elegantissimam
1577 2480 1713 2521 profecto
1737 2491 1790 2512 ex-

1110 2523 1195 2554 hibet
1222 2523 1305 2554 Vict.
1333 2522 1440 2557 codex,
1471 2521 1527 2552 nisi
1556 2523 1638 2563 quod
1669 2523 1789 2565 praefert

1109 2565 1160 2603 tic,
1176 2566 1207 2596 id
1229 2571 1286 2601 est,
1303 2573 1408 2601 minen,
1423 2576 1477 2606 pro
1500 2572 1623 2595 tantum.
1669 2566 1730 2597 Sed
1754 2565 1789 2597 ‘rb

1109 2615 1223 2639 tantum
1259 2608 1463 2649 praeferebant
1490 2608 1565 2639 editi
1593 2613 1664 2639 ante
1694 2609 1789 2640 Gele-

1108 2652 1203 2686 nium,
1218 2651 1283 2692 ipso
1298 2656 1384 2682 teste.
1430 2651 1469 2681 Et
1490 2651 1542 2682 alii
1557 2661 1679 2692 quoque
1694 2652 1789 2683 MSS.

1107 2695 1177 2725 Jac.
1193 2694 1349 2725 Gronovio
1363 2694 1520 2725 memorati
1542 2704 1650 2736 parum
1674 2694 1788 2726 abeunt

1106 2737 1145 2767 ab
1169 2747 1206 2768 ea
1229 2736 1379 2778 scriptura
1404 2747 1498 2777 quani
1523 2742 1786 2779 reproesentamuS.

1106 2779 1254 2810 Gelenius
1280 2791 1348 2810 eain
1378 2780 1534 2811 invexerat
1561 2791 1653 2821 quam
1681 2785 1784 2822 postea

1105 2822 1236 2855 editores
1284 2823 1379 2856 secuti
1428 2824 1564 2855 fueraut:
1624 2824 1786 2864 Aliquanto
