1947 3222
189 280 228 313 U.
244 279 283 312 C.
292 281 366 314 570.
398 270 528 324 der-,e7
555 268 628 316 7766
653 281 697 316 ut
724 267 878 329 legatus
903 267 1083 316 mitterer
1110 269 1296 326 Romam,
1322 276 1441 329 petii.
1473 289 1498 314 a
1519 280 1558 315 te
1584 276 1721 316 missus
1750 276 1811 316 ire

402 165 476 205 468
927 167 1067 206 ΤΙΤΙ
1116 160 1284 204 ΕΠῙῙΙ
1342 159 1347 162 ”

185 323 226 354 Α·
243 323 364 357 0182.
398 345 478 372 77077
499 333 689 374 recusavi.
720 339 888 398 utroque
907 339 1083 385 tempore
1110 334 1171 373 ita
1194 347 1252 373 me
1273 334 1424 387 gessi,
1416 346 1465 372 776
1484 332 1561 372 tibi
1575 333 1737 385 pudori,
1760 347 1811 373 776

396 403 520 443 regno
540 397 623 440 tuo,
645 404 694 430 ne
710 391 826 444 genti
847 390 1113 430 Macedonum
1144 404 1275 430 essem.
1334 391 1480 442 Itaque
1499 390 1600 429 mihi
1619 403 1701 428 cum
1725 389 1809 429 Ro-

396 448 528 487 manis
547 447 737 487 amicitiae
755 460 894 487 caussa
915 453 957 486 tu
969 447 1119 499 fuisti,
1135 453 1269 498 paler.
1322 448 1466 495 Quoad
1484 452 1606 486 tecum
1627 446 1708 486 illis
1723 460 1812 499 pax

396 504 584 552 mauebit,
602 519 745 544 mecum
767 517 918 556 97709776
932 504 1076 556 gratia
1098 504 1196 544 erit:
1227 504 1265 543 si
1284 503 1423 544 bellum
1445 518 1524 544 esse
1544 503 1722 556 coeperit,
1740 504 1811 556 qui

395 560 516 611 obses,
539 561 607 615 qui
626 563 784 615 legatus
809 574 887 611 pro
913 565 1035 611 patre
1055 573 1134 599 77077
1165 559 1322 600 inutilis
1335 561 1426 612 fici,
1449 561 1551 601 idem
1573 560 1696 600 hostis
1727 561 1810 601 illis

396 619 613 658 acerrimus
633 631 714 657 era.
769 617 856 656 Nec
875 617 1007 665 1707176,
1029 623 1074 657 ut
1091 618 1223 670 prosit
1242 618 1344 657 7777177
1358 619 1501 671 gratia
1521 618 1808 667 Romanorum,

391 676 548 727 postulo
556 697 570 720 ,·
603 688 653 714 ne
673 674 788 723 obsit,
810 680 966 714 tantum
994 675 1197 727 deprecor.
1229 688 1298 714 7766
1319 675 1362 714 777
1384 674 1484 715 bello
1509 676 1643 728 coepit,
1665 688 1736 714 7766
1755 676 1812 714 7771

395 732 536 771 bellum
565 737 806 772 reservatur.
865 731 987 772 Pacis
1012 732 1167 786 pignus
1183 732 1276 785 fui,
1307 732 1365 771 ad
1385 744 1530 784 pacem
1560 733 1810 772 retinendam

393 789 549 841 legatus
568 789 706 829 missus
725 803 819 828 sum.
849 794 991 828 77677770
1012 803 1076 829 7·63
1090 789 1192 828 mihi
1210 803 1281 828 7766
1296 789 1456 842 gloriae,
1473 803 1543 828 7766
1562 789 1726 828 crimini
1743 789 1810 829 sit.

392 845 500 898 Ego,
521 847 559 886 si
588 847 687 900 quid
713 846 826 898 inpie
854 846 896 886 in
929 852 981 895 te,
1002 852 1134 899 pater,
1156 846 1193 886 37
1220 847 1320 899 quid
1346 846 1536 886 scelerate
1566 847 1609 885 in
1624 846 1810 899 fratrem

392 903 548 951 admisi,
571 904 722 943 nullam
753 904 946 956 deprecm
968 917 1146 955 paenam.
1176 904 1214 944 si
1241 904 1425 943 innocens
1454 917 1551 952 377777,
1574 917 1623 942 776
1651 903 1809 942 invidia

391 960 647 1015 conflagrem,
668 973 783 1014 97777777
815 960 984 1000 crimine
1004 974 1083 999 77077
1104 961 1270 1012 possim,
1304 961 1504 1012 deprecor.
1566 959 1662 999 Non
1691 959 1810 999 hodie

389 1030 450 1057 me
471 1018 645 1069 primum
663 1017 812 1071 frater
842 1023 1018 1058 accusat:
1066 1019 1138 1057 sed
1165 1018 1284 1058 hodie
1304 1018 1480 1070 primum
1511 1022 1665 1069 aperte,
1697 1017 1808 1056 nullo

389 1087 473 1114 meo
494 1075 537 1114 777
557 1089 597 1115 36
619 1075 771 1114 merito.
831 1074 878 1115 Si
902 1075 1002 1114 mihi
1025 1081 1151 1127 paler
1177 1081 1427 1123 succenseret,
1451 1080 1489 1114 te
1508 1072 1808 1127 majoremfra-

388 1136 487 1171 trem
502 1145 583 1184 pro
603 1132 756 1172 minore
775 1132 988 1184 deprecari
1007 1131 1226 1184 oportebat,
1244 1138 1283 1171 te
1302 1131 1594 1181 adolescentiae,
1612 1137 1652 1171 te
1671 1132 1806 1171 errori

388 1189 546 1228 veniam
577 1188 804 1241 impetrare.
836 1187 918 1228 ⁴⁹in
940 1204 996 1236 eo,
1020 1188 1088 1228 ubi
1112 1189 1351 1240 praesidium
1382 1204 1462 1229 esse
1491 1188 1712 1241 oportebat,
1747 1188 1807 1228 ibi

388 1246 553 1285 exitium
596 1252 666 1286 est,
723 1244 807 1285 ⁵⁰E
839 1245 1013 1286 convivio
1052 1251 1090 1286 et
1131 1246 1494 1286 comissationibus?
1523 1259 1654 1298 prope
1687 1246 1803 1285 semi-

385 1316 541 1343 somnus
561 1310 703 1355 raptus
722 1316 802 1343 sum
825 1303 883 1342 ad
895 1316 1072 1343 caussam
1088 1304 1316 1355 parricidii
1335 1303 1556 1343 dicendam.
1587 1302 1712 1343 ⁵¹siue
1732 1304 1804 1342 ad-

350 1359 353 1361 ’
385 1361 551 1408 vocatis,
572 1361 658 1400 37776
671 1361 876 1412 patronis,
899 1360 985 1412 ipse
1000 1373 1078 1412 pro
1100 1373 1157 1399 me
1178 1360 1310 1400 dicere
1329 1375 1457 1413 cogor.
1515 1359 1604 1400 ⁵²Si
1616 1374 1697 1412 pro
1718 1361 1804 1399 alio

384 1417 594 1457 dicendum
614 1423 723 1465 esset,
747 1423 898 1467 tempus
924 1418 981 1457 ad
999 1417 1293 1457 7776717’777777177777’ι
1315 1423 1352 1457 et
1373 1418 1681 1470 componendam
1709 1431 1802 1456 ora-

383 1473 530 1513 tionem
549 1475 780 1524 sumsissem,
801 1473 956 1528 ⁵³quum
978 1475 1078 1527 977771
1104 1474 1235 1523 aliud,
1257 1488 1374 1527 quam
1403 1474 1559 1527 ingenii
1572 1473 1714 1528 fama,
1730 1488 1803 1526 pe-

383 1531 621 1572 riclitarer?
661 1532 851 1585 Ignarus,
874 1532 974 1585 quid
991 1531 1201 1572 arcessitus
1222 1545 1353 1581 essem,
1375 1538 1414 1571 te
1435 1532 1582 1571 iratum
1603 1537 1640 1571 et
1652 1530 1798 1583 juben-

382 1593 457 1628 tem
479 1584 612 1628 dicere
630 1603 821 1637 caussam,
828 1590 1011 1642 fratrem
1032 1594 1278 1628 accusantem
1299 1589 1455 1629 audivi.
1513 1588 1593 1629 Ille
1612 1590 1683 1628 diu
1703 1594 1799 1628 ante

375 1652 635 1698 praeparata,
658 1647 852 1686 meditata
881 1647 924 1686 in
951 1660 1011 1686 me
1040 1647 1224 1686 oratione
1251 1652 1308 1686 est
1328 1660 1440 1686 usus:
1472 1660 1543 1699 ego
1570 1647 1615 1686 iel
1639 1651 1795 1686 tantum

381 1704 585 1755 temporis,
608 1717 683 1756 9770
703 1709 909 1744 accusatus
933 1717 1031 1752 sum,
1053 1704 1110 1743 ad
1133 1704 1452 1756 cognoscendum,
1474 1704 1574 1757 quid
1592 1709 1793 1756 ageretur,

380 1759 515 1800 habui.
582 1761 726 1800 Utrum
756 1766 948 1800 momento
979 1761 1048 1801 illo
1068 1761 1180 1800 horae
1198 1766 1462 1800 accusatorem
1494 1761 1706 1799 audirem?
1739 1774 1793 1799 7777

381 1817 643 1870 defensionem
667 1818 914 1858 meditarer?
967 1817 1186 1857 Adtonitus
1207 1818 1418 1869 repentino
1439 1823 1558 1870 atque
1578 1817 1793 1869 inopinato

380 1875 500 1924 malo,
537 1875 619 1924 vix,
658 1875 757 1927 quid
790 1873 1039 1927 objiceretur,
1078 1874 1303 1926 inlelligere
1331 1875 1471 1926 potui:
1518 1875 1657 1913 7767177777
1692 1875 1793 1914 satis

377 1932 516 1979 sciam,
539 1944 615 1984 9770
636 1932 749 1970 modo
773 1946 832 1971 me
851 1937 980 1970 tuear.
1043 1931 1154 1977 Quid
1172 1931 1271 1970 mihi
1290 1932 1376 1983 spei
1396 1937 1507 1979 esset,
1530 1931 1608 1971 uisi
1628 1937 1791 1983 patrem

364 1986 545 2041 judicem
566 1986 778 2028 haberem?
807 1990 918 2041 apud
937 2002 1047 2041 quem
1069 1988 1229 2028 etiamsi
1248 1990 1422 2027 caritate
1442 2003 1466 2027 a
1475 1988 1623 2041 fratre
1642 1987 1793 2041 maJ'ore

377 2045 529 2093 vincor,
554 2044 827 2085 misericordia
848 2050 951 2085 certe
972 2059 1059 2085 reus
1079 2045 1186 2085 vinci
1206 2059 1284 2084 77077
1307 2045 1435 2085 debeo.
1496 2046 1588 2099 Ego
1608 2046 1726 2093 enim,
1748 2051 1792 2084 ut

376 2116 437 2142 me
457 2102 554 2142 mihi
573 2102 723 2157 tibique
742 2116 805 2142 ser
808 2117 884 2150 ves,
902 2116 1066 2154 precor.
1099 2103 1181 2150 ille,
1203 2108 1246 2142 ut
1267 2117 1325 2141 me
1347 2103 1388 2142 in
1410 2103 1659 2142 secmztatem
1680 2116 1791 2143 suam

376 2159 544 2209 occidas,
561 2161 753 2212 postulat.
818 2158 930 2207 Quid
949 2173 1046 2207 eum,
1069 2173 1185 2222 97777777
1206 2173 1368 2213 mgnum
1391 2159 1429 2199 ei
1448 2159 1696 2211 tradideris,
1700 2160 1790 2224 fac·

379 2221 507 2256 turum
538 2217 668 2257 6767173
689 2231 732 2256 777
754 2220 827 2256 7776τ
849 2231 941 2266 6336,
964 2218 1034 2270 qui
1045 2215 1139 2268 jam
1161 2230 1264 2256 7777776
1295 2217 1491 2270 sano-nine
1517 2230 1601 2256 77760
1624 2216 1703 2256 sibi
1724 2230 1786 2256 777-

376 2273 536 2327 dulrreri
555 2287 705 2327 7697777777
728 2277 885 2313 6677367ρ

460 2368 475 2393 Ρ
491 2365 685 2395 comissatione
700 2364 790 2395 CreV.
876 2367 892 2392 <1
906 2365 1102 2395 meditandam
1118 2363 1216 2397 Grou.
1232 2363 1326 2395 Crev.
1414 2368 1426 2384 ¹·
1440 2365 1470 2393 in
1489 2374 1530 2393 me
1545 2362 1605 2393 del.
1622 2362 1709 2394 Eaed.

417 2439 457 2469 49
482 2438 516 2468 In
541 2449 571 2468 eo
592 2439 642 2467 771ιὶ
665 2438 832 2477 presidium
857 2460 865 2468 .
883 2460 890 2467 .
907 2459 914 2467 .
938 2438 976 2467 ihi
998 2439 1055 2467 erci-
1100 2439 1264 2468 Advocatus
1287 2442 1331 2468 est
1355 2437 1379 2467 is
1401 2435 1453 2477 qui
1477 2434 1550 2465 ades
1554 2441 1562 2463 1
1586 2445 1647 2470 reo,
1665 2441 1693 2465 et
1710 2447 1742 2467 se
1755 2437 1783 2468 ei

375 2482 445 2511 tium
471 2491 496 2510 e.
500 2482 526 2522 t]
572 2481 630 2510 11ae
654 2490 743 2511 voces
764 2482 795 2510 in
818 2491 848 2510 eo
871 2479 946 2510 nihil
972 2480 1055 2511 ahud
1100 2480 1202 2511 favere
1217 2490 1351 2527 praesens
1374 2484 1511 2510 testatur.
1560 2479 1715 2514 Patronus,
1731 2480 1783 2521 qui

373 2523 516 2555 videntur
553 2533 629 2557 6336,
659 2533 751 2564 quam
780 2522 943 2569 glossema,
973 2523 1055 2563 quod
1102 2533 1154 2565 pro
1169 2522 1316 2553 reodicit.

374 2567 413 2597 ad
436 2565 651 2608 explicandum
677 2565 711 2596 τὲ
733 2567 782 2595 uhi
806 2575 936 2606 margm1
960 2575 1054 2614 appo·
1142 2567 1182 2596 52
1207 2567 1242 2595 Si
1263 2575 1315 2604 pro
1334 2565 1391 2594 ali»
1413 2565 1474 2593 71777
1478 2574 1503 2592 77
1507 2565 1564 2593 {nm
1583 2564 1665 2604 esset]
1706 2564 1782 2595 Haec

372 2609 464 2640 situm
501 2609 532 2639 in
571 2613 688 2638 textum
734 2607 846 2639 deinde
873 2591 1053 2650 Nixrepsenit.
1098 2608 1196 2649 magis
1222 2608 1366 2639 decerent
1390 2607 1577 2641 Romanum,
1607 2611 1659 2636 aut
1685 2607 1782 2638 Athe-

374 2653 492 2683 Victor.
509 2650 603 2682 codex
617 2649 728 2680 on11tt1t
746 2652 786 2680 7‘11.
1098 2650 1234 2681 nicensem
1263 2649 1372 2684 civem,
1398 2659 1490 2690 quau)
1520 2660 1569 2690 reg
1560 2650 1599 2679 is
1628 2649 1778 2680 Macedo-

413 2696 455 2725 50
489 2695 515 2725 Ε
540 2694 666 2724 conrwizi»
693 2699 721 2722 67
750 2704 772 2722 ‹-
777 2694 833 2722 ’.377ιὶ
829 2693 958 2733 wanno]
1003 2692 1053 2724 sic
1098 2702 1171 2723 num
1195 2693 1302 2723 filium.
1348 2692 1459 2732 Neque
1482 2691 1562 2722 enim
1579 2691 1627 2721 hic
1644 2702 1707 2723 mos
1722 2692 1780 2723 fuit

371 2737 455 2769 Ἠοῖ.
472 2737 569 2768 codex
592 2741 622 2766 et
641 2735 802 2766 Andreas.
828 2735 1052 2776 meliusqunm,
1098 2735 1128 2765 in
1156 2746 1206 2775 reg„
1199 2746 1261 2765 ¹rum
1289 2734 1377 2770 aulis,
1403 2740 1436 2765 nt
1463 2745 1566 2765 eorum
1597 2734 1650 2764 filii
1672 2745 1782 2766 causas

369 2786 402 2810 ut
439 2780 542 2821 vulgo,
582 2780 666 2809 carni.
668 2779 831 2808 sationibus.
900 2777 1050 2818 quuitur
1093 2783 1225 2808 orarent.

368 2823 450 2853 enim
466 2822 504 2854 de
518 2821 730 2853 comissatione
752 2819 850 2852 noctis
873 2819 1048 2862 praeceden-
1134 2820 1313 2854 53'Quum
1345 2821 1414 2860 qnid
1451 2819 1551 2858 aliud]
1607 2819 1646 2849 Et
1675 2824 1779 2851 tamen

368 2864 415 2895 tis.
1092 2867 1176 2897 tunc.
1207 2862 1362 2904 quodnam
1399 2861 1482 2892 aliud
1511 2860 1680 2903 periculum
1710 2862 1775 2893 adi-

418 2920 437 2937 .)
420 2908 453 2937 51
471 2906 564 2937 *Sine
608 2908 762 2939 advocatis.
799 2908 858 2936 sim
887 2906 1046 2946 ι[7771777771]
1092 2915 1166 2939 rem.
1183 2917 1273 2946 quam
1292 2906 1329 2935 de
1345 2904 1459 2941 ingenii
1477 2904 1554 2935 fama
1567 2906 1581 2933 ?
