1947 3222
484 106 605 144 LlB.
634 104 791 143 XXXI.
839 105 912 142 CA
929 105 970 142 1².
1001 107 1192 144 XXXIV.
1487 114 1533 148 31

125 217 265 268 batur,
284 216 356 261 sed
371 215 594 272 gerebatur
609 215 697 271 jam
713 213 883 255 bellum.
908 229 983 270 per
1000 215 1337 258 Dassaretiorum
1353 219 1455 259 fines
1471 234 1540 260 ex-
1553 229 1595 261 U.
1606 229 1643 261 C.
1656 229 1733 260 552.

125 273 302 315 ercitum
331 272 525 321 ducebat,
558 271 833 321 frumentum,
865 271 980 327 quod
1017 286 1068 312 ex
1100 272 1285 314 hibernis
1318 272 1734 326 extule1·at,A·C·20⁰·

127 331 339 386 integrum
367 329 544 375 vehens3
578 327 694 383 quod
714 328 757 369 in
783 343 906 368 usum
937 328 1058 369 militi
1089 329 1188 370 satis
1213 339 1333 380 esset,
1356 333 1544 386 praeben-

129 387 243 428 tibus
263 386 383 442 agris.
446 384 614 440 Oppida
634 384 799 440 vicique
823 384 975 440 partim
997 385 1228 435 voluntate,
1251 387 1405 442 partim
1427 398 1543 430 metu

129 459 171 484 se
201 443 433 485 tradebant.
471 441 665 497 quaedam
696 442 738 481 vi
770 450 1027 497 expugnata,
1064 442 1260 498 quaedam
1293 443 1470 494 deserta,
1502 446 1545 485 in

131 509 291 541 montes
329 498 586 555 propinquos
626 498 934 553 refugientibus
974 499 1176 550 barbaris,
1214 499 1545 542 inveniebantur.

131 557 206 598 Ad
241 557 462 612 Lyncumc
499 555 650 597 stativa
684 556 825 611 posuit
860 571 991 612 prope
1026 556 1180 598 flumen
1219 558 1406 598 Bevum:
1449 558 1548 599 inde

130 613 432 654 frumentatum
454 612 563 653 circa
590 612 740 652 horrea
760 613 1096 654 Dassaretiorum
1117 613 1323 655 mittebat.
1386 614 1549 670 Philip-

131 685 211 726 pus
231 678 495 711 consternata
519 669 690 725 quidem
721 669 860 709 onmia
880 669 1001 720 circa,
1023 685 1306 726 pavoremque
1336 672 1549 726 ingentem

130 727 347 767 hominum
368 726 586 767 cernebat:
620 726 691 767 sed
712 741 862 782 parum
883 741 1053 781 gnarus,
1076 743 1202 783 quam
1230 736 1394 783 partem
1424 729 1551 784 petis-

131 792 193 825 set
222 783 381 832 consul,
411 783 517 824 alam
549 783 740 838 equitum
771 782 825 823 ad
854 784 1173 839 explorandum,
1197 799 1381 840 quonam
1411 785 1551 826 hostes

132 841 213 882 iter
242 840 534 889 intendissent,
572 839 695 881 misit.
760 839 879 880 Idem
913 855 1027 880 error
1062 841 1177 896 apud
1208 842 1418 882 consulem
1449 850 1550 884 erat.

136 898 322 938 Movisse
343 912 394 938 ex
414 896 597 937 hibernis
627 911 767 951 regem
798 897 969 944 sciebat,
991 912 1118 951 quam
1147 897 1357 952 regionem
1379 899 1552 954 petisset

135 954 341 1009 ignorans.
373 954 408 994 is
430 968 598 1009 quoque
620 952 880 1008 speculatum
910 953 1078 994 miserat
1109 954 1283 1008 equites.
1347 956 1430 996 Hae
1455 956 1552 996 duae

136 1011 213 1051 alae
249 1026 298 1051 ex
340 1010 518 1060 diverso,
555 1024 688 1065 quum
719 1008 793 1049 diu
823 1009 990 1050 incertis
1030 1009 1250 1051 itineribus
1285 1020 1448 1067 vagatae
1478 1028 1553 1068 per

139 1068 399 1108 Dassaretios
419 1074 568 1115 essent,
585 1066 755 1107 tandem
776 1065 819 1106 in
839 1081 971 1106 unum
992 1067 1071 1107 iter
1093 1078 1387 1110 convenerunt.
1440 1070 1553 1110 Neu-
1564 1085 1747 1126 Explorato-

138 1132 225 1165 tros
253 1123 417 1172 fefellit,
439 1132 487 1164 ut
517 1121 709 1163 fremitus
738 1123 887 1178 procul
915 1123 1132 1164 hominum
1163 1140 1454 1181 equorumque
1484 1138 1610 1167 ex-reS
1627 1129 1763 1161 Romani

139 1180 309 1221 auditus
339 1188 416 1228 est,
441 1180 580 1220 hostes
610 1179 958 1236 adpropinquare.
1023 1182 1179 1236 Itaque
1209 1181 1340 1237 prius,
1363 1198 1490 1238 quam
1510 1184 1553 1224 in
1564 1177 1594 1201 et
1610 1173 1760 1204 Macedo-

138 1245 406 1293 conspectum
457 1246 659 1285 venirent,
710 1252 840 1292 equos
890 1252 1088 1293 armaque
1138 1238 1422 1294 expedierant.
1480 1256 1554 1281 nec
1565 1225 1759 1292 ξὲξῑρῗὶῃξζῖ,

138 1309 269 1343 mora,
306 1294 380 1334 ubi
413 1294 597 1349 primum
633 1293 796 1334 hostem
830 1294 987 1344 videre,
1024 1295 1297 1336 concurrendi
1337 1297 1449 1338 facta
1479 1306 1554 1339 est.
1567 1308 1689 1332 eventu.

141 1351 269 1392 Forte
291 1359 331 1392 et
352 1365 525 1391 numero
550 1358 590 1391 et
613 1351 784 1400 virtute,
806 1359 954 1407 utpote
985 1351 1080 1392 lecti
1110 1353 1339 1408 utrimque,
1361 1354 1477 1395 haud
1496 1355 1556 1395 in-

139 1422 275 1470 pares,
293 1408 426 1463 aequis
446 1407 606 1448 viribus
628 1423 702 1463 per
722 1407 884 1463 aliquot
899 1408 1021 1449 horas
1038 1418 1294 1464 pugnarunt.
1343 1411 1558 1466 Fatigatio

141 1479 328 1519 ipsorum
369 1479 674 1519 equorumque,
715 1464 873 1505 incerta
911 1465 1099 1515 victoria,
1140 1466 1307 1507 diremit
1346 1468 1555 1522 proelium.

144 1521 425 1562 Macedonum
463 1520 746 1576 quadraginta
775 1522 951 1576 equites,
985 1523 1273 1563 Romanorum
1300 1524 1489 1579 quinque
1515 1533 1555 1566 et

142 1578 318 1632 triginta
347 1577 600 1618 ceciderunt.
662 1578 812 1633 Neque
833 1593 881 1618 eo
908 1579 1041 1633 magis
1071 1579 1276 1634 explorati
1307 1580 1556 1636 quidquam,

143 1633 186 1673 in
207 1649 293 1689 qua
312 1634 481 1689 regione
501 1642 635 1675 castra
663 1633 848 1675 hostium
879 1643 1028 1685 essent,
1051 1643 1125 1676 aut
1150 1635 1211 1675 illi
1232 1636 1286 1676 ad
1306 1652 1461 1692 regem,
1484 1646 1558 1679 aut

143 1690 188 1730 hi
203 1690 257 1730 ad
278 1690 487 1731 consulem
503 1690 750 1731 retulerunt.
775 1705 850 1746 per
871 1691 1109 1746 transfugas
1125 1692 1340 1747 cognitum
1357 1702 1432 1743 est,
1451 1710 1558 1750 quos

144 1746 289 1788 levitas
319 1747 594 1802 ingeniorum,
620 1747 675 1787 ad
704 1748 1009 1803 cognoscendas
1039 1749 1223 1790 hostium
1252 1765 1332 1800 res,
1354 1750 1396 1791 in
1426 1752 1557 1792 omni-

143 1803 224 1844 bus
244 1803 363 1844 bellis
383 1804 556 1859 praebet.

202 1861 430 1901 XXXIV.
464 1860 701 1916 Philippus,
724 1860 885 1916 aliquid
912 1870 953 1903 et
978 1862 1032 1903 ad
1063 1862 1277 1904 caritatem
1309 1880 1495 1915 suorum,
1518 1874 1559 1906 et

146 1925 194 1958 ut
215 1918 421 1973 promtius
436 1933 513 1973 pro
533 1933 581 1958 eo
603 1917 837 1973 periculum
858 1918 1036 1968 adirent,
1054 1928 1169 1961 ratus
1191 1921 1480 1976 profecturum
1503 1938 1558 1971 se,

146 1973 179 2014 si
200 1973 406 2029 equitum,
428 1974 502 2029 qui
524 1974 755 2015 ceciderant
777 1974 819 2014 in
841 1975 1119 2030 expeditione,
1139 1977 1469 2032 sepeliendorum
1490 1995 1561 2020 cu-

147 2045 236 2071 ram
265 2031 494 2080 habuisset,
516 2031 670 2071 adferri
701 2047 769 2072 eos
789 2031 832 2072 in
852 2041 987 2073 castra
1011 2033 1152 2089 jussit,
1175 2042 1223 2074 ut
1254 2036 1562 2091 conspiceretur

148 2087 201 2128 ab
231 2087 425 2128 omnibus
459 2087 617 2128 funeris
650 2088 793 2129 honos.
855 2088 973 2129 Nihil
1008 2098 1093 2131 tam
1121 2091 1327 2132 incertum
1365 2107 1440 2132 nec
1477 2101 1560 2134 tam
1575 2107 1766 2139 Macedones

147 2143 437 2185 inaestimabile
457 2152 534 2193 est,
556 2160 683 2200 quam
704 2144 829 2185 animi
850 2146 1146 2187 multitudinis.
1179 2148 1295 2203 quod
1314 2150 1562 2204 promtiores
1574 2155 1726 2198 terrentur

148 2201 202 2241 ad
238 2201 497 2241 subeundam
533 2216 697 2242 omnem
722 2202 1041 2243 ¹dimicationem
1074 2203 1299 2245 videbatur
1333 2206 1560 2257 facturum,
1574 2200 1751 2267 ξῖῗξξξῗὲῖ

149 2257 193 2298 id
212 2266 371 2299 metum
402 2257 701 2314 pigritiamque
730 2259 927 2300 incussit:
960 2275 1071 2309 nam,
1094 2262 1168 2316 qui
1189 2260 1357 2303 ⁵⁷hastis
1383 2263 1562 2319 sagittis·
1574 2290 1708 2309 suorum.

151 2330 234 2370 que
255 2322 295 2355 et
317 2330 411 2355 rara
441 2315 591 2355 lanceis
621 2315 796 2355 vulnera
824 2315 936 2357 facta
965 2317 1179 2367 vidissent,
1201 2333 1297 2359 cum
1321 2320 1480 2360 Graecis
1506 2320 1564 2360 Il-

150 2371 352 2427 lyriisque
377 2387 565 2427 pugnare
596 2371 775 2422 adsueti,
797 2380 1020 2428 postquam
1041 2374 1182 2428 gladio
1206 2376 1475 2431 Hispaniensi
1496 2377 1566 2417 de-

149 2435 344 2469 truncata
373 2443 547 2484 corpora
575 2428 756 2469 brachiis
776 2428 980 2479 abscisis¹',
1002 2438 1075 2471 aut
1097 2439 1186 2471 tota
1215 2434 1373 2473 cervice
1403 2433 1569 2475 desecta

151 2484 286 2525 divisa
315 2500 339 2525 a
368 2500 540 2541 corpore
577 2486 728 2541 capita,
759 2485 1030 2542 patentiaque
1060 2486 1230 2538 viscera,
1263 2498 1303 2530 et
1333 2489 1568 2531 foeditatem

152 2540 275 2582 aliam
305 2541 526 2582 vulnerum
557 2541 769 2591 viderunt,
791 2541 991 2584 adversus
1021 2559 1117 2599 quae
1143 2545 1227 2586 tela
1247 2561 1438 2602 quosque
1459 2547 1568 2586 viros

152 2598 428 2653 pugnandum
450 2605 570 2648 esset,
592 2599 734 2654 pavidi
765 2598 895 2654 vulgo
925 2600 1159 2642 cernebant.
1223 2603 1369 2658 Ipsum
1400 2617 1568 2658 quoque

459 2723 474 2740 Ε
490 2719 604 2760 Lycum
622 2719 721 2751 Gron.
738 2720 829 2751 Crev.
1001 2721 1017 2744 d
1031 2724 1157 2754 abscissis
1174 2722 1262 2754 Eaed.

198 2812 237 2842 37
269 2812 369 2843 Hastis
404 2816 584 2855 sagittisque,
614 2821 642 2845 et
674 2825 746 2844 rara
777 2816 842 2845 Ian·
886 2815 955 2856 gius
983 2821 1014 2846 et
1050 2817 1183 2847 validius
1217 2817 1309 2847 fuisse
1340 2816 1447 2853 telum,
1477 2829 1570 2860 quam

153 2855 225 2896 veis]
265 2855 349 2886 Hinc
376 2857 480 2896 colligi
502 2858 597 2889 debet
622 2858 752 2889 lanceam
776 2858 842 2888 lou-
887 2859 1009 2888 hastam.
1533 2874 1535 2877 ·
1555 2874 1557 2876 ¹
