1947 3222
504 125 628 163 Llss,
665 123 859 161 XXXIX.
897 127 1031 163 CAP.
1068 127 1214 165 XLIV.
1495 135 1569 175 439

145 237 316 286 euissct,
337 245 379 278 et
408 250 534 291 quam
560 233 717 274 multos
747 232 895 288 capitis
925 233 1141 275 damnatos
1161 236 1204 275 in
1233 237 1409 279 vinculis
1439 239 1562 281 habe-
1574 248 1754 281 U.C.568.

146 302 226 343 ret,
259 309 364 349 quos
396 291 526 333 securi
559 304 831 346 percussurus
861 299 978 330 esset.
1040 291 1156 331 Tum
1186 292 1298 334 illam
1328 296 1436 336 infra
1465 312 1561 338 eum
1574 291 1614 322 Α·
1626 291 1666 322 C.
1682 292 1754 323 184,

146 350 425 392 adcubantem
458 362 642 402 negasse,
680 361 880 401 umquam
916 346 1067 387 vidisse
1101 346 1393 405 ⁶⁰quemquam
1429 353 1561 394 securi

146 407 379 456 ferientem,
409 413 450 446 et
479 403 659 460 pervelle
687 402 731 443 id
763 402 915 444 videre.
976 403 1060 444 Hic
1091 403 1376 460 indulgentem
1407 419 1562 451 amato-

150 478 252 514 rem,
274 463 306 487 ⁶1
316 477 443 504 unum
467 476 518 502 ex
549 459 629 500 illis
659 459 831 509 miseris,
854 460 1018 501 adtrahi
1033 461 1214 517 jussum,
1237 464 1369 504 securi
1396 481 1562 520 percus-

144 520 259 562 sisse.
319 519 514 568 Facinus,
546 517 630 558 sive
660 532 708 557 eo
737 516 875 567 modO,
903 532 992 572 quo
1021 532 1163 559 censor
1192 517 1362 574 objecit,
1392 522 1490 573 sive,
1511 531 1560 565 ut

149 576 340 618 Valerius
368 574 512 624 tradit,
534 573 797 615 commissum
827 582 904 624 est,
933 589 1090 615 saevum
1120 583 1247 630 atque
1277 583 1421 619 atrox:
1453 578 1561 620 inter

145 633 297 689 pocula
316 641 444 688 atque
465 631 624 688 epulas,
649 630 719 672 ubi
749 630 879 671 libare
906 630 999 671 Diis
1019 630 1161 687 dapes,
1184 632 1258 673 ubi
1277 633 1381 675 bene
1401 637 1560 691 precari

144 705 236 731 mos
263 698 382 738 esset,
413 688 468 729 ad
498 687 780 744 spectaculum
809 688 933 729 scorti
962 688 1162 744 procacis,
1188 688 1229 730 in
1261 689 1352 731 sinu
1381 692 1560 734 consulis

144 746 396 796 recubantis,
432 753 653 786 mactatam
685 744 909 785 humanam
942 745 1154 786 victimam
1186 761 1296 787 esse:
1340 756 1380 790 et
1412 764 1560 790 cruore

129 818 328 845 „mensam
357 817 597 858 respersam.
659 802 712 842 In
741 809 927 842 extrema
956 802 1140 843 oratione
1178 803 1348 845 Catonis
1377 806 1559 848 conditio

142 860 344 910 Quinctio
372 860 521 909 fertur,
553 867 617 909 ut,
649 858 682 899 si
710 858 755 899 id
788 858 946 900 factum
982 867 1166 914 negaret,
1197 868 1430 917 ceteraque,
1461 878 1560 919 quae

136 917 376 973 objecisset,
407 915 663 972 fiffsponsione
689 914 930 957 defenderet
960 931 1068 957 sese:
1103 916 1165 957 sin
1195 916 1412 970 fateretur,
1444 919 1560 975 igno-

145 974 326 1014 miniane
365 989 441 1014 sua
479 987 732 1029 quemquam
773 972 1005 1013 doliturum
1044 981 1241 1024 censeret,
1283 989 1415 1030 quum
1454 977 1556 1033 ipse,

145 1030 243 1071 vino
271 1039 313 1073 et
345 1031 502 1071 Venere
532 1045 686 1080 amens,
718 1028 917 1084 sanguine
941 1030 1119 1071 hominis
1151 1030 1193 1071 in
1223 1031 1411 1073 convivio
1441 1032 1558 1075 lusis-

145 1090 232 1128 set?

203 1145 372 1185 XLIV.
405 1145 458 1185 In
497 1144 691 1199 equitatu
729 1142 1058 1198 recognoscendo
1095 1143 1188 1184 ⁶5L.
1218 1144 1403 1201 Scipioni
1444 1148 1558 1189 Asia-

142 1201 239 1258 geni
287 1201 478 1242 ademtus
526 1215 672 1256 equus.
722 1198 802 1240 ⁶4in
851 1199 1042 1240 censibus
1091 1216 1261 1258 quoque
1309 1202 1558 1259 accipiendis
1569 1214 1721 1262 severitas

142 1258 274 1299 tristis
294 1266 335 1299 et
363 1273 509 1313 aspera
537 1256 580 1298 in
609 1272 750 1298 onmes
769 1256 934 1297 ordines
954 1271 1128 1298 censura
1146 1258 1241 1299 fuit.
1304 1260 1600 1303 Ornamentaln
1614 1268 1718 1290 ceusu.

141 1323 186 1356 et
206 1322 363 1356 vestem
393 1314 637 1355 muliebrem
658 1323 699 1355 et
719 1313 924 1363 vehicula,
947 1328 1044 1369 quae
1064 1314 1211 1370 pluris,
1235 1330 1360 1370 quam
1382 1317 1557 1372 quinde-

139 1372 224 1413 cim
244 1371 424 1412 millium
445 1372 552 1420 aeris,
574 1379 723 1421 essent,
744 1369 777 1393 ⁶5
787 1370 829 1410 in
848 1385 1017 1421 censum
1040 1371 1194 1423 referre
1214 1372 1392 1425 viatores
1416 1375 1555 1430 jussit.

140 1428 243 1472 item
263 1428 469 1485 mancipia
487 1427 646 1470 minora
664 1427 784 1468 annis
803 1426 968 1484 viginti,
985 1442 1081 1484 quae
1100 1436 1195 1485 post
1215 1430 1453 1485 proximum
1475 1429 1557 1474 lus-

187 1594 232 1625 60
249 1593 427 1635 Quemquam
441 1596 535 1626 securri
539 1594 715 1637 ferientem]
740 1596 830 1628 Forte
871 1596 1049 1628 Gronovius
1074 1597 1096 1627 ἰ.
1124 1597 1186 1628 lv.
1210 1598 1249 1629 de
1276 1599 1350 1630 Pec.
1377 1600 1450 1631 vet.
1476 1610 1504 1631 c.
1529 1603 1558 1633 1.

134 1634 244 1676 feriri.
288 1637 504 1670 GRONOVIUS.

187 1680 227 1710 61
257 1679 356 1710 Unum
380 1692 412 1711 ez
438 1681 498 1711 illis
522 1681 647 1722 miseris]
682 1679 732 1712 Sic
762 1681 830 1722 qui-

144 1720 215 1752 dem
232 1722 391 1754 Gelenius.
435 1723 496 1754 Sed
509 1723 603 1754 nostri
614 1734 719 1755 omnes
734 1724 829 1767 scrip-

144 1763 169 1794 ti
190 1774 261 1795 cum
284 1765 368 1807 prius
391 1765 481 1797 editis
501 1778 596 1797 unum
619 1779 651 1798 ex
673 1769 828 1799 damnatis.

143 1806 363 1840 Gnoxovms.
410 1809 570 1840 consentit
582 1810 665 1840 Vict.
680 1810 786 1841 codex.

184 1850 417 1890 62¹Spom2'one
452 1852 619 1893 defenderet
654 1854 724 1894 sese]
763 1853 829 1884 De—

143 1891 283 1924 senderet
298 1903 375 1930 sese,
390 1895 570 1936 spondendo
584 1906 616 1926 se
638 1902 753 1927 certam
774 1907 828 1938 pe-

143 1934 244 1966 cuniae
280 1947 433 1968 summam
469 1937 623 1975 daturum,
655 1939 680 1969 si
717 1939 828 1970 veritas

143 1977 307 2010 criminum
334 1981 531 2021 probaretur:
569 1986 661 2022 atque
693 1981 737 2012 ita
764 1992 829 2012 rem

137 2019 260 2060 judicio
295 2023 492 2063 experiretur.
550 2023 650 2057 †Vid.
686 2030 749 2055 not.
788 2024 828 2055 ad

139 2064 163 2094 1.
178 2063 244 2095 III.
260 2074 288 2096 c.
302 2066 354 2095 23.

186 2107 227 2137 63
251 2107 289 2137 L.
303 2107 429 2147 Scipioni
453 2104 608 2151 Asiageni]
646 2109 737 2140 Hanc
763 2109 826 2140 lec-

140 2147 266 2186 tionem,
295 2160 364 2191 quae
400 2150 518 2192 aliquot
551 2151 733 2193 scriptorum
769 2158 826 2189 est,

141 2191 281 2233 pluribus
316 2193 446 2224 adstruit
480 2194 667 2231 Gronovius,
704 2195 727 2225 1.
764 2196 826 2227 IV.

142 2235 274 2266 Observ.
289 2246 318 2266 c.
331 2237 386 2268 25.
400 2241 431 2267 et
453 2237 562 2278 probat
574 2238 731 2278 ’Amyzvz
743 2238 826 2279 apud

142 2277 269 2308 Graecos
290 2278 372 2309 idem
396 2279 538 2315 valuisse,
555 2281 638 2322 quod
660 2281 743 2322 apud
759 2281 825 2312 Ro-

141 2329 250 2351 manos
270 2321 441 2352 Asiaticum.
487 2322 549 2353 Hic
572 2323 664 2364 igitur
685 2323 824 2364 intellige

141 2362 181 2399 L
205 2363 392 2406 Scipionem,
416 2365 539 2396 fratrem
567 2365 718 2397 Africani.
764 2367 822 2398 Ce-

142 2410 240 2436 terum
263 2407 405 2438 observat
430 2408 618 2439 Plutarchus
642 2408 777 2439 inustam
805 2420 825 2440 a

143 2447 262 2479 Catone
276 2449 413 2492 Scipioni
433 2446 575 2482 Asiatico
595 2456 700 2482 notam
722 2451 824 2482 crimi-

143 2489 319 2522 nationibus
344 2492 378 2524 in
406 2503 562 2525 censorem
587 2494 688 2536 ipsum
716 2505 824 2525 ansam

141 2531 273 2569 dedisse,
295 2533 455 2577 visumque
483 2547 553 2567 eum
579 2537 732 2568 memoriae
758 2537 823 2568 Sci-

141 2574 242 2615 pionis
255 2575 393 2608 Africani
406 2579 554 2611 insultare
568 2580 709 2611 voluisse.
739 2581 822 2611 Con-

143 2617 188 2654 fer
210 2623 359 2656 nostrum,
383 2620 406 2651 1.
428 2623 624 2654 XXXVIII.
649 2633 677 2654 e.
700 2623 752 2654 54.
775 2634 825 2654 su-

141 2669 208 2702 pra.

184 2703 227 2733 64
250 2703 289 2734 In
314 2705 440 2735 censibus
455 2727 464 2737 .
479 2728 487 2737 .
504 2729 513 2738 .
528 2730 536 2739 .
550 2709 740 2749 accipiendis]
786 2709 825 2739 In

143 2744 326 2786 accipienda
345 2747 494 2778 bonorum
518 2751 668 2792 cujusque
691 2751 825 2782 aestima-

145 2786 238 2823 tione,
267 2798 362 2830 quam
397 2789 479 2820 cives
502 2802 610 2824 omnes
638 2794 754 2826 deferre
784 2794 824 2826 ad

141 2839 284 2861 censores
296 2831 463 2864 debebant.
648 2845 654 2850 ·

184 2873 227 2904 65
251 2873 288 2904 In
312 2884 427 2906 censum
452 2875 562 2917 referre
584 2879 702 2911 viatore-5
714 2879 823 2920 jussit]

872 1639 1037 1670 emendat:
1083 1641 1114 1670 in
1149 1651 1265 1671 censum
1299 1641 1413 1683 defmw
1438 1645 1559 1682 juratos

864 1684 968 1722 jussit.
1013 1682 1115 1713 Primo
1141 1684 1251 1724 probat
1275 1684 1482 1727 compluribus
1503 1696 1556 1717 ex-

872 1725 983 1767 emplis
1014 1724 1080 1756 dici
1112 1725 1217 1756 solitos
1242 1727 1356 1769 deferre
1382 1730 1414 1759 in
1442 1740 1557 1759 censum

872 1778 924 1799 eos
948 1767 1001 1809 qui
1025 1768 1256 1810 profitebantur,
1281 1771 1392 1811 referre
1417 1782 1557 1803 censores

873 1811 1058 1853 accipientes
1095 1821 1239 1843 censum.
1298 1813 1378 1844 Inde
1421 1815 1557 1856 sequitur

872 1853 1040 1885 viatoribus
1060 1853 1111 1885 hic
1132 1855 1234 1885 locum
1255 1866 1317 1886 non
1333 1865 1410 1892 esse,
1426 1867 1556 1898 quorum

872 1907 934 1927 non
957 1903 1023 1928 erat
1049 1907 1105 1928 nec
1130 1897 1240 1939 referre
1262 1901 1294 1929 in
1319 1911 1446 1937 censum,
1473 1901 1556 1941 quod

871 1940 928 1970 soli
943 1950 1093 1976 censores,
1109 1946 1162 1971 aut
1176 1941 1284 1972 scribae
1298 1952 1336 1972 ex
1360 1953 1465 1973 eorum
1479 1954 1554 1974 auc-

870 1982 993 2014 toritate
1015 1983 1182 2019 faciebant,
1208 1994 1264 2015 nec
1289 1984 1403 2026 deferre
1431 1987 1462 2016 in
1488 1998 1554 2017 cen-

870 2036 945 2061 sum,
968 2025 1025 2056 nisi
1050 2036 1106 2056 sua
1128 2026 1263 2066 ipsorum
1284 2028 1377 2064 bona,
1404 2028 1554 2069 quemad-

871 2067 996 2098 modum
1013 2072 1044 2098 et
1064 2069 1156 2100 ceteri
1178 2068 1259 2099 cives
1279 2069 1380 2101 facere
1402 2071 1555 2112 cogeban-

869 2116 930 2140 tur.
973 2110 1073 2151 Igitur
1097 2111 1217 2153 reponit
1237 2112 1412 2143 Gronovius
1424 2116 1554 2155 juratos.

871 2153 1002 2184 Constat
1027 2154 1110 2185 enim
1135 2165 1173 2185 ex
1199 2154 1293 2185 Dion.
1319 2156 1423 2187 Halic.
1444 2158 1465 2188 l.
1492 2157 1554 2189 IV.

869 2195 952 2227 cives
964 2207 1070 2227 omnes
1087 2204 1210 2228 coactos
1224 2208 1290 2229 esse
1307 2198 1421 2239 jurare,
1437 2210 1470 2231 se
1483 2210 1553 2241 pos-

869 2239 1017 2271 sessiones
1041 2249 1113 2270 suas
1137 2250 1208 2271 vere
1230 2246 1261 2271 et
1283 2242 1366 2272 bona
1392 2242 1452 2273 fide
1472 2242 1553 2272 aesti·

867 2291 979 2313 masse.
1037 2283 1133 2313 Favet
1168 2283 1376 2315 emendationi
1404 2285 1552 2316 Gronovii

867 2334 948 2355 unus
971 2334 1009 2356 ex
1033 2325 1163 2356 Hearnii
1188 2326 1278 2357 codd.
1299 2327 1332 2357 in
1354 2338 1416 2368 quo
1441 2328 1553 2368 legitur

857 2368 1018 2405 juratores.
1063 2369 1132 2399 Hoc
1154 2378 1225 2409 ergo
1247 2368 1333 2400 triste
1355 2376 1386 2400 et
1409 2380 1551 2412 asperum

866 2409 925 2440 fuit
946 2410 977 2441 in
991 2410 1050 2441 hac
1074 2416 1160 2453 parte
1181 2422 1329 2447 censurae,
1345 2413 1441 2453 quod,
1454 2423 1550 2454 quum

869 2458 960 2484 antea
986 2459 1177 2489 ornamenta,
1203 2460 1235 2484 et
1263 2454 1356 2485 vestis
1379 2454 1550 2492 muliebris,

867 2501 898 2526 et
919 2496 1063 2527 vehicula
1084 2495 1189 2527 censui
1210 2507 1271 2527 non
1293 2497 1549 2534 adscriberentur,

869 2538 948 2569 Cato
969 2538 1062 2579 jussit
1084 2539 1216 2570 adscribi
1238 2550 1307 2581 qum
1334 2540 1432 2581 pluris
1455 2550 1549 2581 quam

867 2581 1043 2621 quindecim
1066 2581 1197 2612 millium
1213 2581 1288 2613 ‘aeris
1309 2588 1420 2618 essent,
1436 2589 1467 2613 et
1488 2588 1549 2613 ter-

870 2633 924 2654 nos
938 2623 970 2654 in
991 2624 1090 2656 millia
1112 2624 1179 2655 aeris
1201 2625 1350 2661 attribuit,
1376 2625 1407 2655 id
1430 2631 1486 2660 est,
1516 2625 1549 2656 in

869 2666 991 2708 singula
1013 2667 1081 2698 aeris
1103 2667 1200 2699 millia
1221 2674 1323 2699 ternos
1345 2667 1412 2697 aeris
1437 2667 1549 2708 gravis,

868 2709 932 2740 Sive
961 2716 1061 2741 ternos
1095 2711 1189 2741 veteri
1219 2709 1420 2741 aestimatione
1455 2719 1549 2745 asses,

868 2752 973 2783 tributi
1007 2752 1128 2783 nomine
1163 2753 1257 2793 pendi
1292 2752 1398 2782 voluit.
1455 2752 1551 2783 Porro

867 2794 1044 2836 quindecim
1085 2794 1182 2825 millia
1221 2794 1288 2825 aeris
1326 2794 1425 2832 gravis
1464 2794 1550 2835 paria

867 2838 1055 2868 aestimamus
1083 2837 1195 2867 marcis
1220 2836 1339 2877 argenti
1367 2836 1551 2879 nostratibus

867 2882 920 2911 23.
935 2891 1004 2910 cum
1020 2879 1121 2921 unciis
1132 2881 1163 2910 3.
1179 2878 1333 2910 semuncia
1352 2880 1380 2910 1.

932 2922 1043 2962 ΕΗ·
