1947 3222
495 107 618 144 LIB.
649 104 845 143 XXXIX.
888 105 1019 143 CAI’.
1053 107 1128 145 ΙΙΙ.
1444 112 1520 154 399

97 215 174 256 teri
212 216 331 257 effusi
369 231 528 267 rursus,
564 224 604 256 et
640 230 736 270 pars
769 214 953 255 maxima
992 214 1182 265 inermes,
1225 231 1299 272 per
1335 216 1446 259 invia
1479 228 1520 260 ct
1537 229 1716 262 U.C.565.

98 287 225 329 rupes
246 273 447 330 deruptas
466 272 778 330 praecipitantes
798 271 1017 327 fugerunt,
1040 286 1127 327 qua
1148 273 1266 328 sequi
1287 273 1419 315 hostis
1440 290 1521 316 non
1535 274 1575 304 Λ·
1591 273 1629 304 C.
1646 273 1716 303 187.

99 339 249 384 posset.
282 331 344 372 ita
363 342 476 372 trans
503 328 777 386 Apenninum
809 329 1017 370 abierunt.
1049 328 1124 384 qui
1145 330 1292 370 castris
1317 346 1358 371 se
1380 340 1523 373 tenue-

99 395 208 437 rant‚
241 386 496 429 circumsessi
527 387 761 443 expugnati
792 394 902 428 sunt.
966 386 1073 427 Inde
1103 394 1219 427 trans
1250 386 1293 426 A
1325 389 1523 429 enninum

98 443 240 487 ductae
267 444 458 501 legiones.
491 443 550 486 ibi
571 443 739 494 montis,
761 459 889 500 quem
915 451 1126 499 ceperant,
1148 443 1273 485 altitu
1307 443 1374 485 ine
1404 446 1525 501 paul-

100 500 227 557 lisper
254 517 296 543 se
327 501 469 553 tutati,
491 516 589 543 mox
621 500 663 542 in
694 501 950 543 deditionem
981 508 1285 542 concesserunt.
1317 508 1410 543 tum
1432 517 1528 543 con-

99 558 257 614 quisita
275 572 371 599 cum
391 558 616 600 intentiore
638 574 739 600 cura
759 574 888 609 arma,
910 566 952 600 et
972 558 1114 599 omnia
1134 558 1313 600 ademta.
1367 559 1408 599 Τ
1411 574 1527 600 rans·-
1558 560 1560 564 ’

100 615 231 657 latum
263 614 414 656 deinde
444 616 497 657 ad
531 617 737 672 Apuanos
768 615 950 671 Ligures
980 615 1165 664 bellum3
1204 615 1280 672 qui
1306 615 1349 656 in
1376 631 1527 672 agrum

101 671 301 713 Pisanum
343 673 735 729 Bononiensemque
769 674 830 715 ita
868 672 1198 724 incursaverunt,
1235 681 1284 714 ut
1324 673 1403 714 coli
1443 689 1526 715 non

97 737 248 784 posset.
311 730 394 771 His
424 747 597 787 quoque
628 730 887 785 perdomitis,
908 730 1054 772 consul
1084 746 1228 787 pacem
1253 730 1370 772 dedit
1401 731 1529 772 finiti-

97 785 189 826 mis.
227 794 284 837 et,
316 789 431 842 quia,
462 804 487 829 a
516 788 628 830 bello
662 789 807 845 quieta
843 797 890 830 ut
920 796 1027 830 esset
1057 787 1286 844 provincia,
1318 787 1528 840 effecerat,

98 857 150 883 ne
179 844 224 886 in
253 845 342 886 otio
365 845 541 887 militem
571 845 759 896 haberet,
782 845 915 887 ‘¹viam
945 862 970 887 a
1002 845 1192 886 Bononia
1220 845 1423 902 perduxit
1446 846 1530 886 Ar-

98 900 264 943 retium.
327 903 392 943 M.
411 903 612 944 AEmilius
642 903 748 945 alter
772 903 918 944 consul
938 918 1061 959 agros
1083 902 1294 958 Ligurum
1316 903 1530 959 vicosque,

100 957 175 1012 qui
205 958 247 999 in
278 960 436 1016 campis
465 969 539 1002 aut
570 961 751 1003 vallibus
780 969 914 1011 erant,
936 960 1037 1017 ipsis
1067 967 1230 1001 montes
1261 959 1368 1001 duos
1400 960 1532 1001 Balis-

100 1022 187 1056 tam
231 1017 624 1074 Suismontiumque
665 1018 919 1067 tenentibus,
961 1016 1120 1059 deussit
1161 1017 1531 1073 depopulatusque

99 1079 178 1114 est.
209 1074 361 1115 deinde
382 1091 466 1126 eos,
488 1075 561 1131 qui
589 1076 633 1116 in
655 1075 869 1117 montibus
898 1082 1032 1124 erant,
1054 1073 1243 1123 adortUS,
1265 1075 1403 1130 primo
1432 1074 1531 1115 levi-

100 1129 182 1171 bus
216 1131 375 1188 proeliis
409 1132 631 1188 fatigavit3
676 1140 889 1188 postremo
923 1139 1088 1173 coactos
1122 1131 1166 1171 in
1199 1130 1328 1172 aciem
1364 1131 1532 1172 descen-

101 1186 201 1228 dere
225 1189 346 1244 justo
374 1189 524 1245 proelio
554 1189 732 1231 devicit:
769 1189 813 1229 in
841 1204 928 1245 quo
958 1196 1022 1230 eta
1051 1187 1183 1229 aedem
1216 1187 1370 1229 Dianae
1400 1187 1530 1230 vovit.

103 1244 298 1287 Subactis
327 1246 386 1287 cis
407 1246 681 1302 Apenninum
702 1245 912 1297 omnibus,
934 1254 1026 1288 tum
1048 1252 1384 1287 transmontanos
1411 1245 1532 1287 ador-

101 1310 171 1342 tus
195 1302 256 1354 (in
276 1302 343 1344 his
363 1312 405 1345 et
425 1303 681 1345 ⁵Friniatesb
702 1303 884 1359 Ligures
905 1312 1038 1353 erant,
1060 1318 1168 1358 quos
1194 1317 1278 1344 non
1298 1303 1458 1344 adierat
1482 1304 1530 1344 C.

103 1358 359 1415 Flaminius)
382 1375 524 1402 omnes
550 1361 746 1402 AEmilius
777 1360 959 1416 subegit,
981 1375 1182 1416 armaque
1212 1360 1385 1411 ademit,
1407 1369 1450 1401 et
1480 1360 1533 1401 de

102 1417 318 1459 montibus
345 1419 388 1459 in
412 1433 580 1475 campos
610 1417 926 1460 multitudinem
958 1417 1149 1459 deduxit.
1212 1417 1378 1459 Pacatis
1400 1417 1534 1474 Ligu-

102 1473 236 1525 ribus,
268 1474 310 1516 in
344 1490 496 1532 agrum
534 1476 747 1516 Gallicum
782 1475 1014 1517 exercitum
1050 1475 1188 1516 duxit.
1229 1474 1448 1531 ⁶viamque
1478 1475 1532 1515 ab

106 1530 335 1583 Placentia,
368 1541 418 1574 ut
452 1533 672 1574 Flaminia:
708 1532 1002 1582 committeret,
1038 1531 1282 1573 Ariminum
1314 1531 1531 1588 perduxit.

106 1587 264 1630 Proelio
295 1589 457 1639 ultimo,
482 1605 568 1647 quo
589 1606 685 1631 cum
707 1589 943 1646 Liguribus
974 1589 1103 1645 signis
1123 1589 1297 1631 conlatis
1327 1588 1532 1640 conflixit,

103 1644 239 1687 aedem
272 1647 435 1688 Junoni
466 1647 643 1703 Reginae
675 1647 804 1689 vovit.
866 1647 974 1688 Haec
1004 1647 1047 1689 in
1078 1646 1315 1702 Liguribus
1346 1662 1395 1687 eo
1424 1661 1533 1687 anno

104 1710 234 1757 gesta.

166 1760 256 1801 ΙΙΙ.
291 1761 345 1803 In
372 1762 512 1803 Gallia
543 1763 606 1804 M.
631 1762 788 1803 Furius
817 1771 976 1819 praetor
1004 1761 1242 1803 insontibus
1265 1760 1529 1812 Cenomanis,
1544 1764 1735 1795 Cenomanis

102 1815 146 1857 in
176 1832 279 1874 pace
309 1820 489 1875 speciem
518 1820 617 1862 belli
649 1834 858 1876 quaerens,
880 1819 1092 1861 ademerat
1123 1834 1251 1860 arma.
1313 1819 1368 1860 Id
1398 1820 1531 1860 Ceno-
1543 1817 1629 1838 arma
1644 1807 1699 1838 ad-

1540 1856 1646 1893 empta
1660 1856 1692 1881 et

420 1906 435 1923 Β
449 1909 477 1934 et
493 1902 554 1934 del.
571 1903 669 1935 Gron.
685 1903 778 1935 Crev.
1540 1894 1674 1926 reddita-

908 1902 925 1926 b
941 1903 1091 1933 Briniates
1106 1902 1205 1934 Gron.

151 1978 172 2007 4
206 1977 289 2007 Viam
325 1989 344 2007 a
374 1977 507 2008 Bononia
537 1980 679 2018 perduxit
707 1980 797 2009 Arre—

110 2020 201 2061 tium]
239 2020 341 2051 Aliter
363 2021 485 2057 Strabo,
502 2021 556 2062 qui
577 2021 599 2052 1.
615 2023 656 2052 V.
677 2032 710 2064 p.
724 2022 800 2053 217.

109 2064 177 2094 vult
200 2063 283 2093 hunc
306 2063 496 2095 Flaminium
521 2064 690 2096 munivisse
715 2063 798 2095 viam

110 2107 150 2137 ab
176 2106 282 2137 Roma
308 2117 364 2148 per
391 2108 608 2150 Etrun'amsst
635 2107 798 2139 Umbriam

110 2149 151 2180 ad
166 2150 275 2180 urbem
291 2149 468 2182 Ariminum
485 2162 595 2193 usque.
640 2151 799 2182 Nimirum

107 2191 163 2223 ille
185 2192 318 2224 credidit
337 2194 491 2225 celebrem
512 2195 600 2226 illam
615 2201 647 2225 et
661 2206 680 2227 a
693 2193 800 2225 multis

110 2241 315 2268 memoratam
338 2236 526 2268 Flaminiam
549 2238 644 2274 viam,
660 2248 730 2279 quae
752 2248 800 2269 re-

111 2289 184 2310 vera
204 2280 244 2311 ab
261 2280 365 2311 Roma
387 2280 429 2312 ad
451 2280 630 2312 Ariminum
650 2281 802 2323 perducta

114 2320 224 2358 fuerat,
252 2323 405 2354 munitam
428 2334 495 2355 esse
526 2325 565 2355 ab
589 2324 648 2355 hoc
673 2324 800 2355 consule

116 2364 155 2395 C.
171 2365 336 2397 Flaminio.
380 2367 425 2397 At
439 2367 493 2398 illa
505 2378 582 2410 opus
595 2373 641 2399 est
656 2366 802 2398 Flaminii

115 2409 260 2445 censoris,
277 2408 362 2440 illius
384 2409 480 2452 ipsius
505 2410 559 2452 qui
581 2410 613 2442 in
634 2420 739 2452 pugna
762 2410 803 2441 ad

116 2450 340 2492 Trasymenum
367 2453 471 2484 lacum
493 2453 595 2496 periit,
621 2459 653 2485 et
678 2459 725 2484 est
746 2453 804 2483 hu-

111 2492 201 2534 jusce
215 2494 360 2526 Flaminii
381 2497 517 2528 consulis
538 2502 638 2540 pater.
681 2496 721 2528 Id
744 2502 804 2528 tes-

115 2541 222 2567 tantur
257 2538 460 2571 Cassiodorus
496 2546 528 2571 et
557 2541 679 2572 Festus.
731 2539 806 2570 Vid.

117 2588 210 2621 supra
223 2579 244 2610 1.
261 2581 335 2611 XX.
349 2592 376 2612 c.
391 2584 444 2614 58.
471 2584 514 2614 Et
534 2583 638 2614 firmat
658 2582 724 2625 ipse
748 2583 802 2613 Li·

117 2623 198 2657 vius,
221 2622 295 2653 dum
319 2624 507 2657 mentionem
529 2626 614 2662 facit,
641 2626 664 2656 l.
690 2626 804 2657 XXII.

117 2675 145 2696 c.
173 2667 222 2696 ll.
252 2666 351 2697 multo
373 2674 446 2699 ante
468 2668 534 2700 haec
559 2675 709 2712 tempora,
733 2669 806 2700 Fla-

120 2709 225 2739 miniae
241 2708 312 2744 viae,
325 2709 402 2741 etin
417 2721 454 2742 ea
466 2712 552 2743 urbis
568 2712 719 2747 Ocriculi,
736 2722 806 2754 quae

119 2753 193 2783 urbs
228 2751 261 2782 in
300 2752 463 2784 Itinerario
497 2765 619 2796 quoque
654 2755 807 2787 Antonini

119 2795 221 2838 prima
240 2796 370 2827 occurrit
386 2796 418 2826 in
434 2796 589 2830 Flaminia
610 2799 662 2830 via
681 2799 722 2830 ab
737 2799 805 2830 Ro-

118 2849 170 2869 ma
185 2838 361 2869 Ariminum
376 2839 534 2872 euntibus.

162 2883 182 2912 5
203 2881 355 2914 ‘Friniates
383 2883 525 2924 Ligures]
572 2883 702 2925 Vulgati
730 2884 804 2915 olim

841 1978 1001 2010 habebant
1027 1979 1198 2009 Frisz'nates.
1243 1978 1359 2019 sigonii
1384 1985 1471 2010 vetus
1492 1979 1530 2010 li-

841 2022 908 2058 ber,
938 2022 1005 2064 ipso
1041 2027 1130 2057 teste,
1162 2021 1321 2056 Friniates,
1349 2022 1433 2064 quod
1465 2022 1532 2064 ipse

842 2065 975 2096 mutavit
998 2065 1030 2095 in
1059 2064 1226 2095 Briniates:
1261 2064 1316 2095 sed
1342 2065 1429 2096 nullo
1456 2065 1532 2097 satis

841 2107 946 2139 valido
982 2113 1138 2138 momento
1175 2107 1340 2138 adductus.
1392 2108 1532 2149 Intelligi

842 2150 925 2182 enim
951 2156 1080 2193 possunt
1106 2151 1128 2182 ii
1156 2150 1340 2181 Friniatium
1367 2150 1530 2192 Ligurum,

843 2204 921 2235 quos
947 2194 1119 2225 Flaminius
1148 2204 1211 2224 non
1240 2194 1371 2225 adierat.
1423 2194 1531 2236 Atque

843 2237 914 2268 ideo
937 2237 1080 2268 nimirum
1107 2237 1222 2279 adjecit
1244 2237 1352 2268 Livius
1373 2248 1469 2268 onmes
1491 2239 1531 2269 ab

845 2280 975 2311 AEmilio
1004 2281 1159 2317 subactos
1190 2280 1275 2322 quod
1308 2290 1381 2322 pars
1409 2286 1531 2312 tantum

844 2334 947 2355 eorum
965 2334 984 2355 a
996 2323 1151 2355 Flaminio
1166 2323 1285 2354 domita
1299 2324 1410 2354 fuerat.

888 2368 909 2398 6
936 2367 1074 2408 Viamque
1095 2369 1131 2397 ab
1159 2367 1326 2403 Placentia,
1355 2373 1390 2397 ut
1419 2366 1534 2397 Flamin

845 2412 902 2441 πίω
934 2412 1134 2446 committeret,
1172 2411 1343 2441 Ariminum
1375 2411 1532 2451 perduxit]

848 2454 928 2484 1-1aec
952 2458 999 2484 est
1027 2453 1078 2484 via
1104 2453 1247 2489 AEmilia,
1271 2463 1341 2494 quae
1365 2452 1459 2484 etiam
1485 2464 1534 2484 re-

849 2495 933 2538 gioni
959 2506 1073 2527 nomen
1102 2495 1199 2527 dedit.
1252 2496 1397 2527 Ceterum
1424 2501 1534 2527 notan-

851 2539 926 2571 dum
950 2544 997 2570 est
1018 2538 1069 2570 hic
1091 2549 1212 2570 rursum
1234 2539 1395 2570 dissentire
1414 2550 1433 2570 a
1447 2539 1538 2570 Livio

845 2583 1041 2618 Strabonem,
1071 2581 1126 2624 qui
1153 2582 1248 2613 tradit
1274 2582 1440 2612 AEmilium
1468 2592 1536 2612 mu-

846 2625 960 2657 nivisse
974 2625 1058 2657 viam
1073 2626 1113 2656 ab
1128 2625 1271 2658 Arimino
1287 2624 1472 2659 Bononiam,
1490 2630 1537 2655 at-

849 2680 910 2710 que
931 2668 1005 2699 inde
1019 2669 1198 2711 Aquileiam
1223 2679 1331 2709 usque.
1377 2668 1421 2698 Ut
1434 2672 1469 2697 ut
1484 2666 1534 2702 sit,

849 2712 900 2743 hie
915 2712 1072 2743 Flaminia
1085 2711 1137 2742 via
1150 2710 1331 2753 accipienda
1345 2715 1392 2740 est
1413 2719 1451 2739 ea
1465 2719 1535 2750 qum

851 2755 891 2786 ab
914 2756 1019 2786 Roma
1040 2755 1217 2786 Ariminum
1240 2753 1387 2787 ducebat,
1414 2762 1475 2782 non
1497 2763 1536 2784 ea

849 2809 944 2840 quam
969 2799 1092 2839 collega
1112 2797 1205 2836 hujus
1224 2795 1347 2826 AEmilii
1363 2794 1536 2826 Flaminius

850 2852 869 2873 a
893 2841 1037 2873 Bononia
1060 2840 1220 2872 Arretium
1243 2836 1420 2880 perduxisse
1442 2838 1536 2869 modo

849 2890 1036 2916 memoratus
1057 2888 1115 2914 est.
1149 2880 1258 2912 *Vide
1275 2880 1296 2911 l.
1312 2881 1424 2911 XXII.
1439 2891 1467 2912 c.
1485 2882 1534 2913 ll.
