1947 3222
107 375 273 415 Quinctius

108 421 140 451 in
158 417 307 450 Macedo-

108 472 202 494 mam.

131 1339 276 1371 Consulis
290 1344 322 1371 et

130 1382 267 1425 Philippi

125 1426 334 1468 conloquium.

310 94 358 133 56
858 89 988 128 TITI
1030 87 1189 126 L1V11

272 231 282 240 .
314 200 626 255 exercitumque
674 197 728 239 ab
770 197 821 238 L.
854 196 1038 239 Lentulo
1075 204 1307 252 acceptum,
1348 208 1473 251 quem
1513 193 1722 236 dimittere

274 273 283 289 ⁹
315 257 509 306 debebat,
541 254 710 312 praetori
743 253 942 301 tradidit;
985 254 1074 309 ipse
1103 253 1221 294 novis
1253 251 1498 307 legionibuS,
1529 265 1634 307 quas
1664 268 1724 293 se-

316 329 412 356 cum
451 312 699 360 adduxerat,
738 311 895 351 bellum
935 318 1142 366 gesturus.
1188 323 1322 364 neque
1356 307 1632 348 memorabilis
1666 310 1725 351 rei

318 370 551 427 quidquam
580 367 719 424 gessit.
780 368 839 408 Et
871 367 924 407 T.
949 365 1170 416 Quinctius
1199 365 1303 406 alter
1332 364 1476 405 consul
1507 365 1726 416 maturius,

318 442 445 484 quam
465 426 622 483 priores
643 424 752 465 soliti
779 431 895 465 erant
915 421 1116 471 consules,
1139 437 1164 462 a
1194 421 1417 462 Brundisio
1444 437 1577 477 quum
1599 430 1731 465 trans-

320 483 509 530 misisset,
533 483 759 537 Corcyram
779 479 915 521 tenuit
945 493 1041 519 cum
1061 486 1155 519 octo
1183 477 1367 519 millibus
1386 478 1593 533 peditum,
1615 480 1732 536 equi-

322 540 436 582 tibus
465 537 725 593 octingentis.
787 536 859 576 Ab
882 536 1066 590 Corcyra
1091 534 1134 574 in
1157 535 1348 590 proxima
1377 535 1498 590 Epiri
1526 536 1734 592 quinque-

323 596 425 638 remi
454 595 643 650 trajecit:
686 602 727 634 et
757 593 800 633 in
827 599 963 633 castra
992 592 1183 632 Romana
1208 591 1369 647 magnis
1394 591 1610 634 itineribus
1640 609 1736 634 con-

325 651 485 699 tendit3
527 651 623 692 inde
655 649 779 690 Villio
806 647 988 698 dimisso,
1018 662 1173 704 paucos
1203 656 1388 689 moratus
1423 648 1525 699 dies,
1558 649 1660 690 dum
1693 666 1736 693 se

327 709 458 765 copiae
486 708 539 749 ab
569 708 752 762 Corcyra
783 705 1127 761 adsequerentur,
1154 703 1368 745 consilium
1400 704 1563 755 habuit,
1591 715 1736 748 utrum

328 774 442 809 recto
473 764 620 806 itinere
654 778 728 819 per
763 770 898 803 castra
930 760 1113 802 hostium
1148 758 1294 800 ⁵⁴¹V1m¹³
1327 761 1461 801 facere
1493 772 1736 806 conaretur:

329 837 397 872 an,
418 836 470 862 ne
490 827 650 862 tentata
678 818 848 875 quidem
877 833 922 859 re
948 817 1055 859 tanti
1082 816 1234 858 laboris
1260 831 1307 857 ac
1333 816 1521 871 periculi,
1540 834 1615 874 per
1634 820 1741 862 Das-

332 877 501 925 saretios
531 875 671 932 potius
693 876 944 932 Lycumque
973 882 1069 915 tuto
1097 873 1275 914 circuitu
1298 873 1590 915 Macedoniam
1615 876 1743 918 intras

332 943 407 976 ret.
472 933 728 988 Vicissetque
748 947 796 973 ea
816 930 1032 981 sententia,
1053 930 1096 971 ni
1117 929 1338 979 timuisset,
1359 945 1426 981 ne,
1442 946 1576 986 quum
1596 947 1622 972 a
1640 934 1744 975 mari

333 991 498 1047 longius
524 989 768 1038 recessisset,
801 987 925 1029 misso
954 1003 977 1028 e
1008 986 1200 1028 manibus
1226 986 1360 1037 hoste,
1394 987 1426 1027 si
1462 986 1596 1042 (quod
1624 997 1748 1032 antea

334 1049 508 1102 fecerat)
542 1045 839 1088 solitudinibus
873 1043 1070 1099 silvisque
1091 1059 1132 1084 se
1153 1043 1283 1084 tutari
1318 1058 1391 1084 rex
1422 1044 1634 1094 voluisset,
1661 1047 1748 1088 sine

336 1105 423 1149 ullo
462 1104 613 1145 effectu
652 1110 773 1144 aestas
812 1101 1113 1143 extraheretur.
1173 1100 1418 1155 Utcumque
1457 1109 1562 1142 esset
1600 1102 1747 1158 igitur,

337 1161 408 1202 illo
439 1161 531 1218 ipso
562 1167 648 1200 tam
679 1158 824 1214 iniquo
850 1158 940 1199 loco
972 1156 1145 1213 adgredi
1176 1156 1338 1198 hostem
1369 1156 1539 1212 placuit.
1569 1160 1640 1200 sed
1664 1175 1750 1201 ma„

338 1219 403 1274 gis
429 1217 518 1259 fieri
538 1215 582 1257 id
611 1215 817 1272 placebat,
839 1229 981 1272 quam,
1002 1213 1213 1270 quomodo
1242 1213 1373 1264 fieret,
1393 1212 1533 1255 ³⁵satis
1558 1216 1751 1271 expedie-

339 1276 424 1319 bat.

399 1332 458 1372 X.
503 1332 605 1372 Dies
637 1330 916 1386 quadraginta
947 1329 1034 1370 sine
1065 1328 1152 1369 ullo
1185 1335 1335 1369 conatu
1372 1328 1559 1370 sedentes
1589 1329 1632 1370 in
1659 1346 1755 1372 con-

343 1397 488 1445 spectu
517 1388 702 1429 hostium
728 1387 1025 1428 absumserant.
1088 1384 1193 1425 Inde
1214 1400 1306 1440 spes
1326 1384 1425 1425 data
1453 1386 1651 1442 Philippo
1678 1396 1755 1439 est,

343 1461 419 1502 per
439 1444 711 1500 Epirotarum
732 1452 898 1498 gentem
920 1441 1130 1483 tentandae
1146 1443 1281 1497 pacis:
1314 1441 1542 1498 habitoque
1563 1444 1752 1486 consilioq

344 1502 493 1544 delecti
514 1500 569 1541 ad
596 1515 683 1541 eam
705 1514 792 1540 rem
813 1498 1032 1554 agendam,
1055 1498 1283 1538 Pausanias
1311 1506 1481 1553 praetor,
1502 1507 1544 1541 et
1573 1500 1761 1542 Alexan-

346 1559 420 1600 der
439 1558 637 1613 magister
657 1556 864 1611 equitum,
886 1554 1096 1596 consulem
1122 1562 1164 1595 et
1190 1569 1345 1609 regem,
1366 1554 1440 1596 ubi
1466 1555 1509 1596 in
1534 1557 1760 1599 artissimas

347 1617 459 1672 ripas
480 1616 600 1655 Aous
621 1614 785 1668 cogitur
806 1611 950 1659 amnis,
972 1612 1015 1652 in
1036 1610 1304 1666 conloquium
1324 1611 1604 1654 adduxerunt.
1641 1615 1762 1656 Sum-

348 1687 418 1713 ma
446 1670 754 1727 postulatorum
786 1667 966 1709 consulis
996 1675 1099 1717 erat,
1120 1667 1315 1722 praesidia
1343 1683 1394 1708 ex
1422 1668 1662 1712 civitatibus
1685 1686 1759 1714 rex

351 1727 587 1769 deduceret.
620 1725 684 1777 iis,
705 1739 888 1780 quorum
913 1739 1035 1779 agros
1054 1723 1263 1779 urbesque
1283 1724 1510 1779 populatus
1530 1736 1649 1777 esset,
1671 1728 1764 1769 red-

353 1786 470 1827 deret
509 1799 587 1834 res,
629 1797 725 1838 quae
771 1788 1068 1836 comparerent.
1114 1779 1385 1822 ⁵⁶ceterorum
1429 1796 1552 1837 aequo
1590 1783 1764 1826 arbitrio

355 1840 574 1883 aestimatio
594 1839 722 1880 fieret.
784 1838 1007 1894 Philippus
1030 1837 1157 1877 aliem
1187 1838 1361 1878 aliarum
1382 1839 1606 1880 civitatium
1628 1843 1767 1883 condi-

355 1900 503 1940 tionem
533 1911 613 1938 esse
641 1894 866 1951 respondit.
930 1895 1041 1942 Quas
1070 1895 1155 1948 ipse
1187 1895 1364 1947 cepisset,
1397 1909 1464 1936 eas
1492 1896 1767 1941 liberaturum.

361 1955 464 2005 Quae
477 1955 556 1995 sibi
570 1954 738 1995 traditae
754 1966 779 1992 α
791 1950 1007 2006 majoribus
1022 1957 1160 2001 essent,
1175 1966 1310 1993 earum
1325 1952 1579 1994 hereditaria
1597 1967 1644 1996 ac
1648 1955 1770 2009 justa

350 2012 597 2068 possessione
615 2024 696 2051 non
712 2023 969 2050 excessurum.
997 2009 1034 2050 si
1053 2023 1152 2063 quas
1170 2016 1431 2063 quererentur
1449 2010 1545 2051 belli
1562 2013 1696 2054 clades
1714 2027 1772 2055 eae

358 2071 556 2119 civitates,
586 2083 670 2109 cnm
700 2067 840 2122 quibus
869 2067 1054 2108 bellatum
1068 2066 1210 2121 sorem
1245 2065 1476 2119 ³⁷arbz'trio,
1507 2082 1584 2122 quo
1612 2071 1770 2123 vellent,

356 2128 608 2181 populorum,
629 2139 714 2166 cnm
735 2124 875 2178 quibus
887 2138 977 2177 pax
996 2125 1174 2178 utrisque
1175 2123 1344 2177 fuisset,
1366 2139 1407 2165 se
1432 2139 1602 2167 usurum.
1665 2128 1774 2170 Con-

364 2184 442 2233 sul,
467 2184 589 2224 Nihil
617 2183 674 2222 ad
694 2183 739 2222 id
758 2183 914 2235 quidem
930 2179 1125 2221 38ανόἰίνο
1145 2187 1216 2222 aut
1228 2180 1368 2235 judice
1387 2196 1484 2234 opus
1508 2197 1602 2234 esse,
1624 2183 1771 2227 dicere.

366 2242 444 2289 Cui
463 2242 567 2281 enim
589 2253 668 2279 non
689 2239 904 2292 adparere,
925 2238 976 2279 ab
996 2252 1053 2287 eo,
1076 2239 1146 2292 qui
1158 2240 1281 2291 prior
1300 2253 1415 2279 arma
1436 2241 1649 2291 intulisset,
1671 2241 1778 2296 inju-

365 2299 471 2340 riam
500 2300 667 2338 ortam?
700 2310 769 2336 nec
798 2296 1038 2348 Philippum
1067 2295 1119 2336 ab
1144 2297 1238 2337 ullis
1266 2296 1366 2337 bello
1391 2297 1626 2347 lacessitum,
1649 2299 1776 2352 ipsum

363 2356 539 2409 priorem
559 2355 638 2396 vim
660 2352 1005 2407 omnibusfecisse.
1067 2351 1174 2396 Inde
1194 2367 1326 2409 quum
1346 2361 1553 2409 ageretur,
1571 2370 1666 2410 quae
1681 2355 1779 2397 civi-

720 2456 735 2480 Ρ
750 2453 826 2483 vium
842 2452 939 2483 Gron.
1065 2455 1082 2480 ‘l
1094 2452 1214 2482 concilio
1228 2451 1326 2483 Gron.
1341 2452 1432 2484 Crev.

415 2540 456 2570 34
482 2536 672 2578 1‘'imj'acere]
697 2536 746 2567 Sic
759 2536 820 2567 duo
834 2538 928 2568 MSS.
943 2548 961 2569 a
977 2538 1055 2570 Gro-
1142 2537 1184 2568 36
1194 2538 1212 2556 ⁴''
1225 2537 1410 2579 Ceterorum]
1456 2537 1636 2569 Ceterarum
1669 2550 1781 2578 rerum,

374 2582 464 2613 novio
486 2579 656 2615 memorati,
672 2584 704 2609 et
725 2585 828 2611 noster
851 2581 970 2612 Victor.
992 2590 1056 2611 me-
1101 2590 1206 2611 earum
1223 2590 1333 2622 nempe
1348 2590 1417 2622 quae
1432 2591 1493 2612 non
1507 2588 1728 2623 comparerent.

375 2625 434 2655 lius
450 2635 555 2665 quam,
570 2629 605 2655 ut
620 2622 722 2663 vulgo,
740 2622 936 2664 viam-theme.
1144 2623 1184 2653 37
1208 2624 1337 2653 Arbitrio
1372 2635 1427 2663 quo
1460 2624 1564 2654 vellent
1592 2626 1780 2668 populomm]

419 2669 460 2698 35
495 2667 572 2698 Satis
600 2665 776 2705 expediebat]
823 2665 957 2707 Nempe,
986 2675 1060 2695 con·
1103 2666 1186 2706 Lege
1202 2675 1271 2696 cum
1287 2666 1452 2700 Gronovio.
1468 2677 1590 2706 qnorum
1604 2669 1719 2699 vellent.

377 2710 423 2740 sul
437 2723 443 2739 :
470 2716 502 2739 ut
516 2708 607 2740 facile
621 2707 781 2749 suppletur
795 2717 832 2738 ex
848 2718 949 2743 sensu,
964 2718 1059 2749 quum
1145 2709 1187 2739 36
1209 2709 1326 2739 Arhitro
1347 2716 1400 2739 ant
1413 2710 1534 2750 judice]
1563 2710 1655 2741 Hanc
1679 2711 1784 2743 lectio⁶

378 2751 462 2783 iniis
477 2763 544 2792 qum
567 2750 745 2793 praecedunt
766 2752 859 2781 verba
874 2751 934 2782 sere
959 2751 1061 2781 onmia
1105 2761 1174 2781 nem
1205 2750 1352 2782 debemus
1380 2751 1432 2782 uni
1464 2762 1500 2782 ex
1539 2753 1667 2786 Ilearnii
1696 2753 1786 2786 codd.

380 2796 419 2825 ad
449 2805 517 2824 eum
546 2794 723 2825 referantur.
781 2793 936 2826 Gronovio
958 2799 1062 2826 tamen
1108 2793 1222 2829 Ceteri,
1238 2800 1272 2825 ut
1287 2800 1317 2826 et
1333 2794 1418 2832 editi,
1434 2796 1565 2826 arbitrio.

383 2837 480 2878 magis
496 2837 642 2879 placeret,
658 2837 850 2876 expediebant.
