1947 3222
183 233 363 265 U...0555

180 276 273 309 A..c
291 277 361 308 197.

181 394 210 422 V
213 393 320 425 incunt

181 435 326 468 Romani.

169 2034 361 2066 Caduceato.

167 2088 231 2107 tem
249 2078 366 2121 Philip-

165 2130 224 2160 pus
236 2120 276 2151 ad

167 2162 324 2195 Romanos

166 2205 269 2237 mittit.

394 218 557 261 mulum
586 218 772 263 altiorem
802 220 909 262 inter
938 230 1094 263 ceteros
1123 220 1246 276 cepit,
1266 219 1355 262 ³⁷ut
1386 217 1680 316 specularetur,
1709 233 1805 275 quae

393 274 436 316 in
465 276 571 318 laeva
592 285 712 332 parte
738 293 908 319 suorum
938 277 1109 318 fortuna
1137 285 1265 318 esset:
1297 276 1391 317 dein
1424 291 1461 326 e,
1485 283 1709 340 postquam
1737 275 1805 338 fu-

391 347 489 387 gam
527 333 701 375 effusam
740 334 1049 383 animadvertit,
1089 341 1131 374 et
1169 332 1346 374 ³⁸0mnia
1384 333 1493 373 circa
1529 332 1646 397 juga
1677 331 1803 387 signis

391 396 519 444 atque
548 391 673 431 armis
702 390 878 446 fulgere,
901 397 991 431 tum
1022 397 1062 430 et
1087 389 1173 445 ipse
1203 390 1288 430 acie
1319 389 1503 430 excessit.
1565 388 1802 439 Quinctius,

391 460 526 500 quum
557 446 773 488 institisset
804 444 1062 486 cedentibus¹
1066 476 1078 495 ,
1108 453 1277 501 repente
1306 445 1406 501 quia
1434 446 1638 501 erigentes
1663 444 1803 486 hastas

392 502 648 544 Macedonas
679 509 962 565 conspexerat,
993 501 1192 556 quidnam
1228 509 1420 564 pararent
1455 502 1653 552 incertus,
1684 500 1804 564 paul-

390 557 516 614 lisper
554 558 738 599 novitate
777 573 836 598 rei
876 558 1092 599 constituit
1132 558 1270 614 signa:
1322 557 1485 608 deinde,
1527 565 1574 598 ut
1615 556 1802 621 accepit¹¹¹

390 614 502 655 hunc
523 629 679 655 morem
699 629 786 655 esse
817 614 1097 655 Macedonum
1118 613 1373 656 tradentium
1405 630 1505 664 sese,
1526 629 1694 677 parcere
1718 629 1802 655 vic-

390 669 444 712 tis
482 670 565 711 39111
605 670 791 711 animum
830 671 1023 711 habebat,
1085 671 1282 711 Ceterum
1322 671 1375 711 ab
1409 670 1562 726 ignaris
1597 670 1801 712 militibus

388 727 581 768 omissam
601 727 653 768 ab
673 727 791 768 hoste
811 741 1012 792 pugnam,
1033 735 1074 768 et
1095 727 1199 789 quid
1228 726 1452 782 imperator
1471 727 1610 777 vellet,
1632 726 1800 783 inpetus

390 782 433 823 in
453 782 638 824 eosdem¹²
657 783 807 834 faetus,
829 791 871 824 et
891 783 1037 839 primis
1066 798 1195 833 caeS1s,
1217 784 1341 823 ceteri
1362 784 1405 823 in
1433 783 1578 839 fugam
1609 783 1798 839 dissipati

390 847 499 880 sunt
559 840 655 880 Rex
675 839 806 881 effuso
825 855 951 881 cursu
970 840 1132 896 Tempe
1152 839 1270 904 petit
1332 839 1399 880 Ibi
1420 839 1475 879 ad
1496 840 1667 881 Gonnos
1688 839 1798 881 diem

389 910 522 936 unum
554 896 740 938 substitit
772 896 826 937 ad
859 896 1136 959 excipiendos,
1171 896 1204 936 si
1237 895 1312 951 qui
1344 895 1493 951 proelio
1525 904 1796 951 superessent.

390 952 569 993 Romani
590 952 765 994 victores
785 952 828 993 in
856 961 992 994 castra
1009 952 1193 994 hostium
1223 968 1295 1008 spe
1325 952 1480 1008 praedae
1500 952 1699 994 inruunt:
1731 968 1800 994 ve-

388 1022 484 1048 rum
513 1024 562 1050 ea
587 1024 738 1064 magna
766 1010 854 1064 jam
881 1024 931 1050 ex
962 1018 1081 1065 parte
1110 1009 1275 1065 direpta
1302 1010 1354 1050 ab
1383 1008 1538 1050 AEtolis
1567 1008 1795 1051 inveniunt.

391 1065 512 1105 Caesa
549 1081 597 1106 eo
637 1066 704 1107 die
743 1065 875 1107 4⁰octo
913 1066 1096 1107 hostium
1130 1066 1273 1115 millia,
1314 1065 1500 1121 quinque
1534 1073 1666 1121 capta.
1727 1067 1798 1107 Ex

389 1120 617 1163 victoribus
647 1122 897 1178 septingenti
923 1122 1051 1163 ferme
1086 1122 1335 1164 ceciderunt.
1398 1123 1441 1163 Si
1469 1121 1500 1145 ⁴¹
1510 1122 1672 1163 Valerio
1701 1123 1798 1178 quis

388 1177 544 1229 credat,
579 1179 765 1219 omnium
798 1194 938 1220 rerum
972 1179 1175 1220 inmodice
1213 1193 1434 1220 numerum
1474 1178 1658 1234 augenti,
1695 1194 1798 1234 qua-

387 1233 583 1296 draginta
603 1235 731 1276 millia
750 1236 933 1277 hostium
954 1251 1002 1276 eo
1022 1235 1089 1276 die
1110 1243 1206 1277 sunt
1226 1251 1357 1283 caesa;
1390 1243 1525 1297 capta,
1529 1213 1621 1275 nubi
1636 1235 1797 1277 modes-

387 1289 473 1331 tius
502 1292 763 1333 mendacium
789 1301 865 1342 est,
887 1293 1073 1348 quinque
1102 1292 1231 1333 millia
1258 1291 1521 1348 septingenti,
1545 1291 1661 1347 signa
1689 1291 1797 1333 mili-

390 1347 496 1388 taria
529 1348 709 1390 ducenta
742 1364 874 1389 unum
913 1356 954 1390 et
994 1348 1283 1404 quadraginta.
1343 1325 1604 1389 ‘²2Claudius0
1625 1363 1795 1404 quoque

388 1402 474 1443 duo
503 1412 545 1445 et
575 1405 748 1460 triginta
776 1405 903 1446 millia
931 1405 1113 1446 hostium
1143 1421 1248 1446 caesa
1275 1405 1432 1455 scribit,
1460 1412 1582 1468 capta
1610 1413 1795 1460 quatuor

387 1458 517 1501 millia
548 1471 589 1502 et
621 1470 836 1503 trecentos.
898 1462 985 1502 Nos
1016 1477 1098 1502 non
1129 1461 1298 1502 minimo
1328 1460 1589 1524 potissimum
1620 1476 1795 1502 numero

385 1516 651 1567 credidimus,
674 1518 745 1559 sed
776 1518 1001 1581 Polybium
1030 1518 1160 1559 secuti
1189 1533 1347 1567 sumus,
1368 1533 1450 1558 non
1474 1517 1678 1558 incertum
1699 1532 1796 1559 auc-

385 1579 516 1613 torem
537 1589 669 1629 quum
696 1589 881 1616 omnium
907 1575 1191 1615 Romanarum
1214 1589 1369 1625 rerum,
1391 1582 1481 1615 tum
1508 1573 1719 1630 praecipue
1747 1574 1792 1615 in

385 1629 551 1670 Graecia
569 1639 793 1685 gestarum.
1007 1653 1010 1655 “

441 1686 527 1725 XI.
561 1687 808 1750 Philippus,
820 1687 1013 1729 conlectis
1039 1704 1090 1729 ex
1111 1688 1228 1744 fuga,
1249 1688 1337 1744 qui,
1359 1687 1482 1729 variis
1503 1687 1666 1729 casibus
1683 1702 1792 1744 pug-

382 1755 446 1782 nae
476 1741 679 1798 dissipati,
710 1743 884 1807 vestigia
912 1745 1020 1810 ejus
1031 1746 1162 1786 secuti
1196 1745 1376 1794 fuerant,
1403 1744 1619 1807 missisque
1651 1744 1792 1785 Laris-

382 1813 468 1839 sam
502 1799 556 1840 ad
591 1800 904 1842 commentarios
934 1801 1069 1856 regios
1101 1801 1415 1850 combuiendos,
1449 1816 1500 1841 ne
1531 1815 1574 1841 111
1605 1800 1790 1841 hostium

381 1855 569 1897 venirent
598 1864 861 1912 potestatem,
892 1858 934 1898 in
964 1858 1253 1899 Macedoniam
1280 1858 1491 1898 concessit.
1552 1856 1788 1907 Quinctius,

380 1909 592 1967 sscaptivis
631 1913 858 1969 praedaque
896 1914 1173 1966 venumdatis,
1213 1914 1366 1971 partim
1405 1913 1528 1955 militi
1573 1913 1788 1965 concessis,

381 1967 590 2010 Larissam
612 1978 673 2011 est
694 1971 920 2026 profectUS,
941 1971 1159 2012 hauddum
1183 1972 1280 2012 satis
1308 1986 1478 2027 gnarus,
1501 1985 1628 2026 quam
1657 1970 1792 2026 regio-

378 2039 472 2065 nem
506 2026 676 2081 petisset
710 2042 799 2078 rex,
835 2027 991 2083 quidve
1025 2037 1202 2084 palaret.
1270 2028 1531 2069 caduceator
1565 2041 1614 2068 eo
1644 2027 1786 2083 regius

422 2142 608 2176 leedentibus
622 2146 768 2176 institisset
782 2147 876 2176 Gron.
893 2147 981 2177 Crev.
1090 2150 1114 2168 ΠΙ
1129 2149 1233 2187 accipit
1250 2147 1348 2179 Gron.
1448 2149 1466 2167 Β
1479 2157 1522 2178 eos
1537 2145 1635 2177 Gron.
1650 2145 1745 2177 Crev.

1147 2247 1187 2277 40
1218 2246 1287 2277 Octo
1330 2248 1453 2277 hostium
1496 2246 1601 2281 millia,
1645 2244 1786 2286 quinque]

1104 2289 1184 2319 Duae
1208 2297 1368 2337 postremae
1390 2299 1479 2320 voces
1503 2288 1631 2329 adjectae
1654 2292 1726 2318 sunt
1746 2297 1785 2318 ex

1104 2332 1340 2414 Poiiblf'alwio]
1365 2372 1498 2410 Antiati,
1514 2372 1553 2404 de
1570 2382 1631 2414 quo
1653 2371 1786 2403 diximus

1103 2417 1178 2448 adl.
1197 2418 1350 2448 111.c.5.

1145 2461 1184 2489 42
1217 2459 1374 2500 Claudius]
1399 2456 1636 2506 Intelligendus
1663 2455 1786 2488 videtur

422 2244 461 2274 37
489 2243 529 2273 Ut
555 2245 771 2286 specularetur]
805 2244 923 2275 Aberat
947 2254 965 2275 a
991 2245 1059 2276 cod.

378 2286 531 2327 particula
543 2293 588 2322 ut,
602 2298 669 2328 quae
686 2293 789 2318 tamen
804 2287 976 2318 necessaria
990 2294 1051 2318 est:

379 2339 437 2359 nisi
452 2329 542 2359 malis
556 2332 644 2360 unde.

419 2373 460 2402 38
493 2372 598 2402 Omnia
633 2373 711 2402 circa
735 2373 817 2413 juga
849 2374 939 2415 signis
973 2379 1059 2414 atque

376 2416 465 2444 armis
479 2414 615 2456 fulgere,
645 2421 708 2444 tum
734 2421 762 2444 et
789 2417 861 2458 ipse]
896 2415 1059 2457 Ingeniose

378 2456 550 2488 Gronovius
587 2457 759 2498 suspicatur
797 2469 834 2488 ex
870 2469 942 2489 rom.
977 2459 1059 2506 quod

377 2504 444 2530 erat
466 2499 614 2535 Romanis,
640 2500 755 2530 sactum
777 2511 842 2531 esse
865 2508 938 2537 tum,
961 2507 993 2532 et
1016 2502 1059 2532 sic

376 2541 541 2583 legendum
567 2552 650 2572 esse:
684 2549 831 2581 postquam
857 2566 866 2574 .
891 2567 896 2572 .
924 2546 1057 2574 animad-

376 2587 526 2615 vertit..
548 2587 644 2614 omnia
665 2587 743 2615 circa
756 2588 815 2626 jub
810 2598 835 2615 α
859 2588 949 2628 siguis
972 2593 1058 2626 atque

375 2629 465 2658 armis
489 2627 614 2669 fulgere
650 2627 798 2663 Romanis,
837 2635 863 2658 et
903 2631 962 2669 ipse
996 2631 1058 2660 acie

375 2672 499 2701 excessit.

417 2715 458 2744 39
481 2712 662 2742 Inanimum
684 2713 817 2753 habebat]
841 2713 891 2744 Sic
914 2714 934 2744 l.
958 2714 1005 2744 ΙΙ.
1028 2724 1055 2744 c.

375 2756 424 2785 14.
447 2757 477 2785 in
502 2761 665 2794 potestatem
689 2777 697 2785 .
721 2778 730 2786 .
754 2762 832 2786 esset.
884 2757 925 2786 Et
950 2756 1054 2786 Plaut.

375 2798 530 2837 Amphitr.
560 2799 586 2829 Ι.
619 2799 647 2829 1.
675 2799 728 2829 25.
765 2798 894 2829 Numero
921 2799 992 2828 mihi
1025 2800 1055 2829 in

375 2841 578 2882 rnenlernfuil.
595 2840 699 2872 ‘Vide
711 2846 741 2872 et
757 2841 867 2872 not-ad
885 2842 1008 2872 XXIV·
1022 2842 1054 2873 2.

1104 2502 1337 2543 Quadrigarius,
1354 2501 1407 2543 qui
1421 2512 1463 2532 Sic
1480 2499 1583 2532 nude
1572 2509 1638 2539 Jam
1654 2509 1673 2529 a
1696 2499 1784 2530 Livio

1102 2544 1254 2576 Claudius
1269 2545 1445 2575 nominatus
1459 2549 1516 2579 est,
1532 2544 1554 2574 l.
1571 2542 1599 2572 V
1604 2542 1784 2575 111.c.19.

1101 2588 1129 2618 V
1134 2587 1175 2617 id.
1190 2587 1232 2617 ibi
1247 2593 1310 2617 not.
1321 2589 1373 2618 25.

1143 2631 1183 2661 43
1222 2630 1350 2669 Captivis
1389 2629 1546 2668 proeduque
1588 2628 1781 2664 venumdatis,

1096 2674 1205 2711 partim
1249 2674 1337 2702 militi
1373 2670 1520 2710 concessis]
1569 2669 1686 2700 Partim
1728 2679 1780 2701 ve-

1099 2715 1264 2751 numdatis,
1303 2715 1347 2745 ita
1379 2719 1414 2744 ut
1449 2713 1581 2760 pretium
1617 2713 1649 2743 in
1678 2711 1780 2755 publi-

1098 2768 1168 2787 cum
1204 2758 1400 2800 redigeretur,
1437 2755 1549 2799 partim
1587 2755 1676 2787 militi
1706 2764 1779 2786 con-

1098 2800 1200 2831 cessis.
