1947 3222
540 123 664 162 LIB.
690 123 892 161 XXXIII.
930 123 1059 161 CAP.
1086 124 1235 164 XLIX.
1499 134 1574 175 ‚131

167 233 202 258 ³⁹
215 233 268 274 ad
299 248 414 275 suam
445 232 594 274 turrim
613 232 826 289 pervenit.
889 231 956 273 Ibi
986 247 1081 273 eum
1098 242 1257 288 'parata
1285 235 1572 295 instructaque
1587 248 1630 282 U.
1643 250 1678 281 C.
1691 251 1765 282 557.

167 290 340 347 remigio
370 290 531 345 excepit
559 289 687 330 navis.
723 289 785 330 ita
813 288 961 330 Africa
992 289 1205 330 Hannibal
1235 294 1422 344 excessit,
1454 294 1486 318 ‘¹⁰
1499 311 1572 337 sae-
1584 292 1624 324 Α·
1642 293 1681 326 C·
1696 295 1767 326 195.

157 348 261 404 pius
289 347 450 403 patriae,
483 361 610 402 quam
641 361 810 387 suorum
841 354 1014 388 eventus
1042 346 1271 388 miseratus.
1338 350 1403 391 Eo
1432 351 1499 393 die
1528 355 1571 395 in

170 406 383 445 Cere-mam
404 403 580 444 insulam
602 402 776 459 trajecit.
808 403 880 444 ubi
902 418 1034 458 quum
1054 404 1097 443 in
1117 411 1242 459 portu
1265 419 1388 446 naves
1410 407 1570 464 aliquot

163 460 369 502 onerarias
403 476 498 501 cum
529 460 736 501 mercibus
768 459 1003 510 invenisset,
1032 468 1072 502 et
1099 460 1154 501 ad
1183 476 1392 516 egressum
1423 479 1518 505 eum
1548 483 1570 507 e

163 533 268 558 nave
302 532 525 558 concursus
566 516 837 558 salutantium
876 525 980 559 esset
1015 518 1175 565 factus3
1227 520 1569 573 percontantibus

161 574 346 631 legatum
368 589 409 615 se
432 575 598 630 Tyrum
619 574 700 615 dici
726 574 863 630 jussit.
896 574 1053 615 veritus
1073 583 1226 624 tamen,
1247 590 1298 616 ne
1319 591 1406 631 qua
1424 592 1568 619 earum

160 631 276 672 navis
305 639 424 672 nocte
452 631 641 687 profecta
672 630 893 687 Thapsum
923 639 996 672 aut
1022 631 1242 672 Achollam
1271 633 1502 683 nunciaret,
1525 650 1567 676 se

157 687 347 728 -Cercinae
377 688 527 738 visum,
551 687 746 729 sacrificio
775 687 968 744 adparari
993 688 1125 743 jusso,
1147 688 1367 744 magistros
1395 690 1566 732 navium

159 752 490 801 mercatoresque
526 744 692 786 invitari
721 744 871 800 jussit:
915 753 956 786 et
991 744 1022 768 ‘¹¹
1035 745 1128 786 vela
1160 760 1256 786 cum
1291 746 1479 788 antennis
1513 763 1566 790 ex

159 801 335 842 navibus
356 802 586 857 conrogati,
604 810 652 843 ut
674 802 822 842 umbra
845 801 1015 854 (etenim
1031 802 1166 842 media
1187 810 1307 843 aestas
1326 803 1434 845 forte
1454 807 1563 860 erat)

157 858 418 900 coenantibus
437 858 479 899 in
502 859 619 899 litore
649 859 776 899 fieret.
838 859 1052 907 Quantum
1082 874 1146 899 res
1174 867 1215 899 et
1242 867 1406 915 tempus
1435 861 1566 916 patie-

156 915 339 965 bantur‘,
361 915 572 972 adparatae
591 915 891 970 celebrataeque
921 915 1010 970 ejus
1040 914 1121 955 diei
1149 916 1284 970 epulae
1306 925 1426 958 sunt:
1459 918 1565 959 mul-

157 980 286 1028 toque
316 972 412 1012 vino
432 973 474 1013 in
495 987 632 1013 serum
652 971 783 1012 noctis
810 970 1046 1012 convivium
1076 972 1341 1027 productum.
1403 974 1564 1015 Hanni-

156 1028 240 1079 bal,
266 1034 419 1085 quarng
442 1029 623 1085 primum
653 1027 824 1069 fallendi
853 1043 935 1078 eos,
963 1028 1037 1084 qui
1068 1028 1111 1068 in
1142 1036 1269 1084 portu
1299 1037 1430 1079 erant,
1458 1038 1562 1072 tem-

156 1100 236 1140 pus
266 1085 429 1135 habuit,
462 1100 608 1126 navem
638 1084 772 1126 solvit.
815 1085 940 1125 ceteri
973 1084 1096 1141 sopiti
1127 1100 1260 1141 quum
1294 1094 1460 1141 postero
1495 1088 1562 1130 die

157 1142 323 1182 tandem
344 1157 394 1182 ex
416 1157 558 1183 somno
587 1142 698 1198 pleni
728 1141 910 1204 crapulae
940 1143 1228 1192 surrexissent,
1246 1141 1328 1183 4²id
1358 1143 1473 1198 quod
1502 1160 1562 1186 se-

153 1213 247 1238 rum
268 1206 370 1248 erat,
392 1199 552 1254 aliquot
572 1199 695 1240 horas
714 1214 836 1239 remis
856 1198 898 1238 in
918 1214 1043 1239 naves
1072 1199 1333 1240 conlocandis
1355 1207 1395 1240 et
1416 1209 1561 1256 aptan-

153 1254 218 1295 dis
242 1256 505 1297 armamentis
535 1256 840 1297 absumserunt.
901 1255 1160 1311 Karthagine
1190 1264 1231 1298 et
1260 1255 1559 1309 multitudinis,

152 1311 336 1353 adsuetae
366 1312 535 1354 domum
559 1311 807 1354 Hannibalis
835 1312 1114 1368 frequentare,
1137 1319 1359 1354 concursus
1388 1313 1442 1354 ad
1471 1329 1560 1355 ves-

152 1367 335 1410 tibulum
365 1370 519 1411 aedium
549 1378 610 1411 est
637 1370 795 1411 factus:
829 1378 885 1420 et,
907 1378 955 1410 ut
975 1385 1057 1410 non
1078 1385 1313 1425 comparere
1343 1385 1438 1411 eum
1468 1371 1559 1412 vul-

151 1433 297 1480 gatum
318 1434 394 1477 est,
415 1428 458 1468 in
478 1427 616 1467 forum
637 1427 763 1468 turba
782 1426 973 1467 convenit
1024 1427 1126 1467 rinei
1159 1442 1223 1467 em
1244 1427 1424 1468 civitatis
1445 1442 1558 1483 quae-

150 1482 350 1534 rentium,
372 1492 413 1525 et
435 1483 504 1524 alii
533 1483 677 1538 fugam
708 1482 921 1533 conscisse,
946 1442 1022 1534 (id)
1038 1442 1157 1538 quod,
1183 1486 1290 1538 erat)
1313 1482 1381 1524 alii
1407 1484 1556 1526 fraude

153 1538 438 1581 Romanorum
467 1540 746 1587 interfectum,
768 1537 801 1562 ‘¹³
814 1539 940 1594 idque
970 1539 1116 1594 magiS,
1147 1539 1360 1581 ferebant:
1403 1541 1557 1582 varios-

150 1610 234 1649 que
259 1597 403 1638 vultus
424 1612 622 1647 cerneres,
639 1595 727 1637 “ut
747 1597 790 1637 in
811 1595 976 1637 civitate
1001 1595 1175 1636 aliorum
1200 1596 1298 1637 alias
1327 1604 1467 1652 partes
1492 1598 1555 1638 fo-

151 1652 338 1694 ventium
366 1653 628 1695 factionibus.
690 1653 835 1693 Visum
857 1652 1005 1693 deinde
1038 1652 1222 1693 Cercinae
1253 1668 1363 1704 eum,
1385 1653 1553 1695 tandem

150 1707 336 1750 adlatum
358 1719 432 1751 est.
1230 1712 1236 1716 '

207 1766 385 1807 XLIX.
410 1766 588 1807 Romani
608 1767 733 1822 legati
751 1781 884 1822 quum
899 1765 941 1806 in
958 1774 1102 1807 senatu
1119 1767 1419 1822 exposuissent,
1441 1768 1552 1808 Com-

138 1828 298 1875 pertzcm
324 1824 521 1865 Patribus
549 1824 745 1865 Romanis
774 1838 867 1873 esse,
890 1829 927 1863 et
951 1823 1187 1876 Philippum
1216 1838 1346 1877 regem
1376 1830 1472 1864 ante
1499 1825 1551 1865 ab

144 1879 387 1920 Hannibale
403 1882 573 1921 maxime
587 1895 804 1930 accensum,
821 1880 961 1920 bellum
970 1882 1122 1933 populo
1140 1880 1324 1921 Romano
1329 1882 1495 1934 ficisse,
1513 1889 1551 1922 et

145 1949 249 1976 nunc
277 1938 419 1978 literas
448 1939 685 1992 mctzcz'osque
704 1938 756 1978 ab
776 1952 820 1978 eo
840 1939 897 1977 ad
915 1937 1153 1977 Antiochum
1174 1953 1303 1991 regem
1328 1936 1547 1990 profectos.-

144 1992 253 2034 haud
282 1996 502 2047 quieturum
524 2002 632 2044 ante,
654 2009 770 2049 quam
800 1995 940 2035 bellum
971 2000 1053 2034 toto
1077 1994 1170 2035 orbe
1198 2001 1397 2035 terrarum
1419 1994 1548 2036 ‘¹⁵con-

485 2117 500 2142 5
512 2121 677 2160 patiebatur
692 2121 789 2152 Gron.
808 2120 900 2151 Crev.

187 2242 228 2271 39
252 2242 297 2271 Ad
320 2253 401 2272 suam
425 2242 548 2283 turrim]
579 2241 708 2277 Plinius,
729 2243 751 2273 l.
775 2242 822 2273 ΙΙ.

143 2293 174 2314 c.
193 2284 244 2315 71.
266 2284 451 2316 mentionem
477 2284 550 2315 facit
573 2285 701 2316 turrium
722 2284 822 2315 Anni·

144 2325 234 2362 halis,
263 2332 411 2368 tanquam
447 2327 641 2370 specularum
677 2337 822 2368 quarum-

143 2368 215 2399 dam
242 2368 273 2399 in
296 2370 446 2412 Hispania
468 2371 648 2412 Africaque.
702 2370 823 2401 Intelli-

143 2421 251 2450 gamus
273 2412 366 2453 igitur
388 2412 494 2444 turrim
516 2414 555 2444 ab
572 2413 729 2443 Annibale
752 2424 819 2456 spe-

143 2454 268 2485 culandi
283 2465 378 2487 causa
392 2462 588 2487 exstructam.

183 2497 225 2527 40
261 2499 374 2538 Soepius
413 2501 532 2539 patrioe,
576 2511 662 2539 quam
703 2510 821 2529 snorum

141 2541 272 2581 eventus]
316 2542 398 2583 Lege
434 2553 505 2573 cum
537 2541 704 2577 Gronovio,
735 2554 820 2582 quum

142 2591 212 2611 suos.

183 2624 223 2654 41
258 2625 327 2656 Vela
361 2638 427 2658 cum
465 2629 599 2658 antennis
633 2638 666 2658 er
698 2629 819 2658 navibus

142 2668 303 2708 cor-rogari]
333 2670 360 2700 E
376 2670 507 2701 navibus
529 2670 599 2702 vela
619 2675 650 2700 et
667 2676 819 2701 antennas

140 2707 243 2749 colligi
266 2711 306 2741 ad
326 2713 488 2744 efficienda
503 2713 592 2754 quasi
613 2712 757 2754 quaedam
772 2718 818 2744 ta-

140 2751 317 2783 bernacula.
367 2755 506 2792 Quidam
529 2755 604 2787 editi
629 2756 736 2787 vitiose
762 2755 818 2786 ha-

141 2793 215 2823 bent
241 2801 267 2824 et
291 2798 419 2828 navibus.
463 2799 509 2829 At
535 2799 714 2830 vetustiores
740 2809 818 2840 prae-

141 2835 241 2866 ferunt
283 2848 325 2872 es,
363 2841 621 2880 quemadmodum
664 2841 816 2874 edendum

139 2879 256 2909 curavit
273 2880 421 2913 Clericus-

985 2122 1000 2147 ἔ
1016 2131 1106 2160 quum
1121 2119 1207 2150 Eaed.

909 2242 949 2272 42
973 2241 1010 2272 Id
1032 2242 1106 2282 quod
1128 2251 1222 2272 serum
1244 2240 1323 2281 erat]
1369 2240 1546 2282 Suspicatur

868 2284 1052 2319 Gronovius,
1089 2285 1121 2314 id
1160 2285 1234 2324 quod
1273 2285 1427 2323 quoesitum
1465 2290 1544 2313 erat:

867 2328 885 2346 *³
895 2337 1005 2368 nempe
1018 2328 1057 2357 ab
1069 2326 1237 2357 Annibale.
1278 2326 1326 2356 Ea
1341 2336 1428 2356 mens
1443 2325 1543 2356 Anni-

865 2370 945 2400 balis
966 2370 1076 2405 fuerat,
1091 2374 1126 2398 ut
1139 2379 1232 2410 quam
1246 2368 1382 2399 maxima
1403 2368 1439 2398 iis
1458 2379 1544 2399 mora

864 2413 1057 2454 objiceretur,
1073 2412 1147 2442 dum
1161 2411 1225 2453 ipse
1241 2411 1318 2441 inter
1333 2411 1520 2452 praeciperet.

907 2456 946 2486 43
957 2457 977 2477 *-
992 2455 1080 2496 quue
1094 2455 1201 2495 magis]
1234 2455 1275 2484 Et
1290 2454 1315 2484 is
1330 2453 1461 2484 crebrior
1477 2457 1543 2483 erat

864 2508 975 2534 rumor,
991 2509 1029 2529 ea
1043 2497 1195 2538 vulgatior
1210 2496 1312 2539 opinio
1325 2502 1399 2528 erat.

905 2541 946 2571 44
974 2541 1015 2571 Ut
1037 2542 1069 2570 in
1091 2542 1207 2570 civitate
1230 2541 1355 2570 aliorum
1377 2540 1451 2569 αἰίιις
1469 2549 1542 2577 par-

863 2589 902 2612 tes
915 2584 1084 2624 foventium
1097 2583 1295 2624 factionibus]
1328 2582 1468 2612 Profecto
1491 2579 1541 2610 hic

861 2625 948 2656 deest
969 2625 1139 2668 quidpiam,
1163 2626 1255 2666 quale
1277 2632 1356 2656 esset
1375 2625 1471 2663 plena,
1494 2622 1542 2653 vel

861 2670 1018 2700 distracta.-
1050 2674 1084 2699 ut
1105 2668 1138 2698 in
1161 2668 1285 2698 civitate
1308 2666 1454 2696 distracta
1477 2665 1541 2695 fac-

862 2711 996 2743 tionibus
1032 2710 1160 2743 aliorum
1197 2710 1274 2741 alias
1308 2714 1409 2749 partes
1436 2707 1542 2738 foven-

862 2760 950 2828 huf&
970 2796 1127 2836 Coucisset]
1162 2794 1210 2826 Sic
1233 2793 1373 2824 dedimus
1388 2802 1425 2823 ex
1440 2797 1542 2823 vetus·
1566 2792 1569 2793 ⁷

862 2839 989 2871 tioribus
1010 2837 1205 2869 editionibus.
1248 2835 1451 2868 Recentiores
1473 2847 1538 2866 con—

861 2885 971 2913 scisset:
994 2891 1101 2922 parum
1118 2879 1246 2922 proprie.

931 2925 1002 2964 112
