1947 3222
413 117 490 159 394
945 109 1088 149 T1‘r1
1136 109 1307 148 L1V11

199 237 241 268 U.
254 235 292 268 c.
306 235 379 267 565.
417 221 468 262 L.
487 220 626 275 Scipio
646 219 889 261 Antiochum
917 218 1135 269 devicisset,
1157 232 1265 274 aeger
1285 219 1337 260 P.
1359 217 1498 272 Scipio
1516 218 1647 262 Eloeae
1675 219 1828 263 dierum

196 279 239 311 A.
253 279 291 310 C.
310 279 379 309 187.
410 279 568 333 aliquot
588 278 656 319 via
677 277 839 323 abesset.
882 277 980 317 Non
983 276 1123 330 fuisse
1139 277 1334 318 minorem
1354 290 1439 317 eum
1459 277 1690 326 exercitum,
1712 291 1830 331 quam

410 335 686 387 Hannibalis,
705 349 790 376 cum
811 348 888 389 quo
909 334 953 375 in
973 333 1124 388 Africa
1143 339 1241 375 esset
1253 340 1493 388 pugnatum.
1549 334 1829 376 Hannibalem

409 395 586 434 eumdem
603 392 742 447 ficisse
772 393 877 433 inter
902 391 1047 432 multos
1067 391 1171 432 alios
1203 392 1338 445 regios
1357 392 1486 441 duces,
1509 391 1580 444 qui
1611 392 1832 444 imperator

408 452 564 493 Punici
582 450 678 491 belli
687 494 694 504 ,
696 449 845 503 fuerit.
903 448 965 489 Et
984 447 1130 496 bellum
1150 448 1307 501 quidem
1334 449 1395 489 ita
1420 454 1573 502 gestum
1601 463 1695 498 esse,
1716 455 1760 489 ut
1780 463 1830 490 ne

392 509 613 563 fortunam
632 508 790 561 quidem
811 505 1021 559 quisquam
1040 505 1257 545 criminari
1277 506 1422 558 possit.
1481 506 1536 546 In
1560 520 1662 559 pace
1679 507 1831 547 crimen

409 566 552 620 quaeri.
583 579 669 606 eam
703 563 789 604 dici
817 562 1019 603 ¹²venisse.
1083 560 1169 602 Hic
1198 563 1330 603 decem
1358 563 1511 616 legatos
1539 564 1661 604 simul
1688 565 1828 618 argui,

407 637 569 677 quorum
589 636 640 662 ex
658 620 826 661 consilio
845 620 946 660 data
960 633 1051 672 pax
1071 625 1181 660 esset.
1213 620 1311 673 quin
1340 620 1539 662 eoestitisse
1558 635 1607 660 ex
1626 621 1755 662 decem
1775 622 1830 661 le-

409 681 531 729 cratis,
553 679 624 732 qui
649 678 721 719 Cn.
743 677 953 718 Manlium
974 683 1232 718 accusarent.-
1263 682 1397 718 tamen
1427 691 1508 717 non
1536 679 1650 718 modo
1669 679 1727 718 ad
1749 678 1830 719 cri-

407 738 528 778 minis
537 737 674 789 fidem,
697 736 767 775 sed
790 748 841 775 ne
859 736 917 774 ad
945 748 1095 774 moram
1116 734 1273 788 quidem
1294 734 1492 787 triumphi
1511 733 1638 775 ¹³eam
1666 749 1829 777 accusa-

409 795 557 835 tionem
578 793 762 834 valuisse.

464 851 597 892 LIX.
627 850 699 900 Ac,
722 850 915 900 Hercule,
936 849 980 890 in
995 850 1184 903 Scipione
1204 849 1314 902 ipsas
1333 850 1438 903 leges
1450 848 1584 902 pacis,
1600 855 1646 889 ut
1666 849 1831 890 nimium

405 909 730 949 adcommodatas
752 907 969 956 Antioch0,
986 913 1188 960 suspectas
1203 921 1294 948 esse.
1330 907 1530 961 integrum
1551 907 1656 946 enim
1677 907 1718 947 ei
1735 921 1830 962 reg-

406 980 499 1006 num
519 966 722 1006 relictum.-
746 965 892 1005 omnia
920 966 1130 1018 possidere
1149 978 1234 1005 eum
1264 964 1424 1014 victum,
1446 977 1534 1018 quoe
1562 970 1660 1004 ante
1687 963 1828 1005 bellum

406 1022 490 1077 ejus
507 1023 699 1077 suerint:
736 1023 833 1063 auri
866 1028 905 1062 et
939 1023 1104 1076 argenti
1137 1036 1254 1076 quum
1286 1022 1364 1062 vim
1395 1034 1582 1075 magnam
1615 1021 1830 1073 habuisset,

407 1081 516 1121 nihil
544 1081 589 1121 in
612 1079 816 1132 publicum
843 1081 1028 1130 relatum,
1050 1093 1164 1120 omne
1184 1081 1230 1120 in
1254 1079 1466 1132 privatum
1497 1092 1664 1120 versum.
1725 1078 1830 1120 14Αη

405 1151 486 1178 non
500 1143 658 1190 praeter
672 1138 845 1177 omnium
865 1138 997 1178 oculos
1016 1143 1172 1177 tantum
1188 1137 1285 1177 auri
1303 1137 1543 1190 argentique
1564 1137 1608 1176 in
1628 1137 1833 1190 triumpho

406 1195 460 1236 L.
481 1195 701 1248 Scipionis,
724 1201 916 1248 quantum
947 1208 1026 1234 non
1054 1195 1183 1234 decem
1213 1194 1311 1234 aliis
1339 1193 1562 1246 triumphis,
1586 1195 1623 1234 si
1653 1208 1766 1234 omne
1787 1195 1832 1235 in

405 1266 524 1293 unum
555 1252 803 1305 conferatur,
824 1252 878 1292 sit
913 1252 1069 1292 latum?
1101 1251 1211 1291 Nam
1241 1250 1339 1305 quid
1367 1252 1416 1291 de
1437 1250 1594 1304 finibus
1622 1252 1740 1305 regni
1769 1253 1832 1292 di-

405 1312 521 1350 cam?
554 1310 694 1350 Asiam
716 1323 866 1349 omnem
887 1315 926 1349 et
947 1308 1139 1362 proxima
1161 1309 1340 1361 Europa²
1368 1309 1537 1349 tenuisse
1558 1307 1828 1349 Antiochum?

407 1369 476 1408 Ea
495 1374 652 1421 quanta
670 1368 783 1420 regio
798 1366 903 1407 orbis
922 1372 1123 1407 terrarum
1143 1367 1210 1415 sit,
1228 1380 1255 1406 a
1278 1366 1416 1406 Tauro
1436 1371 1567 1406 monte
1583 1367 1626 1406 in
1643 1366 1832 1420 AEgceum

405 1439 527 1478 usque
553 1425 791 1477 prominens
821 1438 946 1474 mare,
968 1430 1063 1476 quot
1082 1437 1162 1463 non
1192 1423 1306 1464 urbes
1334 1424 1460 1472 modo,
1481 1424 1552 1463 sed
1576 1429 1719 1477 gentes
1748 1438 1832 1464 am-

400 1483 620 1535 plectatur,
643 1495 774 1522 omnes
793 1482 909 1522 scire.
946 1481 1076 1521 Hanc
1095 1481 1309 1534 regionem,
1332 1480 1524 1521 ¹⁵die1um
1540 1481 1636 1533 plus
1655 1481 1833 1535 triginta

407 1541 453 1580 in
473 1540 781 1593 longitudinem,
804 1540 933 1579 decem
954 1539 1063 1578 inter
1083 1540 1161 1578 duo
1181 1540 1315 1578 maria
1337 1539 1381 1578 in
1410 1538 1668 1578 latitudinem
1682 1545 1831 1591 paten-

407 1603 497 1643 tem,
521 1611 643 1651 usque
667 1597 725 1636 ad
759 1596 893 1637 Tauri
921 1597 1067 1636 montis
1081 1595 1192 1650 juga
1214 1596 1413 1637 Antiocho
1435 1596 1648 1646 ademtam,
1669 1597 1833 1649 expulso

407 1655 453 1695 in
482 1655 663 1695 ultimum
692 1655 882 1708 angulum
913 1653 1022 1694 orbis
1050 1660 1263 1694 terrarum.
1326 1654 1449 1703 Quid,
1469 1653 1507 1693 si
1529 1653 1720 1706 gratuita
1741 1667 1834 1707 pax

406 1718 520 1762 esset,
551 1713 647 1764 plus
676 1712 808 1751 adimi
836 1711 876 1751 ei
901 1712 1112 1764 potuisse?
1163 1711 1361 1763 Philippo
1395 1712 1498 1751 victo
1532 1710 1830 1759 Macedoniam,

407 1768 571 1810 Nabidi
603 1769 929 1809 Lacedaemonem
958 1768 1150 1808 relictam.
1182 1782 1252 1807 nec
1282 1766 1476 1815 Quinctio
1505 1768 1658 1808 crimen
1688 1769 1833 1822 quaesi-

406 1834 508 1868 tum.-
541 1840 621 1866 non
643 1826 746 1866 enim
776 1825 961 1866 habuisse
979 1839 1065 1865 eum
1085 1825 1327 1880 Africanum
1340 1824 1525 1879 fratrem
1533 1839 1549 1872 ,·
1580 1824 1689 1879 cujus
1715 1839 1832 1879 quum

400 1884 543 1939 gloria
556 1884 749 1936 prodesse
772 1882 822 1922 L.
843 1882 1028 1935 Scipioni
1048 1883 1255 1931 debuisset,
1275 1882 1471 1922 invidiam
1492 1883 1680 1924 nocuisse.
1719 1883 1832 1923 Tan-

406 1948 488 1983 tum
523 1941 620 1981 auri
653 1940 896 1995 argentique
919 1939 1148 1993 judicatum
1182 1954 1262 1981 esse
1296 1940 1343 1979 in
1373 1940 1525 1979 domum
1561 1939 1609 1980 L.
1630 1940 1834 1994 Scipionis

405 1999 594 2048 inlatum,
616 2003 828 2052 quantum,
854 1998 1027 2038 venditis
1056 1997 1237 2038 omnibus
1265 1996 1394 2047 bonis,
1416 1997 1552 2051 redigi
1580 2011 1659 2038 non
1680 2003 1832 2051 posset.

406 2057 463 2097 Id
481 2056 551 2096 ubi
570 2070 665 2110 ergo
685 2069 767 2096 esse
786 2055 939 2109 regium
960 2058 1132 2096 aurum?
1163 2055 1234 2095 ubi
1253 2061 1312 2095 tot
1341 2055 1599 2095 haereditates
1618 2058 1830 2109 acceptas?

406 2115 459 2154 In
480 2114 614 2164 domo,
636 2127 755 2166 quam
774 2118 921 2153 sumtus
941 2127 1019 2153 non
1042 2113 1312 2160 exhauserim,
1334 2117 1494 2152 exstare
1514 2112 1691 2153 debuisse
1719 2126 1831 2152 novce

390 2171 583 2224 sortunoe
601 2171 812 2210 cumulum.
873 2169 931 2210 At
952 2171 1070 2218 enim,
1093 2171 1199 2224 quod
1218 2184 1267 2209 ez·
1285 2169 1400 2210 bonis
1419 2170 1555 2222 redigi
1581 2183 1661 2209 non
1683 2170 1829 2222 possit,

407 2243 457 2269 ex
475 2241 643 2280 corpore
664 2233 700 2266 et
721 2233 835 2281 tergo
848 2241 929 2280 per
948 2228 1199 2268 vexationem
1220 2233 1257 2267 et
1278 2227 1538 2267 contumelias
1559 2227 1610 2267 L.
1629 2227 1832 2279 Scipionis

400 2286 605 2338 petituros
626 2285 829 2325 inimicos.-
861 2291 905 2324 ut
926 2285 970 2325 in
997 2299 1193 2325 carcerem
1215 2284 1319 2325 inter
1332 2286 1457 2338 fici-es
1477 2289 1689 2324 nocturnos
1709 2289 1747 2324 et
1767 2284 1830 2324 la-

407 2351 544 2383 trones
575 2342 640 2383 vir
669 2342 914 2382 clarissimus
949 2343 1196 2392 includatur,
1227 2347 1265 2382 et
1296 2341 1328 2365 ¹⁶
1342 2342 1386 2381 in
1420 2341 1562 2381 robore
1590 2346 1629 2381 et
1658 2340 1832 2382 tenebris

407 2400 606 2453 exspiret.-
648 2399 795 2439 deinde
829 2400 957 2440 nudus
991 2406 1087 2440 ante
1115 2413 1313 2439 carcerem
1341 2396 1602 2452 projiciatur.
1663 2397 1758 2438 Non
1788 2399 1834 2439 id

401 713 428 734 Ο·

456 2531 493 2560 12
522 2530 651 2569 Venisse]
677 2529 910 2560 Venumdatam
925 2539 1001 2560 esse.
1141 2527 1213 2571 tem]
1238 2528 1365 2576 Supple,
1388 2527 1506 2558 itinere⁴
1553 2528 1647 2565 Quod
1671 2538 1746 2560 sane
1769 2529 1827 2560 du-

453 2573 492 2603 13
518 2572 592 2602 Eam
623 2573 850 2613 ‹tcmiffltinnem]
890 2572 1096 2604 (ironovianae
1141 2573 1204 2603 rius
1222 2571 1317 2603 videri
1333 2581 1393 2601 non
1408 2570 1558 2601 immerito
1575 2571 1680 2619 possit.

407 2615 559 2647 editiones
593 2617 682 2646 etiam
717 2617 944 2645 accusatimiem:
990 2621 1096 2646 contra
1186 2616 1224 2645 16
1247 2614 1285 2644 ln
1306 2614 1416 2653 robore]
1451 2614 1558 2649 Κώην,
1580 2614 1681 2655 inquit
1707 2614 1826 2650 Festus,

408 2658 588 2700 scriptorum
605 2664 635 2688 et
650 2663 724 2689 vett.
740 2658 890 2689 editorum
908 2658 1009 2689 fidem.
1140 2660 1171 2688 in
1193 2668 1308 2688 carcere
1329 2658 1441 2687 (licitur
1465 2659 1486 2687 is
1509 2658 1597 2694 loeus,
1613 2669 1668 2697 quo
1691 2659 1826 2697 proecipi-

458 2703 493 2731 14
518 2702 570 2732 An
593 2713 650 2731 uon
668 2723 676 2731 .
693 2724 700 2731 .
723 2707 838 2731 tantum
860 2702 929 2730 auri
946 2724 954 2731 .
969 2723 977 2730 .
992 2703 1026 2730 sit
1052 2701 1094 2730 Ιιι-
1141 2707 1223 2730 {ntur
1238 2700 1430 2739 nuilelicnrum
1452 2711 1556 2739 genus,
1569 2701 1643 2740 quod
1665 2707 1733 2730 ante
1752 2702 1828 2730 arcis

412 2746 490 2785 tum]
530 2744 607 2775 Dele
629 2744 755 2775 verbum
775 2745 823 2779 sil,
845 2749 876 2773 et
900 2743 1009 2785 supple
1032 2755 1097 2773 csso.
1144 2745 1277 2773 rnhuslcis
1306 2743 1520 2773 inclmlclmcnr.
1569 2742 1722 2774 Nimirum
1753 2743 1826 2773 olim
1914 2752 1927 2777 ϊ

412 2787 473 2818 Sed
497 2792 527 2818 cl
548 2787 722 2826 mallemus,
740 2789 763 2817 si
785 2798 877 2817 omncs
894 2810 900 2817 .
918 2808 924 2815 .
943 2799 993 2817 ‹w›
1011 2786 1095 2816 ἰϊιιη-
1141 2792 1244 2817 sontes
1279 2785 1513 2817 includebantur
1547 2786 1625 2816 arcis
1658 2797 1674 2816 e
1709 2786 1826 2819 robore.
1923 2800 1926 2823 l

414 2837 476 2861 rur.
1141 2829 1214 2866 sive,
1233 2829 1315 2869 ligno
1332 2829 1505 2866 durissimo,
1524 2828 1620 2860 factis.
1922 2838 1925 2846 ’

459 2874 495 2904 15
529 2873 650 2903 Dierum
687 2875 753 2913 plus
782 2874 903 2915 triginta
965 2877 1093 2911 .1·‹1tcu-
1921 2865 1923 2914 ᾗ
