1947 3222
576 98 700 136 LIB.
729 97 905 135 XXXII.
947 98 1081 135 CAP.
1111 99 1182 137 IX.
1527 106 1574 142 55

155 207 362 264 peditum,
383 207 584 250 ducentos
604 205 789 262 equites:
822 205 882 248 ita
910 213 959 248 ut
988 206 1034 247 hi
1060 214 1260 263 praetores
1278 210 1416 262 ambo,
1437 226 1571 268 quum
1584 222 1625 254 U.
1640 221 1676 254 C.
1690 225 1764 258 554.

153 266 197 305 in
218 265 451 321 provincias
480 263 702 314 venissent,
723 270 883 305 veteres
913 262 1172 305 dimitterent
1202 264 1364 320 pedites
1390 265 1626 325 equites-A·
1636 266 1675 299 C·
1688 267 1761 301 198·-

153 337 248 377 que.
308 320 445 363 Attali
465 320 615 361 deinde
635 319 744 376 regis
774 319 932 376 legatos
952 320 996 361 in
1017 328 1206 362 senatum
1235 323 1423 366 consules
1442 326 1571 368 intro-
1581 336 1783 380 AttaJilegati

153 379 378 420 duxerunt.
439 377 515 428 Hi,
543 393 683 434 regem
719 377 846 418 classe
878 392 954 418 sua
985 377 1197 434 copiisque
1230 379 1426 421 omnibus
1460 390 1570 425 terra
1579 380 1785 420 senatumad-

152 436 339 492 marique
360 435 593 476 Romanam
612 448 702 475 rem
725 434 889 490 juvare,
911 449 1093 491 quaeque
1112 434 1363 491 imperarent
1389 438 1569 482 Romani
1581 429 1668 457 eunt.

153 492 353 542 consules,
388 491 553 548 inpigre
592 499 720 546 atque
759 491 1001 534 obedienter
1039 491 1094 532 ad
1133 506 1223 533 eam
1263 492 1375 534 diem
1408 494 1567 548 fecisse,

150 564 282 605 quum
312 549 614 605 exposuissent,
641 547 787 590 Vereri
815 548 1028 598 dixerunt,
1049 563 1100 589 ne
1128 549 1175 590 id
1194 556 1399 603 praestare
1427 553 1468 593 ei
1494 567 1570 606 per

149 606 388 647 Antiochum
409 620 540 661 regem
559 607 672 647 ultra
690 620 770 647 non
789 607 941 647 liceret.
972 620 1134 647 vacuum
1163 621 1334 661 namque
1353 610 1570 663 praesidiis

147 663 357 704 navalibus
385 663 717 718 terrestribusque
743 677 908 718 regnum
930 663 1067 704 Attali
1086 663 1328 706 Antiochum
1358 666 1566 710 invasisse.

146 720 293 774 Itaque
313 721 498 762 Attalum
519 736 638 762 orare
657 722 807 762 Patres
826 722 1083 774 conscriptos,
1103 722 1141 762 si
1159 735 1232 763 sua
1260 723 1397 773 classe,
1418 738 1569 780 suaque

145 792 270 831 opera
291 779 354 821 uti
382 780 440 819 ad
460 777 766 819 Macedonicum
797 778 938 819 bellum
959 779 1117 828 vellent,
1138 780 1344 821 mitterent
1363 781 1446 835 ipsi
1457 796 1571 836 prae-

143 836 290 876 sidium
313 837 369 877 ad
394 850 559 890 regnum
580 835 662 890 ejus
681 837 913 876 tutandum:
944 837 981 876 si
1001 836 1048 876 id
1074 837 1240 886 nollent,
1262 837 1390 891 ipsum
1419 840 1478 880 ad
1494 854 1568 881 sua

144 892 397 948 defendenda
430 908 516 934 cum
548 894 673 934 classe
703 907 752 933 ac
783 893 951 946 reliquis
985 893 1114 945 copiis
1146 895 1283 934 redire
1308 902 1568 948 paterentur.

148 951 325 991 Senatus
345 950 492 1006 legatis
512 950 573 991 ita
590 947 831 1005 responderi
851 948 994 1005 jussit,
1021 948 1142 997 Quod
1159 964 1233 991 reu*
1258 950 1425 994 Attalus
1443 956 1570 996 classe
1581 962 1779 1006 Responsum

145 1008 347 1061 copiisque
380 1009 478 1048 aliis
511 1008 626 1048 duces
654 1007 856 1047 Romanos
875 1005 1063 1061 juvisset,
1098 1005 1186 1048 31id
1211 1014 1377 1062 gratum
1407 1013 1569 1054 senatui
1579 1012 1716 1039 senatus.

145 1070 256 1105 esse⁰.
314 1063 527 1105 ³²Auxilia
559 1077 631 1105 nec
662 1064 768 1117 ipsos
801 1064 987 1105 missuros
1021 1063 1165 1105 Attalo
1196 1066 1387 1108 adversus
1416 1068 1566 1110 Antio·

143 1122 267 1170 chum,
289 1123 434 1162 socium
451 1127 489 1161 et
508 1123 678 1162 amicum
691 1121 839 1177 populi
858 1122 1058 1163 Romani.-
1081 1136 1152 1163 nec
1167 1122 1306 1164 Attali
1320 1126 1481 1166 auxilia
1502 1141 1567 1168 re-

141 1185 335 1229 tenturos,
356 1180 466 1219 ultra
488 1193 605 1232 quam
635 1179 724 1233 regi
743 1180 984 1219 commodum
1015 1185 1126 1220 esset.
1185 1180 1349 1234 Semper
1371 1184 1566 1237 populum

141 1236 369 1277 Romanum
398 1237 546 1277 alienis
571 1236 699 1285 rebus,
722 1236 897 1277 arbitrio
925 1237 1074 1286 alieno,
1097 1251 1219 1279 usum.
1250 1245 1289 1279 et
1311 1241 1566 1295 principium

141 1293 316 1347 etfinem
338 1294 380 1334 in
394 1300 597 1347 potestate
613 1295 804 1347 ipsorum,
827 1294 898 1347 qui
916 1309 989 1347 ope
1000 1308 1073 1335 sua
1094 1296 1219 1336 velint
1234 1295 1396 1350 adjutos
1410 1299 1566 1339 Roma-

141 1364 228 1401 nos,
251 1365 344 1392 esse.
404 1350 585 1406 Legatos
605 1353 662 1392 ad
678 1351 918 1392 Antiochum
940 1352 1140 1402 missuros,
1163 1353 1234 1406 qui
1261 1356 1465 1405 nuncient,
1489 1356 1566 1397 At-

141 1409 221 1450 tali
243 1409 480 1463 naviumque
500 1407 583 1462 ejus
603 1416 641 1450 et
662 1409 833 1449 militum
853 1423 977 1462 opera
998 1410 1189 1450 adversus
1209 1411 1450 1465 Philippum
1465 1428 1568 1455 com-

143 1479 293 1506 munem
311 1466 458 1507 hostem
478 1467 541 1506 uti
553 1468 747 1520 populum
771 1466 1010 1507 Romanum.
1069 1465 1104 1490 ⁵³
1114 1466 1289 1508 Gratum
1320 1484 1405 1510 eum
1419 1470 1566 1524 factu·

142 1537 233 1563 runt
263 1529 301 1562 et
330 1524 505 1573 senatui,
533 1525 570 1564 si
601 1538 724 1578 regno
756 1523 894 1564 Attali
925 1523 1141 1572 abstineat,
1170 1524 1347 1579 belloque
1379 1527 1562 1569 absistat.

141 1580 320 1634 AEquum
351 1594 444 1630 esse,
466 1581 590 1621 socios
619 1588 658 1621 et
687 1581 837 1621 amicos
859 1582 1007 1634 populi
1036 1581 1218 1622 Romam·
1246 1597 1358 1637 reges
1386 1585 1496 1626 inter
1524 1600 1565 1627 se

142 1651 295 1691 quoque
316 1651 420 1689 ipsos
433 1651 574 1691 pacem
595 1652 769 1678 servare.

201 1694 287 1735 IX.
321 1694 545 1735 Consulem
578 1695 631 1735 T.
656 1694 917 1744 Quinctium,
947 1693 1009 1735 ita
1036 1694 1181 1736 habito
1211 1695 1392 1748 delectu,
1414 1707 1463 1741 ut
1494 1715 1563 1742 eos

139 1750 226 1791 fere
247 1750 417 1806 legeret,
439 1752 514 1807 qui
534 1751 574 1792 in
599 1751 807 1807 Hispania
826 1758 900 1792 aut
922 1751 1070 1792 Africa
1095 1753 1342 1795 meruissent
1365 1764 1561 1812 spectatae

138 1807 308 1849 virtutis
343 1807 510 1860 milites,
543 1816 836 1864 properantem
867 1807 911 1848 in
942 1808 1198 1864 provinciam
1232 1810 1428 1867 prodigia
1456 1829 1562 1855 nun-
1574 1826 1733 1869 Prodigia.

139 1864 246 1906 ciata
275 1873 403 1920 atque
433 1880 577 1907 eorum
604 1864 845 1921 procuratio
879 1865 1025 1906 Romae
1054 1874 1293 1909 tenuerunt.
1354 1869 1421 1910 De
1456 1871 1561 1913 coelo

137 1929 252 1964 tacta
274 1929 391 1963 erant
417 1922 489 1963 via
513 1923 685 1979 publica
712 1921 838 1973 Veiis,
859 1921 1000 1963 forum
1024 1930 1065 1964 et
1087 1923 1197 1964 aedes
1217 1925 1247 1965 J
1250 1924 1338 1966 ovis
1360 1926 1561 1981 Lanuvii,

139 1978 338 2020 Herculis
357 1978 468 2020 aedes
488 1979 658 2030 Ardeae,
682 1980 840 2036 Capuae
863 1994 1011 2020 murus
1035 1987 1076 2021 et
1094 1988 1234 2022 turres
1255 1989 1296 2024 et
1317 1982 1441 2035 aedes,
1464 2000 1561 2041 quae

137 2035 254 2077 Alba
272 2035 438 2077 dicitur.
470 2036 622 2078 coelum
651 2036 796 2078 ardere
825 2036 963 2078 visum
991 2044 1079 2078 erat
1109 2038 1283 2079 Arretii.
1314 2047 1426 2082 terra
1450 2042 1561 2084 Veli-

137 2091 213 2134 tris
232 2092 363 2134 trium
377 2092 578 2149 jugerum
600 2094 734 2150 spatio
754 2109 929 2135 caverna
948 2093 1108 2149 ingenti
1128 2094 1357 2138 desederat.
1397 2098 1558 2141 Suessae

137 2149 355 2191 Auruncae
375 2150 626 2192 nuntiabant
654 2166 811 2207 agnum
841 2165 938 2192 cum
965 2151 1132 2192 duobus
1159 2152 1367 2208 capitibus
1393 2163 1556 2208 natum,

137 2214 180 2249 et
212 2206 417 2248 Sinuessa—:-
448 2221 624 2263 porcum
649 2208 833 2249 humano
862 2207 1010 2264 capite.
1070 2208 1233 2249 Eorum
1266 2210 1557 2267 prodigiorum

134 2277 279 2306 caussa
299 2264 550 2320 supplicatio
579 2279 712 2306 unum
741 2264 851 2306 diem
880 2265 1036 2306 habita.
1068 2273 1109 2306 et
1134 2267 1322 2308 consules
1348 2269 1473 2311 rebus
1495 2270 1557 2311 di-

133 2320 242 2362 vinis
265 2336 435 2377 operam
461 2321 695 2370 dederunt;
739 2322 998 2378 placatisque
1033 2322 1140 2372 Diis,
1176 2324 1354 2379 profecti
1384 2325 1425 2366 in
1461 2342 1556 2383 pro-

134 2376 290 2421 vincias
317 2385 427 2434 sunt.
499 2378 641 2421 AElius
670 2394 765 2420 cum
798 2380 846 2420 C.
874 2378 1028 2420 Helvio
1061 2387 1242 2435 praetore
1273 2382 1314 2423 in
1346 2383 1761 2443 Galham23sslius00s,

689 2478 781 2521 ⁰f0re
793 2477 892 2509 Gron.
907 2478 998 2510 Crev.
1566 2440 1731 2514 paiz-Gal·

178 2562 216 2592 31
243 2561 280 2592 Id
299 2569 423 2605 gratum
443 2564 558 2594 senatui
571 2562 658 2605 fore]
687 2562 764 2605 Ejus
779 2562 823 2594 rei
866 2564 928 2605 tui]
969 2562 1145 2594 Sustulerat
1181 2565 1334 2596 Gelenius
1367 2566 1554 2607 particulam

137 2613 301 2636 memorem
328 2606 391 2637 fore
421 2611 562 2638 senatum
592 2606 698 2647 gratiis
730 2616 824 2650 opera
866 2612 910 2637 et:
964 2605 1099 2648 reposuit
1151 2607 1336 2644 Gronovius,
1389 2610 1554 2640 obsecutus

138 2656 231 2687 reque
246 2649 423 2681 referendis,
468 2650 684 2681 Gnoxovms.
867 2649 961 2680 MSS.
987 2649 1174 2681 auctoritati.
1227 2651 1260 2682 Si
1285 2652 1341 2681 illa
1362 2657 1407 2682 est
1429 2662 1447 2682 a
1470 2651 1551 2683 Livii

179 2691 220 2720 32
242 2692 364 2723 Auxilia
391 2703 443 2723 nec
472 2695 542 2732 ipsos
570 2693 702 2723 missuros
725 2715 734 2724 .
749 2703 824 2723 .nec
866 2702 973 2728 manu,
989 2692 1076 2723 locus
1089 2693 1226 2735 profecto
1241 2693 1366 2724 vitiosus
1381 2699 1437 2724 est.
1480 2695 1551 2726 Ru-

135 2733 231 2762 Attali
259 2736 370 2765 auxilia
400 2735 576 2776 retenturos]
624 2736 725 2766 Vacat
755 2746 819 2766 om-
863 2735 974 2766 benius
996 2736 1082 2777 legit,
1099 2736 1228 2772 Gratum
1251 2739 1288 2772 ei,
1304 2747 1414 2777 nempe
1435 2738 1550 2780 populo

136 2775 209 2806 nino
236 2778 384 2818 posterius
414 2778 493 2808 illud
521 2779 646 2814 auxilia,
675 2783 706 2809 et
733 2778 820 2810 vide·
865 2779 1020 2814 Romano,
1042 2779 1192 2820 futmum
1221 2785 1247 2809 et
1273 2781 1398 2810 senatui.
1450 2780 1550 2811 Fatu-

135 2823 183 2848 tur
199 2828 215 2848 e
230 2819 366 2860 margine
381 2820 414 2851 in
429 2826 608 2852 contextum
622 2821 786 2864 irrepsisse.
864 2833 932 2853 rum
948 2821 1096 2863 reperitur
1110 2821 1143 2852 in
1159 2821 1278 2853 duobus
1292 2822 1388 2854 MSS.

176 2862 216 2893 33
247 2861 377 2893 Gratum
405 2875 470 2894 eum
492 2864 654 2905 facturum
684 2871 710 2895 et
739 2875 819 2895 sena-
1078 2882 1080 2884 ·

981 2921 1007 2947 E
1030 2912 1055 2947 4·
