1947 3222
549 72 674 109 LIB.
702 71 789 109 XL.
838 74 866 108 C
885 74 915 109 A
932 73 971 110 P.
1002 73 1196 112 XXXVI.
1503 80 1575 118 457

153 195 302 237 negare
333 195 415 222 non
437 195 568 235 posse,
598 182 695 236 quin
727 181 870 221 rectius
898 182 966 231 sit,
998 182 1120 222 etiam
1152 183 1208 222 ad
1227 190 1400 236 pacatos
1430 185 1767 228 Μῶα-110572.

152 255 231 289 ros,
254 240 427 280 nondum
449 239 547 281 satis
575 240 760 279 adsuetos
780 239 965 291 imperio,
988 239 1202 278 exer-'cetum
1229 242 1350 281 mitte.
1381 255 1482 283 novo
1501 241 1628 283 au-A·
1640 240 1678 272 C.
1698 241 1768 271 180-

150 304 242 349 tem,
264 311 318 336 an
341 303 470 337 vetere
489 298 666 336 exercitu
685 309 782 361 opus
801 297 870 346 sit,
891 294 987 349 ejus,
1010 310 1090 336 esse
1110 296 1255 347 dicere,
1277 299 1348 351 qui
1366 301 1468 340 scire
1483 314 1577 354 pos-

152 356 219 403 stt,
254 369 334 408 qua
363 355 450 408 fide
487 353 682 394 Celti-beri
717 354 762 393 in
784 367 890 406 pace
919 354 1101 394 mansuri
1131 353 1236 399 sint‚·
1283 356 1400 396 simul
1431 363 1469 396 et
1504 358 1576 413 qai

152 413 258 452 illud
286 413 535 464 exploratum
565 411 727 461 habeat,
748 412 952 464 quzeturos
980 411 1141 458 milites,
1163 411 1200 450 si
1227 412 1379 453 diutius
1407 415 1448 454 in
1473 428 1575 466 pro-

154 470 290 510 vincia
319 469 586 509 retineantur.
647 468 695 509 Si
724 482 773 508 ex·
801 482 860 517 co,
892 469 999 522 quod
1027 473 1099 508 aut
1136 468 1244 508 inter
1271 482 1313 508 se
1342 470 1573 523 loquantur,

154 533 225 568 aut
253 525 631 567 subclamationibus
659 527 773 578 apud
799 527 1100 566 concionantem
1132 526 1411 578 imperatorem
1447 529 1575 582 signi-

133 585 280 639 ficent,
303 583 405 637 quid
432 583 623 634 sentiant,
643 582 943 649 conjectandum
974 584 1049 629 sz't,·
1074 583 1219 636 palam
1249 583 1490 638 vocfferatos
1519 600 1578 626 es-

154 656 208 690 se,
240 647 312 681 aut
347 641 629 694 imperatorem
661 641 705 680 in
729 641 947 693 provincia
978 646 1216 689 retenturos,
1247 647 1320 681 aut
1348 655 1434 682 cum
1465 656 1509 682 eo
1539 644 1582 682 in.

155 699 324 740 Italiam
345 704 532 739 venturos
552 711 644 740 esse.
705 697 1064 762 Disceptationem
1096 697 1205 738 inter
1225 706 1449 754 praetorem
1472 698 1583 756 lega-

157 765 335 821 tumque
365 754 584 796 consulum
604 754 753 796 relatio
782 755 1034 811 interrupit3
1067 755 1142 810 qui
1163 753 1196 778 ²¹
1206 770 1300 796 suas
1328 756 1467 796 ornari
1489 772 1585 813 pro-

155 814 324 862 vincias,
357 811 605 868 priusquam
636 811 688 853 de
718 812 912 876 praetoris
943 812 1130 853 exercitu
1164 821 1375 868 ageretur,
1412 828 1585 869 aequum

155 870 389 911 censebant.
451 870 600 910 Novus
627 884 761 910 01111115
781 868 990 912 exercitus
1020 847 1262 910 consulibus
1281 878 1345 911 est
1366 869 1583 912 decretus:

155 927 265 969 binae
285 926 468 1006 legiones
499 927 702 967 Romanae
723 941 819 967 cum
851 942 927 967 suo
947 926 1157 982 equitatu,
1180 935 1221 968 et
1252 926 1411 968 socifim
1443 927 1585 969 Latini

155 984 348 1034 nomime,
379 982 605 1046 ”quantus
635 998 797 1047 semper
832 998 1047 1034 numerus,
1079 983 1319 1038 quindecim
1355 983 1487 1025 millia
1515 999 1587 1040 pe-

157 1041 296 1082 ditum
337 1049 378 1081 et
418 1040 647 1096 octingenti
688 1040 863 1095 equites
906 1055 1002 1081 cum
1043 1040 1122 1080 hoc
1162 1040 1348 1082 exercitu
1391 1041 1587 1097 Apuanis

160 1098 394 1154 Liguribus
415 1105 464 1138 ut
485 1097 643 1138 bellum
673 1098 891 1147 inferi-‚ent
914 1096 1162 1137 mandatum
1182 1105 1257 1139 est.
1319 1098 1367 1139 P.
1392 1098 1587 1139 Cornelio

154 1163 196 1197 et
238 1156 301 1195 M.
345 1154 492 1195 Baebio
530 1161 807 1210 prorogatum
849 1153 1087 1210 imperium,
1119 1153 1313 1219 jussique
1353 1154 1587 1210 provincias

156 1212 357 1260 obtinere,
389 1211 520 1252 donec
551 1211 740 1252 consules
770 1211 990 1252 venissent.
1023 1219 1115 1251 tum
1145 1210 1414 1267 imperatum,
1437 1219 1500 1262 ut,
1524 1212 1586 1252 di-

154 1269 294 1318 misso,
317 1283 446 1324 quem
463 1267 683 1318 haberent,
706 1268 909 1317 exercitu,
931 1275 1243 1309 reverterentur
1263 1269 1457 1309 Romam.
1520 1270 1587 1310 De

156 1326 226 1367 Ti.
258 1324 491 1381 Sempronii
523 1324 674 1366 deinde
704 1324 891 1366 exercitu
922 1335 1063 1366 actum
1094 1333 1167 1366 est.
1200 1339 1351 1366 novam
1382 1325 1587 1381 legionem

155 1383 193 1423 ei
215 1384 405 1438 quinque
434 1381 612 1422 millium
642 1390 683 1423 et
712 1381 989 1423 ducentorum
1019 1381 1213 1447 peditum
1244 1398 1340 1423 cum
1371 1382 1588 1438 equitibus

156 1438 478 1504 quadringentis
508 1438 696 1480 consules
718 1438 897 1479 scribere
921 1439 1054 1494 jussi·
1045 1471 1055 1487 ,
1089 1447 1130 1480 et
1151 1439 1264 1479 mille
1292 1447 1497 1496 praeterea
1516 1456 1587 1504 pe-

156 1496 291 1537 ditum
326 1496 481 1536 civium
510 1496 810 1559 Romanorum,
835 1495 1146 1551 quinquaginta
1175 1497 1362 1552 equites:
1395 1504 1437 1537 et
1469 1512 1587 1538 socns

155 1569 178 1594 e
199 1553 364 1594 nomine
388 1551 579 1594 Latino
571 1568 775 1608 imperare
804 1561 961 1608 septem
992 1552 1123 1593 millia
1150 1553 1358 1616 peditum,
1381 1562 1588 1596 trecentos

154 1611 330 1666 equites.
362 1624 459 1651 cum
494 1610 574 1651 hoc
609 1609 796 1651 exercitu
828 1610 988 1665 placuit
1023 1610 1083 1650 ire
1120 1610 1165 1650 in
1198 1609 1447 1666 Hispaniam
1488 1610 1586 1652 cite-

154 1682 305 1708 rlorem
337 1666 405 1707 Ti.
437 1666 745 1723 Sempronium.
807 1666 905 1716 ²²³Q.
931 1666 1085 1707 Fulvio
1116 1667 1382 1722 permissum,
1414 1676 1478 1718 ut,
1502 1669 1586 1731 qui

155 1724 322 1775 milites,
353 1732 450 1765 ante
483 1725 553 1780 Sp.
587 1723 891 1775 Postumiumu,
925 1725 974 1774 Q.
1007 1723 1220 1765 Marcium
1250 1724 1456 1776 consules,
1478 1740 1587 1766 cives

685 1796 789 1828 ¹¹add.
806 1803 833 1828 et
849 1797 949 1829 Gron.
965 1799 1055 1828 Crev.

193 1853 233 1882 21
260 1851 334 1882 Suus
361 1853 463 1882 ornari
485 1852 668 1900 provincias]
706 1853 845 1883 Decerni
890 1858 948 1888 tes,
967 1856 1086 1894 quanto
1109 1852 1184 1884 item
1206 1863 1332 1884 numero
1354 1853 1477 1884 socialis
1499 1864 1586 1885 exer

153 1904 192 1925 ea
221 1905 290 1936 quae
327 1894 390 1925 suis
408 1894 585 1944 provmciis
619 1905 698 1937 opus
733 1901 846 1928 essent.
891 1895 970 1927 citus
996 1902 1196 1938 superaturus
1221 1902 1302 1928 esset
1324 1896 1487 1927 duodecim
1518 1897 1586 1927 mil-

152 1937 292 1968 Verbum
314 1939 414 1968 ormm'
428 1947 585 1980 proprium
606 1944 653 1968 est
672 1938 754 1968 hac
747 1949 778 1969 in
795 1949 838 1970 re.
891 1938 934 1969 lia
970 1938 1120 1981 peditum,
1159 1945 1319 1970 sexcentos
1354 1939 1485 1980 equites,
1515 1950 1586 1970 eum

193 1981 235 2010 22
261 1980 398 2014 Quantus
427 1991 536 2019 semper
564 1981 719 2022 numerus]
768 1982 847 2012 Vult
892 1991 1052 2012 numerum
1111 1981 1251 2024 peditum
1297 1981 1499 2024 equitumque
1544 1984 1586 2020 Q.

151 2022 321 2070 Lipsiusl.
339 2023 386 2053 II.
402 2022 441 2053 de
463 2022 560 2054 Milit.
586 2024 681 2055 Rom.
705 2023 795 2054 Dial.
810 2025 840 2054 7.
888 2023 1016 2055 Fulvius
1043 2034 1149 2055 secum
1171 2035 1294 2066 quoque
1321 2025 1507 2066 deportaret,
1534 2035 1586 2056 eos

152 2064 202 2096 hic
232 2065 304 2106 legi,
327 2073 455 2106 quantus
477 2073 540 2096 tum
562 2077 671 2105 semper
692 2078 843 2103 numerus,

151 2108 227 2149 quia
241 2108 385 2139 nimirum
399 2119 437 2140 ex
461 2109 551 2140 Livio
566 2115 597 2140 et
618 2110 750 2151 Polybio
771 2120 844 2141 con-

152 2156 225 2186 stat,
242 2162 261 2182 a
282 2151 382 2187 sociis,
398 2157 433 2182 ut
454 2151 632 2194 plurimum,
648 2163 755 2195 parem
777 2153 845 2183 Ro-

151 2194 253 2225 manis
286 2194 460 2236 legionibus
492 2194 633 2236 peditum
669 2206 843 2233 numerum,

153 2237 310 2279 duplicem
325 2238 468 2285 equitum
486 2238 583 2269 solere
596 2239 736 2280 praeberi.
781 2221 844 2270 Sed

151 2280 229 2311 illud
259 2288 323 2311 tum
349 2280 471 2311 etiamsi
497 2290 559 2311 non
578 2281 777 2323 exprimatur,
798 2282 844 2312 fa-

152 2323 211 2354 cile
233 2333 271 2354 ex
294 2323 362 2366 ipsa
383 2333 415 2354 re
436 2323 571 2365 suppleri
593 2329 703 2365 potest.
747 2324 845 2356 Intel-

153 2365 215 2407 lige
249 2367 353 2413 igitur·
378 2366 593 2397 tantummodo
637 2366 695 2399 hoc
724 2367 790 2408 jam
827 2378 847 2398 a

154 2408 259 2440 multis
282 2408 372 2440 annis
397 2415 551 2440 servatum
575 2419 652 2441 esse.
696 2411 726 2442 V
729 2410 771 2441 id.
794 2421 845 2441 su-

154 2461 220 2493 pra,
237 2461 267 2482 c.
283 2454 333 2483 18.

196 2494 239 2524 23
265 2495 300 2529 Q.
337 2495 446 2526 Fulvio
488 2497 669 2535 permissum,
705 2495 756 2536 nt]
804 2496 846 2533 Q.

158 2535 269 2567 Fulvio
303 2538 484 2579 permissum
519 2543 576 2574 est,
604 2544 639 2569 ut
675 2538 850 2586 deportaret

156 2587 261 2609 secum
284 2578 316 2609 in
338 2580 465 2612 Italiam
486 2591 538 2612 eos
560 2581 685 2617 milites,
701 2592 754 2622 qui
778 2587 851 2612 ante

161 2622 216 2662 Sp.
247 2622 441 2654 Postumium
467 2629 499 2654 et
529 2625 571 2662 Q.
597 2622 754 2654 Marcium
776 2634 850 2655 con-

157 2664 240 2695 sules
275 2664 307 2694 in
344 2664 528 2707 Hispaniam
565 2667 765 2709 transportati
802 2677 850 2698 es-

156 2712 245 2746 sent,
294 2712 326 2737 et
361 2713 519 2748 praeterea‚
556 2716 673 2751 quanto
709 2720 848 2745 numera,

156 2755 226 2789 post
269 2750 518 2792 supplementum
561 2753 743 2787 adductum,
779 2753 849 2784 duae

156 2792 294 2832 legiones
330 2793 514 2825 excederent
549 2795 657 2826 decem
694 2795 794 2827 millia
819 2801 852 2827 et

157 2835 399 2877 nuadn'ngentos
421 2836 551 2878 pediteS,
576 2843 737 2870 sexcentos
763 2838 850 2880 equi-

887 2067 1080 2108 potissimum
1124 2067 1301 2109 deligendo,
1340 2078 1471 2115 quorum
1515 2068 1585 2099 forti

888 2120 982 2152 opera
995 2121 1069 2141 usus
1092 2116 1182 2141 esset.
1226 2111 1288 2141 Sex
1310 2109 1410 2141 millia
1423 2115 1454 2141 et
1467 2111 1584 2142 ducen-

888 2158 936 2184 tos
964 2153 1083 2200 pedites
1113 2153 1275 2185 Romanos
1301 2153 1352 2184 Ti.
1383 2154 1584 2196 Sempronius

886 2196 919 2226 in
942 2195 1128 2238 Hispaniam
1149 2206 1252 2228 secum
1279 2196 1468 2227 adducebat.
1516 2198 1583 2228 De

888 2249 956 2270 cern
992 2239 1092 2270 millia
1128 2245 1159 2270 et
1202 2239 1422 2281 quadringenti
1461 2239 1583 2282 pedites

889 2281 1026 2313 Romani
1050 2282 1084 2312 in
1110 2282 1266 2324 Hispania
1300 2292 1457 2313 remanere
1486 2283 1581 2313 debe-

888 2325 977 2356 bant.
1020 2325 1102 2366 Ergo
1124 2335 1142 2356 e
1166 2331 1268 2357 vetere
1291 2325 1427 2357 exercitu
1451 2330 1583 2366 quatuor

889 2373 1011 2399 tantum
1032 2368 1132 2398 millia
1153 2373 1184 2399 et
1198 2368 1326 2399 ducenti
1348 2368 1520 2399 manebunt
1542 2368 1582 2398 ad

889 2410 987 2452 signa.
1034 2410 1140 2442 Ceteri
1161 2421 1267 2442 omnes
1289 2411 1499 2442 dimittentur:
1528 2411 1582 2442 sed

889 2463 925 2485 eo
953 2453 1070 2489 ordine,
1094 2459 1129 2485 ut
1148 2453 1282 2495 primum
1308 2454 1504 2485 dimittantur
1525 2453 1583 2501 qui

891 2501 963 2528 ante
985 2497 1184 2528 consulatum
1205 2497 1358 2528 Postumii
1373 2502 1405 2528 et
1419 2495 1533 2527 Marcii
1549 2506 1582 2526 111

892 2539 1079 2582 Hispaniam
1111 2545 1269 2576 venerant,
1297 2546 1362 2570 tum
1391 2539 1412 2569 ii
1440 2538 1493 2579 qui
1523 2538 1583 2569 for-

893 2588 957 2612 tem
980 2592 1104 2625 operam
1127 2582 1307 2624 reipublicae
1329 2582 1362 2612 in
1383 2581 1504 2612 duobus
1527 2581 1582 2611 ad

892 2635 1000 2656 versus
1037 2625 1208 2656 Celtiberos
1242 2624 1355 2666 praeliis
1385 2629 1586 2654 navaverant.

894 2668 985 2699 Idem
1008 2668 1095 2699 dieas
1118 2668 1156 2698 de
1178 2667 1335 2709 equitibus
1358 2666 1522 2701 Romanis
1547 2665 1586 2696 de

892 2711 1050 2753 peditibus
1064 2710 1280 2751 equitibusque
1292 2708 1394 2740 sociis.
1438 2708 1585 2740 Ceterum

892 2759 963 2795 post
990 2754 1057 2784 haec
1080 2753 1185 2788 verba,
1207 2753 1314 2783 sociam
1336 2752 1440 2782 latini
1465 2753 1588 2782 nominis

893 2798 1044 2827 duodecim
1072 2796 1177 2829 millia,
1206 2794 1382 2825 addidimus
1404 2803 1508 2827 vocem
1537 2805 1605 2833 pe-

895 2840 967 2870 dites
982 2848 1019 2869 ex
1035 2848 1098 2868 uno
1114 2836 1243 2869 Hearnii
1259 2838 1329 2869 MS.

994 2881 1093 2921 114
