1947 3222
528 131 565 168 L
579 130 596 168 I
609 129 654 167 B.
682 128 875 167 XXXIV.
916 129 947 166 C
960 129 996 166 A
1011 128 1053 165 Ρ.
1082 129 1251 168 XXXV.
1530 129 1602 170 165

183 238 360 294 privato.
422 239 559 281 Versis
588 238 732 295 itaque
762 237 902 280 subito
931 237 1236 289 voluntatibus,
1267 238 1416 290 facere,
1433 239 1549 296 quod
1578 255 1795 291 eU.C.555.

183 297 398 352 republica
427 295 572 352 populi
604 295 785 337 Romani
816 294 1106 351 sociorumque
1136 310 1223 336 esse
1252 295 1452 347 crederet,
1474 296 1602 354 impe-
1614 302 1792 334 A.C.195.

183 353 311 394 ratori
331 353 622 409 permiserunt.

242 410 441 450 XXXV.
466 409 573 450 Inde
590 409 827 459 Quinctius,
844 408 1043 451 adhibitis
1063 408 1211 465 legatis
1227 417 1391 451 tantum
1408 408 1605 451 tribunis-
1620 423 1816 468 Legesrpacis

184 482 269 522 que
297 466 494 516 militum,
525 466 798 515 conditiones,
819 466 862 506 in
893 481 997 521 quas
1024 481 1119 507 cum
1147 474 1326 522 tyranno
1355 481 1439 522 pax
1470 466 1746 518 fieret9tyranno

183 523 257 564 has
277 523 531 579 conscripsit.
592 524 672 564 Sea*
690 524 879 564 mensium
902 525 1079 564 inducia>
1096 530 1142 564 ut
1171 529 1297 564 essent
1327 523 1490 563 Nabidi
1515 524 1602 564 Ro·
1615 513 1716 544 d1ctae.

183 581 402 634 manisque,
421 586 459 620 et
479 582 656 621 Eumeni
675 582 777 636 regi,
794 588 833 621 et
853 581 1039 621 Rhodiis.
1102 581 1278 635 Legatos
1294 581 1490 633 extemplo
1509 582 1602 621 mit-

181 643 312 677 terent
340 638 512 678 Romam
541 638 590 678 T.
615 639 827 686 Quinctius
854 645 892 678 et
922 638 1069 686 Nabis,
1097 645 1141 678 ut
1165 653 1255 691 pax·
1281 653 1330 678 εκ
1360 639 1605 679 auctoritate

180 701 342 735 senatus
361 695 677 748 coifirmaretur.
736 697 807 736 Ex
835 710 914 749 qua
944 697 1012 736 die
1035 697 1197 748 scripta’
1225 697 1475 737 conditiones
1487 696 1606 749 pacis

181 752 303 792 editae
324 752 486 792 Nabidi
488 753 652 806 forent,
674 767 722 793 ea
752 754 838 793 dies
858 759 901 793 ut
927 754 1181 793 induciarum
1205 753 1456 806 principium
1486 759 1605 794 esset.-

180 815 219 849 et
240 815 284 849 ut
304 825 353 849 ex
373 824 419 849 ea
442 811 508 850 die
522 811 634 850 intra
655 811 844 850 decimum
866 811 969 850 diem
986 810 1037 850 ab
1054 810 1179 864 Argis
1199 812 1414 865 ceterisque
1428 811 1606 863 oppidis,

183 880 272 920 quae
291 866 325 890 ‘²²
334 868 377 907 in
400 867 643 921 Argivorum
663 867 798 921 agris²⁵
818 873 959 917 essent,
974 869 1178 920 praesidia
1207 869 1343 908 omnia
1370 869 1609 908 deduceren-

182 931 270 963 tur.-
301 939 504 978 vacuaque
524 931 562 964 et
582 924 713 964 libera
733 925 995 964 traderentur
1010 925 1220 964 Romanis.
1251 924 1303 964 et¹
1324 939 1374 964 ne
1394 926 1501 978 quod
1515 926 1611 966 inde

184 980 468 1035 ‘²⁷³mancipium
488 982 640 1035 regium
654 981 908 1034 publicumve
927 987 1000 1021 aut
1022 982 1232 1033 privatum
1259 983 1492 1022 educeretur
1499 1004 1515 1028 ,-
1556 988 1608 1031 et,

183 1039 221 1079 si
241 1053 321 1093 qua
341 1046 437 1079 ante
457 1040 598 1080 educta
603 1039 767 1092 forent,
789 1039 961 1079 dominis
979 1037 1125 1079 “streete
1143 1040 1464 1081 restituerentur.
1516 1039 1610 1080 Na-

184 1110 261 1144 ves,
299 1110 397 1150 quas
431 1095 691 1136 2⁵civitatibus
729 1096 949 1136 maritimis
988 1097 1216 1146 ademisset,
1251 1097 1463 1137 redderet:
1512 1110 1610 1138 neve

183 1153 269 1205 ipse
288 1166 427 1194 navem
447 1154 585 1201 ullam,
602 1159 761 1205 praeter
781 1154 878 1194 duos
897 1153 1054 1201 lembos,
1077 1155 1150 1207 qui
1169 1167 1250 1193 non
1268 1155 1366 1207 plus
1386 1167 1503 1208 quam
1524 1168 1611 1195 sex-

181 1210 302 1250 decim
323 1211 441 1251 remis
468 1217 699 1265 agerentur,
721 1210 898 1251 haberet.
963 1210 1169 1265 Perfugas
1189 1217 1256 1251 etm
1274 1213 1460 1264 captivos
1478 1212 1610 1252 omni-

181 1267 252 1308 bus
271 1269 390 1309 sociis
401 1268 552 1321 populi
566 1267 749 1308 Romani
767 1267 1001 1309 civitatibus
1020 1269 1221 1318 redderet,
1237 1275 1276 1309 et
1296 1269 1516 1310 Messeniis
1530 1283 1610 1310 om-

183 1325 269 1375 nia,
287 1339 377 1379 quce
396 1331 690 1378 comparerent,
708 1339 872 1379 quaeque
892 1326 1048 1366 domini
1066 1332 1358 1380 cognoscerent.
1398 1325 1609 1367 ”Exsuli-

183 1381 253 1423 bus
274 1397 426 1437 quoque
449 1383 768 1423 Lacedaemoniis
796 1383 944 1423 liberos
972 1389 1011 1423 et
1040 1383 1227 1438 conjuges
1255 1385 1497 1433 restitueret,
1519 1397 1610 1438 quae

184 1454 319 1480 earum
341 1441 449 1481 viros
463 1440 576 1494 sequi
597 1441 830 1480 voluissent:
863 1441 996 1481 invita
1017 1454 1066 1480 ne
1087 1455 1167 1494 qua
1187 1442 1335 1481 exsulis
1354 1455 1481 1482 comes
1498 1448 1609 1482 esset.

185 1496 536 1537 Mercenariorum
558 1498 727 1537 militum
750 1497 944 1543 Nabidis,
964 1498 1034 1550 qui
1053 1504 1125 1537 aut
1146 1499 1187 1537 in
1208 1499 1394 1538 civitates
1413 1512 1519 1548 suas,
1538 1505 1611 1540 aut

183 1555 242 1593 ad
260 1554 466 1595 Romanos
490 1555 768 1602 transissentfl,
793 1555 845 1594 iis
865 1568 928 1595 res
948 1568 1029 1594 suae
1049 1568 1180 1595 omnes
1201 1561 1306 1595 reete
1328 1557 1608 1597 redderentur.

184 1610 238 1651 In
268 1611 392 1652 Creta
423 1612 557 1652 insula
584 1625 634 1650 ne
654 1625 772 1665 quam
793 1610 925 1651 urbem
946 1611 1130 1653 haberet:
1161 1626 1260 1665 quas
1280 1613 1494 1661 habuisset,
1516 1614 1609 1653 red-

185 1669 298 1709 deret
326 1669 535 1709 Romanis.
597 1668 664 1708 Ne
692 1682 810 1721 quam
836 1669 1064 1708 societatem
1083 1667 1206 1709 2Teum
1226 1670 1339 1718 ,ull00
1362 1669 1609 1710 Cretensium

183 1732 255 1766 aut
275 1740 472 1780 quoquam
496 1725 582 1766 alio
603 1726 844 1773 institueret,
866 1740 944 1766 neu
963 1725 1106 1766 bellum
1126 1732 1297 1780 gereret.
1363 1727 1610 1768 Civitatibus

184 1783 378 1835 omnibus,
399 1797 498 1837 quas
529 1784 614 1836 ipse
637 1783 887 1830 restituisset,
911 1796 1076 1837 quaeque
1095 1798 1136 1824 se
1164 1798 1314 1838 suaque
1344 1784 1388 1824 in
1399 1785 1534 1837 fidem
1561 1798 1609 1826 ac

184 1840 378 1881 ditionem
390 1841 541 1894 populi
560 1840 738 1880 Romani
764 1841 1046 1890 tradidissent,
1068 1842 1204 1882 omnia
1220 1842 1423 1893 praesidia
1445 1843 1609 1883 deduce-

182 1904 270 1939 ret.-
301 1912 418 1952 seque
439 1898 525 1950 ipse
543 1911 709 1952 suosque
728 1897 780 1938 ab
799 1898 863 1938 bis
882 1897 1116 1939 abstineret.
1180 1898 1245 1939 Ne
1274 1900 1381 1953 quod
1399 1900 1607 1953 oppidum,

183 1969 233 1996 ne
252 1957 359 2010 quod
377 1956 580 1996 castellum
601 1956 645 1996 in
666 1969 737 1996 suo
759 1955 941 1997 alienove
969 1969 1072 2010 agro
1091 1957 1290 1997 conderet.
1355 1956 1535 2007 Obsides,
1558 1972 1608 1998 ea.

227 2041 246 2066 k
260 2053 332 2085 agro
348 2042 441 2075 Crev.
525 2039 577 2073 let
591 2041 652 2075 del.
669 2041 767 2075 Gron.
780 2042 873 2074 Crev.
959 2045 984 2063 ¹¹¹
999 2049 1026 2074 et
1037 2041 1099 2075 del.
1115 2042 1204 2075 Eaed.
1291 2045 1309 2064 ¹²
1324 2044 1503 2075 transiissent
1518 2045 1608 2078 Eaed.

184 2089 202 2107 ⁰
216 2086 282 2117 ulla
295 2086 395 2118 Gron.

227 2161 271 2192 ‘22
294 2160 333 2191 In
351 2161 529 2203 Argivorum
550 2163 638 2204 agro]
662 2161 772 2194 Minus
792 2162 872 2194 bene

185 2203 336 2235 hactenus
358 2203 509 2236 edebatur
533 2207 623 2247 agris.
650 2232 659 2237 -
676 2204 873 2237 Correximus

186 2246 295 2278 moniti
323 2257 343 2278 a
371 2248 441 2279 Jac.
468 2248 635 2285 Gronovio‚
665 2249 719 2290 qui
747 2249 872 2280 Thuan.

186 2290 326 2322 codicem
347 2295 379 2321 et
401 2290 562 2322 Andream
587 2296 725 2323 auctores
746 2291 873 2331 allegat.

185 2333 320 2364 Accedit
331 2343 411 2365 unus
425 2343 443 2365 e
457 2334 554 2365 MSS.
568 2334 711 2371 Hearnii,
725 2341 757 2366 et
770 2340 874 2366 noster

915 2166 1051 2199 muntur,
1072 2161 1146 2192 dum
1166 2160 1293 2202 jubetur
1314 2161 1395 2193 infra
1417 2172 1449 2194 se
1474 2172 1608 2204 suosque

917 2206 956 2236 ab
984 2205 1032 2236 his
1062 2203 1241 2236 civitatibus
1273 2205 1438 2243 abstinere,
1467 2216 1538 2248 quae
1575 2216 1608 2237 se

917 2258 1036 2289 suaque
1062 2247 1097 2278 in
1125 2247 1218 2279 fidem
1247 2258 1284 2279 ac
1320 2248 1470 2280 ditionem
1500 2248 1607 2291 populi

917 2290 1054 2323 Romani
1068 2290 1279 2322 tradidissent.

960 2335 1002 2366 26
1026 2334 1182 2364 Easulibus
1199 2356 1208 2365 .
1232 2356 1240 2365 .
1264 2357 1273 2364 .
1296 2355 1305 2364 .
1328 2333 1555 2373 Lacedoemonz'is
1571 2334 1608 2364 li-

185 2376 305 2407 Victor.

228 2420 269 2450 23
293 2419 480 2459 mancipium
505 2420 636 2461 regium]
675 2419 876 2461 Intelligendi

187 2460 328 2492 videntur
343 2462 422 2493 servi
435 2462 489 2503 qui
510 2468 615 2494 essent
637 2462 775 2505 Philippi
797 2463 877 2503 regis

189 2503 412 2544 Macedonum,
442 2505 530 2547 cujus
564 2505 597 2536 in
631 2512 783 2549 potestate
819 2505 873 2536 diu

188 2545 287 2577 suerat
297 2547 408 2588 Argos.
452 2549 620 2579 Publicum.
665 2549 729 2587 Qui
740 2549 874 2580 civitatis

189 2588 372 2629 Argivorum
386 2591 464 2622 servi
478 2591 588 2623 forent.

232 2632 274 2661 24
297 2632 385 2663 Recte
415 2635 654 2676 restituerentur]
692 2635 764 2666 Vox
798 2640 874 2665 recte

191 2683 209 2703 a
225 2673 452 2718 ,jurisconsultis
473 2684 638 2719 usurpatur
658 2688 696 2708 eo
717 2687 820 2713 sensu,
838 2684 874 2708 ut

191 2716 309 2757 ahquid
327 2717 392 2748 sine
414 2719 534 2756 fraude,
547 2720 613 2752 sine
628 2721 699 2753 dolo
722 2720 804 2752 malo
827 2720 872 2751 fa-

189 2758 334 2789 ciendum
347 2770 413 2791 esse
426 2760 573 2794 indicent.

232 2802 300 2833 25·
313 2801 486 2834 Civitatibus
522 2805 690 2846 rmzritimis]
736 2807 817 2843 Quae
854 2817 874 2837 a

191 2845 228 2874 L.
244 2844 373 2882 Quintio
394 2852 505 2887 captae,
525 2848 635 2889 (supra
658 2858 687 2878 c.
708 2849 780 2889 29.)
805 2849 873 2880 Na-

190 2886 272 2918 bidis
294 2886 494 2919 dominationi
516 2889 573 2921 hoc
596 2890 662 2932 ipso
676 2890 793 2922 foedere
807 2891 871 2923 exi-

918 2377 996 2408 beros
1020 2383 1047 2407 et
1069 2378 1219 2418 conjuges]
1252 2377 1395 2408 Fortasse
1416 2376 1467 2407 bic
1493 2376 1610 2408 excidit

919 2431 978 2450 vox
1001 2422 1083 2455 bona,
1099 2419 1143 2449 ita
1165 2425 1200 2450 ut
1221 2419 1388 2461 legendum
1407 2420 1462 2450 sit:
1489 2419 1608 2450 E1suli-

920 2465 970 2494 bus
999 2485 1008 2494 .
1034 2485 1044 2494 .
1074 2462 1304 2493 Lacedoemoniis
1332 2464 1415 2499 bona,
1444 2463 1553 2498 liberos,
1580 2469 1608 2493 et

916 2508 1052 2548 conjuges
1076 2507 1252 2536 restitueret.
1296 2506 1439 2548 Apparet
1464 2505 1547 2536 enim
1569 2516 1608 2536 ex

917 2560 944 2580 c.
961 2560 1026 2590 seq.
1038 2549 1160 2590 jussum
1175 2559 1240 2580 esse
1264 2548 1372 2580 Nabin
1393 2550 1477 2580 bona
1492 2547 1607 2578 exsuli-

917 2592 975 2622 bus
991 2592 1129 2623 reddere.

961 2636 1000 2665 27
1040 2635 1114 2665 Cum
1142 2633 1205 2663 ullo
1235 2633 1434 2672 Cretensium]
1472 2632 1607 2674 Populo,

916 2677 1061 2719 dynasta.
1111 2676 1319 2708 Gronovianae
1345 2675 1497 2706 editiones
1517 2675 1604 2706 exhi-

915 2720 992 2751 bent
1016 2732 1081 2751 cum
1109 2721 1173 2750 ulla.
1196 2720 1394 2750 Cretensium:
1419 2728 1473 2759 per
1495 2728 1603 2760 opera-

916 2774 995 2800 rum,
1012 2769 1046 2794 ut
1067 2762 1374 2798 videtursincuriam.
1418 2760 1503 2791 Vict.
1526 2760 1606 2792 liber.

917 2812 949 2836 et
965 2806 1116 2838 vetustius
1132 2805 1197 2836 cusi
1214 2805 1245 2835 id
1260 2810 1383 2836 servant
1398 2804 1482 2845 quod
1505 2803 1603 2836 edidi-

917 2860 995 2880 mus.

989 2935 1072 2973 ΜΒ
