1947 3222
364 109 448 141 '100
903 99 1041 139 T1T1
1088 99 1257 138 LIVH
1302 118 1312 128 Δ

213 221 250 254 C.
262 222 337 253 555.
371 219 490 268 parte
528 211 779 260 militabant,
819 207 1090 265 octingentos.
1164 209 1246 249 His
1284 208 1417 249 additi
1461 208 1614 258 Boeoti,
1652 209 1786 249 Thes-

215 265 336 312 03197.
371 267 545 324 salique,
573 275 614 309 et
643 268 884 310 Acarnanes
913 265 1039 316 mille,
1069 265 1219 307 scutati
1253 280 1409 315 omneS,
1441 273 1481 306 et
1516 280 1568 306 ex
1600 265 1786 321 ipsorum

373 324 688 367 Corinthiorum
715 325 956 381 juventute,
978 322 1138 380 inpleta
1161 330 1209 364 ut
1239 331 1373 363 essent
1395 337 1465 363 sex
1496 321 1627 362 millia
1655 336 1787 362 arma-

368 389 526 432 torum,
570 381 767 422 fiduciam
817 379 1105 420 Androstheni
1153 379 1342 420 fecerunt
1391 378 1476 420 acie
1525 377 1788 419 decernendi.

370 436 674 480 ⁶⁴¹Nicostmtus
708 443 863 493 praetor
884 435 1138 476 Achaeorum
1172 435 1347 491 Sicyone
1377 443 1463 476 erat
1495 450 1590 476 cum
1621 434 1788 476 duobus

369 494 555 536 millibus
584 494 790 550 peditum,
812 499 981 532 centum
1011 491 1235 547 equitibus.
1268 491 1353 542 sed,
1376 492 1561 548 inparem
1584 507 1625 533 se
1646 499 1687 533 et
1712 506 1788 532 nu-

370 565 485 592 mero
516 559 558 593 et
592 565 742 606 genere
773 548 955 589 militum
984 562 1167 599 cernens,
1197 549 1406 590 moenibus
1435 563 1515 590 non
1547 547 1786 589 excedebat.

372 607 520 662 Regiae
554 607 684 663 copiae
724 605 915 662 peditum
949 604 1224 661 equitumque
1258 621 1376 661 vagae
1413 605 1711 655 Pellenensem,
1746 612 1786 646 et

373 664 619 712 Phliasium,
646 671 687 704 et
720 661 961 703 Cleonaeum
991 677 1155 717 agrum,
1184 661 1561 718 depopulabantur.
1623 664 1789 703 Postre-

371 736 453 770 mo,
476 720 774 776 exprobrantes
804 727 963 759 metum
992 717 1117 768 hosti,
1137 718 1181 758 in
1210 718 1311 759 fines
1339 718 1625 775 Sicyoniorum
1657 726 1789 760 trans-

371 776 645 818 scendebant:
677 775 855 817 navibus
875 774 998 816 etiam
1020 774 1287 815 circumvecti
1306 790 1469 815 omnem
1485 790 1599 816 oram
1616 775 1790 816 Achaiae

369 833 601 875 vastabant.
655 834 806 883 -Quum
833 831 879 873 id
908 830 1080 872 effusius
1109 830 1262 881 hostes,
1285 838 1341 881 et,
1362 839 1412 872 ut
1441 831 1490 872 fit
1513 832 1566 873 ab
1595 832 1723 873 nimia
1742 832 1789 872 fi-

368 889 508 940 ducia,
536 889 826 946 neglegentius
855 888 979 930 etiam
1013 888 1213 938 facerent,
1241 887 1521 938 Nicostratus,
1547 903 1661 944 spem
1693 904 1789 930 nac-

368 954 438 988 tus
472 947 765 1004 necopinantes
799 960 869 986 eos
904 944 1190 1000 adgrediendi,
1224 944 1331 986 circa
1371 943 1568 986 finitimas
1602 944 1789 987 civitates

366 1003 568 1045 nuncium
607 1003 820 1045 occultum
859 1001 1006 1052 mittit,
1041 1017 1128 1057 quo
1167 1001 1249 1052 die,
1286 1009 1327 1043 et
1368 1008 1488 1057 quot,
1525 1017 1577 1043 ex
1618 1017 1790 1058 quaque

367 1059 535 1101 civitate
565 1060 714 1101 armati
744 1059 799 1101 ad
829 1058 1094 1114 Apelaurum
1127 1057 1423 1114 (Stymphaliae
1453 1065 1576 1100 terrae
1607 1058 1642 1100 is
1673 1059 1790 1100 locus

366 1119 448 1169 est)
477 1116 754 1158 convenirent.
816 1115 1023 1157 Omnibus
1052 1114 1107 1155 ad
1141 1115 1252 1156 diem
1284 1114 1463 1156 edictam
1492 1115 1663 1171 paratis,
1694 1131 1789 1172 pro·
1944 1096 1947 1154 l

366 1172 502 1214 fectus
532 1173 628 1215 inde
658 1172 885 1229 extemplo,
906 1187 981 1228 per
1010 1171 1290 1213 Phliasiorum
1319 1172 1421 1212 fines
1453 1180 1574 1213 nocte
1597 1172 1787 1223 Cleonas,
1945 1167 1947 1179 Α

365 1230 505 1271 insciis
534 1230 742 1279 omnibus,
764 1229 870 1286 quid
898 1236 1079 1293 pararet,
1100 1229 1303 1285 pervenit.
1363 1230 1499 1270 Erant
1529 1236 1670 1270 autem
1691 1244 1788 1270 cum

365 1301 415 1328 eo
436 1286 626 1343 quinque
655 1286 786 1328 millia
814 1285 1021 1343 peditum,
1042 1284 1076 1309 ⁶⁵
1088 1301 1140 1326 ex
1162 1285 1317 1341 quibus
1349 1293 1572 1327 armaturae
1607 1285 1723 1336 levis,
1745 1294 1787 1328 et
1937 1286 1939 1328 l

364 1344 541 1385 trecenti
573 1345 751 1400 equites,
773 1357 868 1385 cum
904 1342 954 1384 iis
984 1341 1112 1399 copiis
1142 1341 1314 1393 dimissi,
1337 1342 1411 1398 qui
1447 1342 1785 1398 specularentur:

365 1415 491 1456 quam
514 1400 556 1442 in
576 1409 739 1457 partem
759 1401 899 1441 hostes
919 1399 1180 1440 effunderent
1201 1414 1301 1449 sese,
1323 1398 1660 1455 opperiebantur.

377 1484 380 1487 ν
423 1457 523 1498 XV.
555 1457 888 1507 Androsthenes,
910 1455 1096 1497 omnium
1117 1455 1302 1511 ignarus,
1327 1455 1530 1496 Corintho
1556 1456 1786 1512 profectus,

365 1512 421 1554 ad
450 1514 651 1554 Nemeam
675 1513 827 1566 (amnis
858 1520 920 1553 est
953 1512 1220 1553 Corinthium
1253 1519 1294 1552 et
1328 1511 1567 1567 Sicyonium
1600 1512 1788 1554 interflu-

366 1585 438 1611 ens
468 1573 636 1626 agrum)
659 1579 794 1611 castra
822 1569 944 1610 locat.
1005 1568 1115 1610 66Ibi
1146 1576 1266 1625 parte
1296 1567 1469 1609 dimidia
1497 1568 1704 1610 exercitus
1725 1569 1787 1610 di-

365 1628 503 1677 missa,
529 1626 744 1667 dimidiam
774 1625 979 1668 trifariam
1012 1624 1168 1675 divisit,
1197 1633 1239 1666 et
1268 1640 1410 1666 omnes
1439 1625 1601 1681 equites
1630 1625 1789 1667 discur-

366 1697 456 1724 rere
486 1683 539 1724 ad
566 1683 882 1739 depopulandos
915 1682 1039 1723 simul
1059 1681 1093 1707 ⁶⁷
1107 1681 1441 1722 Pellenensiump
1463 1681 1700 1738 Sicyonium
1736 1698 1789 1724 ue

366 1754 502 1795 agros,
528 1747 570 1781 et
602 1740 848 1789 Phliasium,
880 1738 1010 1780 'ubet.
1072 1739 1178 1779 Haec
1208 1738 1289 1780 tria
1318 1738 1482 1779 diversa
1510 1740 1677 1794 agmina
1705 1699 1788 1781 dis-
1934 1790 1935 1794 Ἰ

366 1811 533 1838 cessere.
570 1796 685 1852 quod
726 1796 799 1837 ubi
836 1755 1011 1837 Cieonas
1045 1796 1098 1836 ad
1138 1795 1422 1836 Nicostratum
1463 1796 1671 1851 perlatum
1707 1803 1786 1845 est,
1934 1803 1936 1843 ξ

367 1853 578 1909 extemplo
618 1853 799 1894 validam
839 1851 1184 1894 mercenariorum
1225 1866 1395 1892 manum
1435 1852 1691 1905 praemissam
1730 1853 1785 1894 ad
1933 1859 1936 1911 Ῑ

367 1909 659 1965 occupandum
691 1910 858 1960 saltum,
879 1923 953 1965 per
974 1924 1098 1965 quem
1130 1908 1330 1950 transitus
1360 1908 1403 1949 in
1426 1908 1691 1950 Corinthium
1723 1918 1785 1950 est
1937 1852 1941 1963 i

367 1981 531 2022 agrum,
553 1975 648 2008 ante
679 1966 797 2022 signa
816 1966 1029 2023 equitibus
1050 1974 1098 2006 ut
1118 1965 1496 2022 praegrederentur,
1518 1965 1675 2017 locatis,
1697 1966 1788 2023 ipse

158 221 201 255 U.

157 264 199 296 A.

908 2083 924 2108 P
941 2080 1134 2115 Pellenensem
1152 2080 1242 2111 Crev.

411 2199 452 2229 64
476 2198 661 2229 Nicostratus
671 2198 794 2239 proetor]
820 2199 888 2229 Hoc
904 2198 970 2230 loco
984 2197 1052 2229 uni-

368 2250 440 2271 cum
468 2241 625 2283 exemplar
652 2241 760 2272 habuit
791 2241 966 2272 Niceratus.-
999 2241 1053 2272 sed

369 2284 462 2325 paulo
476 2284 565 2320 infra,
581 2284 634 2315 ubi
649 2295 752 2315 rursus
771 2283 853 2315 idem
869 2284 1053 2316 Achaeorum

369 2333 479 2367 praetor
508 2327 693 2365 nominatur,
722 2327 848 2358 exhibet
875 2328 1054 2358 membrana

371 2369 574 2407 Nicostratus;
598 2376 632 2401 ut
655 2376 686 2400 et
708 2371 882 2412 appellatus
908 2377 953 2401 est
977 2371 1054 2401 libro

369 2413 522 2454 superiore
537 2424 564 2443 c.
580 2414 632 2444 39.

412 2456 453 2486 65
479 2455 522 2485 Ex
548 2458 648 2496 quibvs
669 2462 832 2486 armuturoe
855 2457 924 2486 levis
945 2463 972 2486 et
997 2462 1052 2486 tre-

368 2500 445 2528 centi
477 2499 599 2540 equites]
647 2499 866 2530 Felicissimam
903 2498 1055 2530 Perizonii

369 2541 578 2582 conjecturam
615 2542 840 2583 amplectimur,
875 2541 927 2582 qui
968 2546 1052 2572 ratus

369 2584 475 2615 deesse
503 2583 551 2614 hic
581 2594 740 2615 numerum
774 2585 849 2615 levis
877 2590 1051 2619 armaturae,

369 2632 470 2657 cetera
513 2626 555 2658 sic
592 2628 730 2667 refingit:
779 2628 873 2658 Erant
914 2639 981 2657 cum
1023 2639 1053 2657 eo

369 2672 494 2711 quinque
522 2671 626 2706 millia,
653 2682 685 2700 er
712 2671 813 2710 quibus
837 2692 868 2700 ..
890 2677 1053 2700 armatura.-

370 2713 449 2749 let-is,
466 2719 493 2744 et
513 2716 633 2744 trecenti
645 2715 761 2753 equites.
807 2713 881 2743 Cum
905 2715 940 2742 iis
953 2715 1049 2752 copiis,

369 2756 491 2787 dimissis
533 2758 582 2797 qui
626 2758 856 2795 specularentur,
892 2767 977 2796 quam
1021 2757 1051 2786 in

368 2805 478 2835 purtem
507 2800 594 2829 hostes
619 2799 799 2841 effunderent
830 2810 894 2833 sese,
925 2800 1050 2838 opperie-

369 2841 465 2871 batur.

1138 2199 1180 2229 66
1202 2198 1247 2228 Ibi
1262 2204 1344 2238 parte
1357 2199 1478 2229 dimidia
1495 2200 1635 2230 ezercitns
1649 2199 1782 2241 dimissa}

1097 2241 1265 2277 Quodnam
1293 2241 1350 2272 erit
1371 2251 1444 2283 ergo
1465 2241 1572 2272 castris
1595 2241 1785 2283 praesidiurn,

1097 2283 1121 2313 si
1158 2284 1284 2314 dimidia
1322 2294 1393 2326 pars
1425 2285 1575 2316 exercitus
1608 2284 1783 2321 dimittitur,

1098 2326 1227 2358 dimidia
1241 2327 1388 2358 trifariam
1403 2326 1501 2357 divisa
1518 2328 1682 2369 populatur
1695 2338 1784 2368 agros

1097 2369 1251 2400 hostium}
1286 2370 1410 2400 Partem
1436 2375 1540 2400 tamen
1570 2370 1704 2410 aliquam
1734 2381 1782 2402 re-

1098 2413 1246 2443 mansisse
1262 2412 1293 2442 in
1304 2412 1412 2443 castris
1424 2422 1462 2442 ex
1473 2413 1672 2452 sequentibus
1688 2419 1785 2455 patet.

1098 2456 1295 2497 Suspicamur
1327 2454 1477 2486 excidisse
1510 2454 1559 2486 hic
1597 2466 1690 2486 unam
1728 2463 1782 2487 aut

1098 2498 1225 2529 alteram
1249 2507 1366 2533 vocem,
1388 2500 1477 2538 cujus
1498 2497 1566 2528 loco
1591 2498 1703 2529 sciolus
1725 2499 1783 2530 ali-

1094 2541 1163 2581 quis
1185 2540 1338 2571 intruserit
1361 2538 1397 2571 σὸ
1409 2542 1536 2572 (tinuisse.
1579 2541 1693 2572 Sensus
1715 2552 1782 2573 ma-

1096 2584 1204 2614 nifeste
1228 2583 1346 2624 flagitat
1369 2595 1462 2614 secum
1485 2590 1607 2620 retenta,
1625 2585 1672 2615 vel
1693 2584 1779 2616 aliud

1096 2626 1171 2668 quid
1186 2626 1296 2657 simile.

1138 2670 1177 2699 67
1206 2670 1398 2700 Pellenensem
1427 2669 1650 2710 Sicyoniumque
1677 2669 1778 2711 agros]

1096 2711 1297 2743 Recentiorcs
1317 2711 1392 2743 editi
1411 2712 1517 2742 vitiose
1538 2713 1695 2743 habehant
1712 2713 1783 2743 Pel·

1096 2755 1274 2785 tenemium:
1331 2755 1423 2795 idque
1468 2755 1666 2797 displicuerat
1709 2756 1780 2786 Jac-

1097 2798 1260 2829 Gronovio.
1306 2798 1503 2829 (jorreximuz
1536 2809 1573 2829 ex
1607 2797 1779 2830 vetustiori·

1096 2841 1164 2872 bus.
