1947 3222
380 105 430 136 44
905 96 1259 136 T1T1L1V11

315 220 346 250 2.
379 220 508 246 moras
527 211 567 246 et
587 205 799 246 dilationes
819 207 1110 258 imperatorum.
1136 212 1174 246 et
1187 208 1451 260 pugnandum
1471 222 1551 248 esse
1570 209 1782 255 interdum,

248 282 256 292 ·
293 263 344 293 00·
377 276 456 304 non
485 263 582 316 quia
602 263 712 312 velis,
733 263 803 303 sed
822 265 918 316 quia
948 263 1072 304 hostis
1100 269 1232 316 cogat.
1291 265 1479 318 Pugnam
1511 265 1638 318 ipsam
1669 279 1784 306 even-

377 326 533 374 tumque
545 333 697 372 pugnoe
715 320 892 372 spectari
910 326 1104 376 oportere.
1125 318 1243 371 ,fusos
1262 334 1455 375 coesosque
1473 322 1621 363 hostes:
1648 328 1785 363 castra

373 383 494 429 capta
515 391 563 416 ac
583 378 766 429 direpta:
797 377 989 426 coloniam
1009 376 1221 416 liberatam
1242 377 1463 418 obsidione:
1494 379 1663 419 alterius
1681 380 1783 419 colo-

374 434 456 473 niae
466 434 647 486 captivos
661 439 915 484 recuperatos
927 433 1202 486 restitutosque
1212 434 1294 474 suis
1302 452 1314 473 .·
1341 435 1574 476 debellatum
1589 449 1782 488 unoproe-

371 490 427 533 lio
456 504 545 530 esse.
607 490 702 529 Non
734 489 908 529 homines
936 495 1092 529 tantum
1122 503 1168 529 ea
1199 491 1368 530 victoria
1397 493 1567 540 loetatos,
1589 494 1658 533 sed
1680 493 1782 534 Diis

373 560 524 600 quoque
554 545 834 586 inmortalibus
855 559 934 598 per
953 546 1129 586 triduum
1147 548 1460 599 supplicationes
1483 549 1658 597 habitas,
1681 550 1786 603 quod

372 603 468 643 bene
487 618 534 642 ac
536 603 738 656 feliciter,
756 616 836 642 non
857 603 963 655 quod
977 603 1080 642 male
1099 617 1147 643 ac
1165 609 1323 655 temere,
1339 605 1560 658 respublica
1582 621 1607 647 a
1627 607 1682 646 L.
1699 607 1782 647 Fu-

372 660 436 699 rio
459 665 639 712 praetore
664 665 781 713 gesta
812 665 925 700 esset.
983 658 1142 700 7⁵Data
1155 661 1260 713 fato
1288 661 1406 702 etiam
1437 664 1606 716 quodam
1641 664 1782 703 Furiae

367 717 484 770 genti
507 716 671 756 Gallica
696 716 816 757 bella.

161 773 270 804 Furius
284 773 335 804 tri·
431 772 611 813 XLIX.
644 773 789 828 Hujus
823 772 985 828 generis
1018 773 1277 814 orationibus
1305 774 1436 830 ipsius
1471 776 1780 832 amicorumque

159 816 299 859 umphat.
373 830 484 871 victa
502 837 579 879 est,
599 829 815 886 praesentis
844 828 979 884 gratia
1002 830 1206 885 praetoris,
1229 830 1408 872 absentis
1438 832 1616 873 consulis
1636 834 1781 889 majes-

373 894 461 934 tas;
495 885 840 942 triumphumque
861 885 1100 941 frequentes
1121 886 1172 927 L.
1192 887 1323 927 Furio
1344 886 1628 929 decreverunt.
1684 889 1779 930 Tri-

372 942 594 998 umphavit
628 942 680 983 de
717 942 850 983 Gallis
880 942 922 982 in
957 942 1206 997 magistratu
1238 943 1288 983 L.
1313 943 1469 985 Furius
1498 952 1664 1000 praetor.
1727 946 1789 986 In·

372 1000 565 1040 aerarium
615 998 714 1040 tulit
762 998 796 1025 ⁷⁶
809 1006 993 1040 trecenta
1040 998 1189 1054 viginti
1238 999 1367 1040 millia
1416 1001 1524 1050 aeris,
1574 1000 1780 1057 ⁷⁷argenti

372 1064 540 1097 centum
569 1055 836 1111 septuaginta
864 1055 995 1095 millia
1023 1055 1186 1111 pondo:
1230 1071 1366 1112 neque
1395 1057 1550 1113 captivi
1580 1057 1654 1098 ulli
1685 1066 1780 1099 ante

371 1127 541 1153 currum
577 1112 710 1162 ducti,
741 1113 882 1167 neque'
912 1111 1042 1167 spolia
1071 1112 1258 1168 praelata,
1289 1128 1424 1168 neque
1453 1113 1605 1154 milites
1635 1114 1777 1155 secuti.

371 1168 523 1219 omnia,
558 1176 711 1231 praeter
745 1167 976 1218 victoriam,
1013 1183 1137 1224 penes
1172 1169 1381 1210 consulem
1417 1185 1502 1211 esse
1537 1170 1776 1226 adparebat.

373 1225 487 1266 Ludi
509 1225 658 1266 demde
678 1241 703 1266 a
724 1226 772 1266 P.
793 1225 983 1266 Cornelio
1012 1225 1215 1281 Scipione,
1229 1225 1375 1281 ⁷8quos
1404 1227 1546 1267 consul
1566 1227 1608 1267 in
1630 1227 1777 1268 Africa

160 1285 279 1333 lylilipes
294 1286 358 1334 Sej-
371 1290 556 1332 voverat,
580 1297 731 1337 magno
761 1282 966 1338 adparatu
995 1282 1107 1322 facti.
1168 1283 1227 1323 Et
1257 1282 1308 1322 de
1338 1283 1448 1338 agris
1478 1283 1656 1324 militum
1687 1284 1777 1339 ejus

158 1338 350 1402 Ξὲᾝῖὶᾶἕηε
371 1337 600 1388 decretum,
621 1347 685 1388 ut,
707 1347 811 1394 quot
832 1338 1010 1394 quisque
1040 1353 1183 1379 eorum
1203 1354 1331 1379 annos
1351 1340 1393 1380 in
1417 1339 1622 1396 Hispania
1641 1349 1715 1381 aut
1735 1339 1776 1381 in

265 1393 274 1403 '
372 1395 521 1436 Africa
550 1395 781 1445 militasset,
812 1395 855 1435 in
886 1394 1070 1450 singulos
1100 1410 1228 1436 annos
1257 1395 1355 1436 bina
1378 1396 1531 1451 jugera
1561 1396 1776 1452 acciperet.

370 1467 466 1492 eum
497 1467 645 1507 agrum
675 1451 895 1492 decemviri
926 1452 1203 1506 adsignarent.
1265 1451 1305 1491 T
1308 1452 1495 1493 riumviri
1525 1453 1622 1493 inde
1651 1453 1777 1495 creati

369 1508 424 1549 ad
455 1507 735 1563 supplendum
757 1507 978 1548 Venusinis
1007 1507 1246 1548 colonorum
1276 1523 1511 1558 numerum,
1533 1509 1647 1564 quod
1666 1509 1776 1550 bello

370 1564 621 1605 Hannibalis
656 1564 894 1605 adtenuatae
929 1564 1037 1604 vires
1069 1565 1159 1619 ejus
1188 1564 1359 1605 coloniae
1389 1573 1520 1614 erant,
1550 1566 1596 1606 C.
1622 1565 1777 1606 Teren-

369 1620 453 1662 tius
484 1622 630 1671 Varro,
664 1621 717 1660 T.
742 1620 963 1670 Quinctius
995 1620 1268 1670 Flamininus,
1301 1623 1348 1662 P.
1374 1621 1591 1663 Cornelius
1623 1624 1699 1663 Cn.
1723 1624 1772 1664 F.

372 1677 521 1733 Scipio.
567 1676 610 1717 hi
646 1676 810 1717 colonos
842 1677 1064 1716 Venusiam
1095 1677 1417 1732 adscripserunt.
1478 1677 1639 1718 Eodem
1669 1694 1776 1721 anno

368 1732 456 1774 ⁷⁹C.
482 1732 699 1775 Cornelius
731 1732 957 1788 CetheguS,
987 1733 1061 1788 qui
1091 1733 1311 1788 proconsul
1342 1733 1588 1790 Hispaniam
1619 1735 1776 1776 obtine-

366 1790 455 1840 bat,
489 1805 686 1845 magnum
721 1789 905 1830 hostium
938 1789 1165 1830 exercitum
1201 1789 1242 1830 in
1275 1805 1375 1845 agro
1412 1790 1617 1832 Sedetano
1647 1791 1772 1833 fudit.

368 1847 605 1902 quindecim
646 1846 776 1886 millia
817 1846 1103 1902 Hispanorum
1143 1861 1191 1887 co
1230 1847 1378 1901 proelio
1417 1847 1616 1888 dicuntur
1655 1863 1773 1900 caesa,

367 1904 484 1959 signa
504 1902 697 1944 militaria
725 1911 848 1958 capta
867 1911 960 1943 octo
981 1910 1021 1943 et
1043 1903 1317 1958 septuaginta.
1381 1904 1427 1944 C.
1451 1904 1650 1945 Aurelius
1680 1920 1773 1946 con-

367 1960 446 2010 sul,
468 1975 599 2015 quum
621 1972 671 2000 ex
693 1959 905 2015 provincia
926 1959 1103 1999 Romam
1125 1960 1386 2000 comitiorum
1417 1975 1562 2001 caussa
1581 1961 1771 2013 venisset,

365 2031 447 2057 non
468 2016 526 2066 id,
548 2016 664 2072 quod
685 2015 830 2056 animis
850 2024 1147 2071 praeceperant,
1164 2024 1336 2071 questus
1357 2025 1432 2066 est,
1456 2017 1551 2057 Non
1572 2025 1772 2071 exspecta-

367 2079 444 2112 tum
466 2088 506 2113 se
525 2074 576 2112 ab
595 2079 747 2121 senatu,
768 2087 891 2125 neque
911 2073 1162 2126 disceptandi
1180 2087 1263 2113 cum
1282 2080 1457 2126 praetore
1476 2076 1627 2115 consuli
1638 2082 1772 2128 potes-

363 2130 674 2183 tatemsactam:
701 2129 772 2170 sed
794 2131 854 2169 ila
874 2130 1115 2183 triumphum
1132 2131 1324 2170 decret-seq
1344 2137 1534 2180 senatum,
1550 2138 1593 2171 ut
1609 2133 1770 2183 nullius,

365 2187 444 2227 nisi
464 2186 559 2240 ejus,
581 2187 651 2240 qui
672 2187 988 2238 triumphaturus
1008 2193 1118 2236 esset,
1141 2187 1251 2226 houd
1265 2202 1412 2238 eorum,
1433 2189 1502 2241 qui
1521 2189 1622 2228 bello
1644 2190 1771 2229 inter-

347 2244 544 2297 fuissent,
562 2244 680 2284 verba
698 2245 867 2284 audiret.
914 2243 1094 2298 Majores
1115 2245 1202 2283 ideo
1224 2245 1457 2293 instituisse,
1475 2251 1518 2285 ut
1539 2247 1678 2299 legati,
1696 2247 1769 2287 tri-

363 2300 460 2341 buni
480 2302 662 2350 militum,
684 2302 943 2348 centuriones,
967 2301 1109 2341 milites
1139 2301 1306 2355 denique
1334 2302 1536 2354 triumpho
1563 2303 1744 2344 adessent
1751 2326 1766 2350 ;

168 218 210 293 ΡΞ

220 219 249 292 00

869 2385 885 2409 q
900 2383 1051 2412 decrevisse
1066 2382 1163 2413 Gron.
1180 2381 1271 2413 Crev.

405 2457 567 2489 75⁸Dma
594 2457 656 2495 fcto
681 2459 767 2487 etiam
791 2458 912 2497 quodam
941 2456 1042 2486 Furioe
1085 2456 1224 2487 265625.

359 2503 442 2543 genti
466 2491 696 2539 Gallica‘beua]
728 2499 883 2543 Allndunt
901 2498 941 2529 ad
956 2504 1040 2529 vete·
1128 2500 1168 2529 78
1199 2498 1276 2532 Quos
1311 2499 1409 2529 consue
1437 2501 1480 2544 in.
1498 2497 1603 2544 Africa
1638 2499 1766 2541 voverat]

362 2553 424 2574 rem
447 2543 532 2574 illum
548 2548 579 2572 et
593 2542 741 2581 insignem
760 2542 921 2573 Gallorum
945 2541 1039 2572 victo·
1087 2541 1147 2572 Hic
1170 2541 1324 2571 consulem
1348 2540 1423 2571 dixit
1448 2542 1552 2571 Livius
1566 2552 1620 2583 pro
1634 2552 1762 2583 procon-

363 2597 423 2617 rem
440 2587 487 2617 M.
505 2585 631 2616 Furium
648 2583 826 2615 Camillum.
1085 2584 1162 2618 sule,
1186 2583 1444 2625 quemadmodum
1467 2594 1570 2625 supra,
1594 2585 1615 2615 1.
1639 2585 1764 2616 XXVI.

405 2629 445 2659 76
491 2628 629 2659 Trecenta
674 2628 779 2666 viginti
821 2627 916 2656 millia
958 2626 1036 2666 aeris]
1083 2627 1178 2657 c.33.

364 2672 467 2702 Grave
498 2681 540 2701 aes
576 2670 623 2701 hic
659 2668 871 2710 intelligimus.
926 2668 1038 2709 Itaque
1126 2669 1166 2699 79
1197 2669 1230 2699 C.
1257 2669 1406 2699 Cornelius
1431 2668 1586 2709 Cethegus]
1623 2670 1702 2699 Eum
1723 2679 1762 2700 ex

362 2724 482 2744 ,summa
517 2713 583 2743 boec
619 2711 687 2743 oeris
724 2721 778 2760 par
815 2711 871 2742 erit
906 2711 1038 2741 denariis
1081 2711 1136 2742 hoc
1163 2711 1231 2741 loco
1260 2710 1457 2752 intelligimus
1487 2712 1612 2742 missum
1639 2721 1704 2743 esse
1730 2712 1762 2742 in

354 2757 477 2787 ..‘32000.
493 2755 602 2786 marcis
617 2759 732 2796 argenti
747 2753 931 2784 nostratibus
943 2755 1015 2784 500.
1083 2753 1264 2794 Hispaniam
1311 2764 1513 2784 successorem
1550 2755 1586 2785 L.
1617 2754 1761 2785 Cornelio

404 2800 441 2827 77
467 2799 594 2838 Argenti
618 2803 732 2828 centnm
760 2798 943 2837 septuaginta
973 2797 1034 2825 mil·
1083 2797 1224 2828 Lentulo,
1253 2806 1342 2836 quem
1377 2807 1413 2827 ex
1439 2796 1595 2838 provincia
1626 2797 1759 2827 Romam

362 2841 400 2869 lin
428 2842 534 2879 ponda]
581 2841 715 2871 selibras
752 2845 900 2871 nostrates
937 2839 1036 2879 pondo
1083 2838 1203 2870 rediisse
1226 2839 1329 2870 Livius
1353 2840 1541 2876 memoravit,
1558 2850 1647 2880 supra
1663 2850 1688 2870 c.
1704 2840 1758 2870 20.
