1947 3222
188 229 230 260 U.
243 228 282 260 C.
292 228 364 259 552.

184 271 226 302 A.
243 271 278 302 C.
292 271 363 300 200.

185 312 357 344 Athenien-

396 117 445 150 28
915 113 1057 151 T1T1
1106 112 1284 151 LIVII

397 219 668 261 miserabilem
700 233 907 276 agrorum.
971 222 1109 275 Neque
1138 223 1180 262 id
1213 236 1256 262 se
1285 222 1404 276 queri,
1435 221 1534 276 quod
1566 220 1722 262 'metilia
1752 222 1803 262 ab

398 276 503 316 hoste
520 277 630 329 passi
646 275 806 329 forent.-
836 277 958 317 5Messe
978 279 1079 318 enim
1103 279 1286 332 quaedam
1306 278 1397 318 belli
1412 276 1534 333 ιφἰιντη
1563 292 1650 332 quae
1667 285 1710 318 ut
1727 277 1802 330 sa-

185 355 264 386 sium
279 355 384 387 oratio.
397 347 495 382 cere,
516 334 574 373 ita
592 334 680 386 pati
698 335 749 374 sit
766 333 855 385 sas.
884 341 976 374 sata
1001 335 1127 386 exuri,
1149 335 1250 375 dirui
1279 342 1395 386 tecta,
1416 336 1576 388 praedas
1605 335 1803 376 hominum

175 1717 283 1766 Legnti
300 1717 365 1765 Ro-

173 1770 256 1792 mam
267 1767 374 1792 oratlo·

392 404 652 444 pecorumque
681 391 765 445 agi,
788 391 933 430 misera
961 392 1105 445 magis,
1132 405 1252 446 quam
1280 391 1497 446 ²⁵indigna,
1516 392 1681 444 patienti
1709 406 1803 432 esse.

394 447 429 471 2⁶
443 447 582 487 Verum
612 447 715 487 enim
743 461 832 488 vero
859 448 902 487 id
929 461 972 488 se
999 449 1116 502 queri,
1139 450 1245 502 quod
1273 449 1318 497 is,
1340 449 1406 503 qui
1437 449 1639 489 Romanos
1667 448 1804 489 alieni-

392 518 519 558 genas
548 510 585 543 et
616 505 804 544 barbaros
832 511 951 552 vocet,
984 506 1086 544 adeo
1105 507 1238 546 onmia
1264 505 1383 545 simul
1400 506 1534 546 divina
1554 507 1804 560 humanaque

382 561 482 615 jura
501 560 696 612 polluerit,
719 567 762 600 ut
780 561 912 613 priore
939 562 1191 613 populatione
1210 577 1297 604 cum
1317 560 1479 614 infernis
1502 563 1610 611 Diis,
1631 563 1804 603 secunda

394 632 479 658 cum
509 617 658 670 superis
686 618 827 658 bellum
856 617 1051 670 nefarium
1077 621 1261 674 gesserit:
1291 619 1426 660 omnia
1455 619 1636 671 sepulcra
1666 633 1802 659 monu-

394 681 601 729 mentaque
630 675 764 715 diruta
793 689 875 715 esse
903 675 944 714 in
961 675 1115 725 finibus
1143 677 1237 724 suis,
1260 677 1430 717 omnium
1459 677 1631 716 nudatos
1650 690 1800 726 manes,

393 732 533 772 nullius
553 745 644 772 ossa
672 738 777 772 terra
799 732 901 786 tegi:
930 732 1094 772 delubra
1113 734 1188 772 sibi
1204 732 1347 784 fuisse,
1368 747 1455 786 quae
1474 735 1671 787 quondam
1690 733 1802 786 Ἠρα-

390 789 520 843 gatim
541 789 764 829 habitantes
782 788 822 828 in
850 789 988 841 parvis
1007 789 1086 829 illis
1106 790 1279 830 castellis
1301 791 1469 843 vicisque
1489 797 1732 838 consecrata,
1756 805 1803 830 ne

391 846 432 885 in
452 859 574 886 unam
594 846 728 887 urbem
747 847 901 900 quidem
932 847 1142 887 contributi
1169 845 1344 900 majores
1371 847 1433 885 sui
1461 848 1615 887 deserta
1634 847 1802 902 relique-

392 902 482 943 rint.
513 903 617 943 circa
651 917 699 943 ea
733 904 866 943 omnia
898 904 1044 955 templa
1077 904 1307 956 Philippum
1335 902 1498 955 infestos
1526 903 1804 944 circumtulisse

390 960 528 1013 ignes,·
558 960 749 1000 semiusta
781 967 817 1000 et
850 966 1034 1001 truncata
1063 961 1273 1001 simulacra
1305 960 1440 1001 Derim
1461 961 1562 1000 inter
1576 967 1802 1012 prostratos

377 1031 519 1069 jacere
537 1023 664 1069 postes
693 1017 938 1070 templorum.
1002 1018 1168 1064 Qualem
1195 1024 1340 1058 terram
1361 1017 1536 1058 Atticam
1554 1016 1712 1069 jecerit,
1733 1032 1803 1058 ex-

389 1081 571 1114 ornatam
587 1075 782 1127 quondam
802 1074 1111 1129 opulentamque,
1128 1075 1248 1115 talem
1269 1089 1371 1124 eum,
1387 1075 1425 1114 si
1448 1074 1576 1122 liceat,
1596 1074 1802 1126 AEtoliam,

394 1131 664 1185 Graeciamque
701 1145 854 1172 omnem
881 1131 1103 1183 jacturam.
1176 1132 1294 1172 Urbis
1332 1145 1484 1185 quoque
1522 1145 1601 1172 suae
1638 1132 1803 1171 similem

391 1186 682 1240 deformitatem
701 1187 889 1240 salmam
907 1187 1052 1240 juisse,
1084 1188 1158 1229 uisi
1193 1189 1367 1229 Romani
1395 1187 1704 1228 2⁸subvemksetz.
1735 1202 1802 1228 eo-

390 1245 478 1284 dem
501 1246 602 1285 enim
631 1246 774 1286 scelere
794 1246 926 1285 urbem
956 1246 1121 1286 colentes
1150 1246 1270 1296 Deos,
1290 1246 1568 1299 praesidemque
1597 1245 1696 1285 arcis
1717 1246 1803 1286 Mi-

389 1316 552 1343 nervam
569 1303 755 1354 petitam.-
787 1304 923 1343 eodem
944 1303 1129 1344 Eleusine
1152 1303 1307 1344 Cereris
1338 1302 1538 1354 templum,
1561 1302 1696 1341 eodem
1729 1303 1802 1342 Pi-

388 1360 482 1400 raeei
510 1360 653 1400 Jovem
683 1361 1013 1414 Alium-namqu&
1046 1361 1114 1400 sed
1143 1361 1193 1400 ab
1215 1374 1350 1400 eorum
1379 1373 1457 1400 non
1488 1359 1640 1410 templis
1669 1360 1798 1409 modo,

388 1418 458 1457 sed
491 1417 614 1457 etiam
644 1417 833 1468 maenibus
861 1417 899 1458 vi
928 1424 1048 1470 atque
1076 1417 1199 1458 armis
1227 1417 1436 1470 repulsum,
1466 1416 1507 1457 in
1542 1430 1591 1456 ea
1621 1415 1801 1467 delubra,

387 1487 476 1527 quae
495 1474 580 1514 sola
603 1473 791 1527 religione
810 1480 899 1514 tuta
918 1471 1082 1525 suerint,
1105 1474 1273 1514 saevisse.
1335 1475 1472 1528 ltaque
1491 1488 1531 1513 se
1551 1486 1666 1513 orare
1686 1480 1802 1528 atque

387 1531 592 1571 obsecrare
621 1530 794 1579 AEtolos,
822 1537 880 1581 ut,
910 1531 1059 1570 miserti
1088 1530 1396 1578 Atheniensium,
1429 1531 1590 1570 ducibus
1621 1529 1711 1570 Diis
1740 1530 1801 1570 in-

387 1587 632 1638 mortalibus,
654 1588 792 1628 deinde
813 1587 1020 1636 Romanis,
1043 1587 1112 1641 qui
1131 1588 1343 1628 secundum
1360 1587 1471 1628 Deos
1487 1586 1695 1640 plurimum
1711 1601 1802 1640 pos·

385 1646 474 1694 sint,
498 1644 640 1684 bellum
661 1645 912 1696 susciperent.

444 1702 631 1742 XXXI.
657 1701 771 1742 Tum
795 1702 1010 1742 Romanus
1030 1701 1209 1757 legatus:
1241 1701 1381 1741 Totam
1403 1701 1588 1743 orationis
1601 1700 1799 1754 meaesor-

385 1772 492 1798 mam
516 1758 758 1798 Macedones
774 1758 958 1810 primum,
979 1758 1119 1798 deinde
1137 1757 1390 1798 Athenienses
1413 1765 1628 1800 mutarunt.
1692 1760 1800 1799 Nam

385 1822 421 1856 et
441 1815 697 1864 ll‘Iacedones,
720 1828 840 1868 quum
867 1817 922 1855 ad
951 1815 1244 1869 conquerendas
1274 1815 1455 1867 Philippi
1483 1813 1652 1868 injurias
1669 1815 1712 1856 in
1743 1822 1798 1856 tot

386 1873 514 1912 socias
543 1873 651 1912 nobis
680 1873 792 1912 urbes
820 1873 1019 1921 venissem,
1045 1872 1148 1912 ultro
1175 1873 1395 1912 accusando
1427 1872 1644 1923 Romanos,
1665 1871 1799 1925 defen-

384 1930 530 1969 sionem
550 1935 593 1970 ut
623 1930 871 1970 accusatione
899 1929 1086 1982 potiorem
1117 1929 1313 1980 haberem,
1344 1927 1578 1984 effecerunt:
1608 1936 1645 1970 et
1677 1930 1800 1971 Athe-

384 1987 535 2026 nienses
568 1987 608 2026 in
641 1987 751 2027 Deos
784 2000 947 2039 superos
977 1984 1197 2040 inferosque
1227 1984 1403 2037 nefanda
1432 1992 1555 2040 atque
1582 1987 1801 2027 inhumana

384 2043 534 2084 scelera
573 2041 656 2097 ejus
693 2041 912 2096 referendo,
954 2043 1053 2097 quid
1087 2043 1183 2083 mihi
1222 2051 1291 2083 aut
1329 2044 1510 2097 cuiquam
1549 2043 1797 2098 reliquerunt,

385 2101 492 2154 quod
522 2099 686 2154 objicere
713 2101 819 2141 ultra
836 2099 1017 2153 possim?
1046 2101 1206 2141 Eadem
1226 2100 1424 2148 fficiam,
1458 2101 1686 2154 Abydenos,
1717 2101 1800 2140 AE-

384 2172 486 2207 neos,
512 2158 753 2206 Maronitas,
783 2159 983 2207 Thasios³‚
1006 2158 1164 2206 Parim,
1185 2157 1350 2206 Samios,
1372 2157 1631 2207 LarissenseS,
1647 2157 1799 2199 ⁵⁰Mes-

667 2233 685 2251 2
698 2232 836 2261 venissent
850 2231 948 2262 Gron.
964 2230 1056 2261 Crev.
1185 2236 1199 2251 ⁸
1217 2230 1332 2260 Thasios
1346 2230 1407 2261 del.
1424 2230 1516 2261 Crev.

427 2294 468 2323 24
495 2292 580 2322 Esse.
599 2315 606 2322 .
625 2315 631 2322 .
647 2294 774 2332 quonlam
797 2293 862 2323 belli
873 2293 967 2334 jura]
993 2293 1070 2323 Esse
1156 2292 1196 2322 28
1221 2291 1436 2333 Subvenissent]
1482 2291 1688 2324 Gronovianae
1731 2289 1796 2321 edi·

385 2336 527 2376 quaedam
544 2335 618 2366 belli
636 2335 704 2376 jure
720 2335 816 2371 licita,
832 2346 901 2376 quae
916 2340 950 2366 ut
971 2335 1069 2366 facere
1114 2334 1212 2365 tiones
1239 2336 1388 2365 venissent.
1445 2335 1506 2366 Sed
1537 2335 1668 2365 affirmat
1696 2334 1796 2364 Hear-

386 2389 509 2419 aequum
533 2378 582 2413 sit,
597 2378 621 2408 si
637 2377 744 2420 possiS,
760 2379 802 2409 ita
824 2385 855 2409 et
878 2378 952 2421 pati,
967 2378 991 2408 si
1016 2388 1070 2409 ne·
1114 2377 1183 2408 nius
1209 2377 1338 2419 scriptos
1360 2383 1391 2408 et
1413 2384 1488 2408 vett.
1511 2377 1610 2408 editos
1632 2377 1663 2407 id
1685 2377 1798 2406 habere

385 2431 469 2452 cesse
484 2421 532 2450 sit.
1112 2419 1194 2461 quod
1223 2419 1383 2450 edidimus.
1430 2419 1647 2461 Adstipulatur
1677 2419 1794 2449 Victor.

427 2464 469 2495 25
493 2463 637 2504 Indigna]
661 2462 761 2498 Talia,
778 2470 812 2494 ut
827 2463 1068 2503 indignationem
1112 2462 1178 2493 cod.
1212 2467 1252 2497 et,
1282 2467 1358 2492 teste
1394 2463 1413 2493 J
1418 2472 1466 2492 ac.
1494 2461 1660 2497 Gronovio,
1690 2461 1716 2491 T
1718 2461 1797 2492 hua-

381 2505 497 2547 justam
514 2515 634 2537 movere
647 2507 763 2547 possint
778 2505 917 2548 patienti.
1114 2515 1207 2535 naeus.

428 2550 470 2580 26
497 2549 602 2579 l'erum
629 2549 785 2588 enimvero]
825 2549 940 2579 Yictor.
970 2554 1004 2578 ut
1039 2554 1069 2579 et
1155 2548 1195 2578 29
1221 2547 1340 2588 Cianos]
1374 2547 1419 2577 Ex
1448 2547 1520 2577 urbe
1546 2546 1604 2578 Cio
1627 2546 1659 2576 in
1682 2546 1792 2588 Bithy-

388 2601 467 2622 unus
489 2602 506 2622 e
533 2591 739 2622 Gronovianis
764 2591 875 2622 omittit
901 2590 935 2621 τὶ
959 2602 1068 2622 remam.
1113 2588 1174 2619 nia.
1219 2590 1270 2620 De
1296 2600 1399 2619 eorum
1427 2589 1546 2620 excidio
1573 2589 1669 2619 multa
1692 2589 1793 2629 queri-

387 2635 428 2664 Et
442 2634 521 2665 absit
535 2644 620 2664 sane.
1113 2638 1160 2662 tur
1177 2631 1286 2673 Polyb.
1302 2632 1322 2662 1.
1340 2632 1411 2662 XV.
1448 2632 1531 2662 Olim
1554 2641 1646 2673 prave
1670 2632 1792 2673 legeba-

430 2678 469 2707 27
502 2677 639 2718 Pagatim
668 2677 827 2706 habitantes
843 2699 851 2706 .
869 2698 876 2706 .
895 2699 903 2706 .
920 2678 948 2705 in
980 2687 1068 2706 unam
1112 2680 1162 2704 tur
1179 2675 1272 2705 Chios.
1316 2673 1457 2713 Sigonius
1471 2674 1659 2706 emendavit.

387 2720 484 2749 urbem
510 2720 681 2760 contributi]
721 2719 838 2749 Notum
864 2725 910 2749 est
937 2718 1067 2748 Atheni·
1154 2718 1195 2747 30
1219 2717 1368 2747 Messenios
1394 2718 1460 2746 hinc
1485 2729 1517 2746 er
1544 2717 1671 2758 Achaia]
1704 2717 1790 2748 Mes-

387 2771 476 2791 enses
502 2762 600 2804 primo
628 2761 778 2811 dispersos
807 2762 836 2791 in
867 2759 956 2791 aniis
983 2761 1069 2801 pagis
1112 2759 1212 2789 senios
1226 2770 1262 2789 ex
1279 2760 1336 2789 hac
1352 2759 1418 2800 ipsa
1437 2759 1556 2790 Achaia
1574 2760 1658 2790 vobis
1682 2758 1791 2790 vicina.

388 2803 558 2837 liabiinsse:
587 2815 633 2837 ac.
656 2805 674 2835 '1
685 2805 776 2835 heseo
799 2803 1069 2839 a11ciore,·relictis
1114 2801 1260 2832 Messenii
1288 2808 1360 2831 tunc
1389 2803 1531 2842 temporis
1556 2802 1585 2832 in
1609 2802 1793 2834 Achaeorum

387 2856 483 2887 pagis,
500 2848 530 2878 in
547 2859 636 2878 unam
655 2847 758 2879 urbem
773 2846 932 2878 coaluisse.
1114 2844 1334 2885 rempublicam
1351 2844 1514 2875 contributi
1529 2852 1625 2876 etant.

1920 2159 1941 2234 dds-1
1920 2090 1934 2152 '5‘—
