1947 3222
570 116 694 154 LIB.
720 115 900 153 XXXII.
937 116 1070 153 CAP.
1100 116 1192 154 XX.
1545 117 1592 154 65

175 231 392 276 gerentur,
425 224 632 280 recepturi
668 223 876 265 moenibus
912 223 1163 265 videbantur
1203 233 1276 265 aut
1316 225 1480 274 duceni,
1516 234 1590 268 aut
1605 226 1781 258 U.c.554.

179 281 408 322 exercitum
431 282 684 322 Romanum.
1601 270 1694 301 A.C.
1712 270 1783 300 193.

237 336 372 378 XIX.
405 337 588 379 Elatiam
618 337 826 379 obsidenti
856 336 1015 378 consuli
1045 338 1103 379 rei
1135 337 1301 393 majoris
1331 353 1424 394 spes
1453 339 1590 380 adful-
1602 343 1706 375 Elatia
1720 343 1774 375 ob-

175 390 245 442 sit,
281 393 535 435 Achaeorum
574 403 742 451 gentem
781 395 834 436 ab
875 394 1069 436 societate
1108 395 1224 450 regia
1262 394 1316 435 ad
1357 395 1695 437 R01nanam⁵e⁵⁵³·

176 449 400 491 amicitiam
434 451 661 493 avertendi.
734 451 993 507 Cycliadam,
1034 451 1265 508 principem
1304 451 1496 492 factionis
1535 453 1589 493 ad

177 505 422 563 Philippum
444 508 700 550 trahentium
720 524 800 558 res,
822 508 1082 564 expulerant.
1133 507 1385 557 Aristaenus,
1407 507 1481 563 qui
1504 509 1589 549 Ro-

175 562 306 603 manis
325 572 492 619 gentem
517 565 642 620 jungi
672 565 854 615 volebat,
875 573 1032 620 praetor
1061 575 1161 606 erat.
1224 565 1376 606 Classis
1398 565 1590 607 Romana

173 631 269 659 cum
290 620 440 661 Attalo
469 629 509 663 et
532 621 711 663 Rhodiis
734 620 958 663 Cenchreis
988 622 1138 672 stabat,
1161 621 1450 677 parabantque
1480 637 1590 668 com-

173 676 291 717 mum'
333 692 476 719 omnes
524 679 696 720 consilio
737 678 988 720 Corinthum
1037 679 1294 734 obpugnare.
1368 678 1588 734 Optimum

172 729 305 786 igitur
323 742 441 776 ratus
465 743 542 785 est,
563 735 812 792 priusquam
841 750 932 777 eam
957 750 1044 776 rem
1064 735 1408 791 adgrederentur,
1431 735 1590 791 legatos

169 787 227 828 ad
254 799 424 845 gentem
445 792 701 833 Achaeorum
722 793 850 842 mitti,
872 792 1128 848 pollicentes,
1151 792 1184 833 si
1214 792 1267 833 ab
1297 807 1394 848 rege
1424 792 1478 833 ad
1503 793 1590 834 Ro-

171 859 314 889 manos
349 847 611 899 defecissent,
642 848 676 876 72
691 849 942 891 Corinthum
976 848 1026 889 iis
1061 849 1374 890 contributuros
1408 849 1451 889 in
1483 851 1589 891 anti-

169 916 305 957 quum
333 905 471 960 gentis
506 905 737 947 concilium.
798 906 988 946 Auctore
1024 905 1206 954 consule,
1243 905 1370 961 legati
1405 921 1430 946 a
1458 906 1587 948 fratre
1600 913 1742 963 Legati?

169 958 262 1014 ejus
293 961 344 1001 L.
369 962 580 1012 Quinctio,
607 971 647 1003 et
679 961 844 1011 Attalo,
875 970 916 1002 et
948 960 1143 1011 Rhodiis,
1168 970 1209 1002 et
1240 961 1585 1014 Atheniensibus,
1599 955 1750 988 R⁰m²¹¹¹⁵
1764 962 1795 1006 gt

169 1015 226 1056 ad
245 1017 426 1059 Achaeos
446 1017 570 1059 missi.
633 1018 808 1074 Sicyone
838 1017 986 1059 datum
1015 1017 1065 1058 iis
1095 1026 1156 1059 est
1186 1018 1419 1059 concilium.
1480 1020 1585 1062 Erat
1597 1008 1801 1074 ἓὲῐᾎῗξὲἓς

169 1080 312 1115 autem
351 1089 434 1116 non
482 1075 712 1116 admodum
755 1075 931 1131 simplex
978 1074 1148 1116 habitus
1197 1075 1429 1116 animorum
1479 1076 1586 1118 inter
1597 1084 1784 1117 Achaeorum

170 1129 362 1172 Achaeos.
408 1132 593 1174 terrebat
632 1148 702 1173 eos
737 1131 1099 1181 Lacedaemonius,
1135 1133 1276 1187 gravis
1311 1141 1353 1174 et
1393 1132 1586 1175 assiduus
1597 1127 1749 1176 fluetuans

167 1183 322 1228 hostis:
354 1187 581 1231 horrebant
604 1190 796 1230 Romana
819 1204 956 1229 arma:
992 1189 1274 1230 Macedonum
1305 1189 1515 1231 beneficiis
1545 1201 1585 1234 et
1597 1177 1758 1245 ffiggsserta

167 1242 379 1285 veteribus
399 1253 440 1286 et
461 1246 698 1287 recentibus
718 1245 893 1301 obligati
914 1254 1031 1287 erant
1049 1261 1058 1286 ε
1091 1261 1231 1302 regem
1260 1246 1401 1302 ipsum
1422 1263 1588 1304 suspec-
1687 1236 1694 1245 ⁸

166 1306 259 1340 tum
293 1300 505 1344 habebant
534 1318 612 1359 pro
641 1304 733 1359 ejus
764 1302 1012 1344 crudelitate
1043 1302 1328 1359 perfidiaque:
1369 1319 1505 1359 neque
1536 1322 1588 1348 ex

165 1354 230 1406 iis,
251 1371 348 1412 quae
379 1366 471 1400 tum
492 1359 547 1400 ad
567 1368 734 1416 tempus
757 1359 927 1410 faceret,
949 1359 1215 1409 aestimantes,
1237 1360 1471 1416 graviorem
1491 1372 1588 1417 post

164 1412 323 1456 bellum
348 1414 564 1457 dominum
594 1416 790 1458 futurum
814 1416 1049 1458 cernebant.
1081 1431 1218 1472 neque
1240 1417 1389 1467 solum,
1411 1418 1517 1473 quid
1543 1419 1586 1460 in

166 1479 313 1512 senatu
343 1471 524 1528 quisque
553 1472 734 1515 civitatis
770 1489 871 1523 suae,
903 1482 978 1514 aut
1007 1473 1050 1513 in
1081 1474 1375 1515 communibus
1404 1475 1586 1516 conciliis

164 1527 302 1624 gentis
328 1543 406 1584 pro
436 1529 641 1570 sententia
669 1530 869 1579 dicerent,
891 1529 1164 1585 ignorabant:
1198 1529 1271 1570 sed
1291 1545 1343 1571 ne
1363 1530 1464 1587 ipsis
1494 1532 1587 1587 qui-

197 1598 263 1624 em
293 1599 432 1625 secum
462 1585 759 1641 cogitantibus,
791 1585 898 1642 quid
927 1585 1097 1636 vellent,
1130 1594 1203 1627 aut
1240 1586 1345 1641 quid
1374 1595 1583 1643 optarent,

166 1640 267 1681 satis
296 1641 524 1683 constabat.
584 1642 660 1683 Ad
687 1642 875 1684 homines
905 1642 965 1683 ita
983 1642 1163 1684 incertos
1192 1642 1444 1684 introductis
1473 1644 1585 1701 lega-

166 1696 220 1738 tis
254 1705 438 1753 potestas
469 1697 634 1739 dicendi
665 1699 779 1740 facta
812 1707 886 1740 est.
949 1699 1166 1740 Romanus
1201 1699 1384 1755 primum
1419 1700 1457 1741 le
1488 1710 1583 1743 atus

163 1753 217 1794 L.
241 1754 511 1810 CalpurniuS,
540 1754 690 1796 deinde
720 1755 859 1797 Attali
890 1755 999 1811 regis
1029 1755 1171 1811 legati,
1199 1765 1293 1812 post
1323 1772 1404 1798 eos·
1423 1758 1467 1798 R
1497 1759 1582 1800 odii
1593 1761 1734 1794 Audiam
1751 1764 1795 1795 le-

161 1809 461 1853 disseruerunt.
523 1812 711 1869 Philippi
741 1812 891 1854 deinde
923 1812 1072 1868 legatis
1099 1812 1264 1853 dicendi
1284 1811 1470 1869 potefssas
1497 1815 1582 1857 fac·
1592 1811 1691 1846 gatos.

163 1874 208 1908 ta
245 1875 319 1910 est.
364 1868 565 1924 postremi
604 1867 898 1921 Athenienses,
935 1878 983 1911 ut
1023 1869 1259 1912 refellerent
1296 1870 1579 1914 Macedonum

161 1924 290 1975 dicta,
311 1924 445 1967 auditi
477 1934 587 1968 sunt.
649 1926 688 1967 Ii
717 1926 804 1968 fere
834 1926 1087 1968 atrocissime
1112 1926 1154 1967 in
1175 1942 1331 1982 regem,
1353 1928 1578 1984 quianulli

162 1996 238 2022 nec
257 1981 394 2038 plura,
417 1997 492 2024 nec
513 1990 598 2024 tam
620 1983 769 2025 acerba
796 1983 907 2039 passi
928 1991 1061 2033 erant,
1082 1982 1235 2025 invecti
1256 1993 1366 2026 sunt.
1428 1986 1487 2027 Et
1507 1986 1579 2028 illa

158 2037 334 2095 quidem
363 2039 505 2081 concio
535 2040 614 2082 sub
643 2055 836 2082 occasum
866 2039 977 2090 solis,
1005 2048 1069 2082 tot.
1098 2039 1332 2096 legatorum
1362 2044 1577 2098 perpetuis

159 2095 420 2137 orationibus
439 2095 507 2137 die
527 2097 736 2148 absumo,
757 2097 929 2139 dimissa
947 2104 1022 2138 est.

224 2150 334 2193 XX.
366 2154 541 2194 Postero
575 2153 642 2195 die
676 2154 907 2196 advocatur
938 2153 1184 2201 concilium3
1232 2154 1306 2196 ubi
1335 2170 1470 2211 quum
1532 2173 1575 2198 er

161 2224 410 2267 praeconem,
439 2209 547 2251 sicut
577 2210 738 2254 Graecis
766 2226 856 2253 mos
885 2220 962 2262 est,
993 2210 1210 2261 suadendi,
1243 2212 1277 2253 si
1307 2213 1403 2268 quis
1432 2171 1573 2263 vellet,

217 2274 345 2308 testas
364 2282 390 2308 a
408 2266 723 2322 magistratibus
742 2268 855 2309 facta
873 2276 994 2318 esset,
1015 2282 1091 2309 nec
1111 2268 1336 2324 quisquam
1357 2269 1570 2325 prodiret;

157 2282 235 2366 ἕιριι
265 2323 476 2365 silentium
505 2323 682 2365 aliorum
712 2324 813 2365 alios
841 2324 1096 2366 intuentium
1120 2324 1214 2366 fuit.
1246 2340 1383 2381 neque
1402 2325 1571 2378 mirum,
1584 2337 1744 2370 Silentium

158 2381 209 2431 si,
229 2380 386 2436 quibus
414 2395 491 2421 sua
519 2389 681 2437 sponte,
703 2381 993 2423 volutantibus
1021 2396 1086 2423 res
1115 2381 1223 2423 inter
1251 2397 1293 2423 se
1319 2392 1569 2439 pugnantes,
1582 2380 1660 2453 5¹1¹?OE
1675 2382 1721 2411 A·

157 2437 461 2494 obtorpuerant
505 2437 815 2494 quodammodo
858 2438 1000 2489 animi,
1040 2453 1109 2479 eos
1148 2438 1353 2480 orationes
1401 2433 1596 2496 quoqueC
1621 2433 1693 2455 ³³⁰⁵·

158 2494 330 2551 insuper
364 2494 652 2545 turbaverant,
688 2494 902 2551 utrimque
937 2509 1035 2551 quae
1075 2494 1258 2536 difficilia
1291 2504 1441 2547 essent,
1477 2512 1571 2552 pro-

159 2550 311 2592 mendo
339 2550 701 2608 admonendoque,
730 2566 806 2608 per
837 2560 975 2593 totum
1005 2551 1115 2594 diem
1146 2551 1315 2593 habitae.
1377 2553 1570 2594 Tandem

160 2607 399 2650 Aristaenus
426 2616 583 2664 praetor
609 2608 881 2659 Achaeorum,
902 2623 954 2649 ne
978 2608 1152 2651 tacitum
1182 2608 1401 2651 concilium
1431 2609 1570 2651 dimit-

203 2733 244 2763 72
282 2733 456 2765 Corinthum
489 2736 526 2765 iis
559 2734 775 2765 contributuros
809 2736 843 2765 in
885 2734 1029 2776 gentibus
1051 2735 1229 2773 Cleomenis
1250 2734 1331 2775 regis
1347 2735 1566 2775 Spartanorum

159 2776 331 2817 antiquum]
369 2776 538 2808 Corinthus
558 2777 598 2808 ab
623 2777 721 2808 Arato
744 2788 842 2818 quon·
886 2777 990 2814 armis,
1014 2777 1172 2820 Antigono
1194 2784 1226 2809 et
1247 2776 1476 2808 Macedonibus
1498 2777 1565 2808 red-

159 2818 232 2848 dam
276 2817 357 2850 furto
392 2819 484 2850 unius
521 2819 620 2851 noctis
658 2820 841 2862 intercepta,
886 2820 964 2852 dita.
1008 2820 1083 2853 Vid.
1098 2821 1182 2853 Plut.
1198 2820 1230 2852 in
1245 2820 1354 2851 Arato.

158 2859 286 2892 Aehaeis
321 2861 494 2894 contributa
525 2863 640 2895 fixerat:
678 2873 760 2900 mox,
790 2873 841 2894 ur-

217 2917 311 2945 VOL.
335 2916 404 2946 111.
962 2918 986 2945 F
