1947 3222
387 122 458 161 143
903 117 1048 186 ΤΙΤΙ
1095 117 1297 160 LIVH-

278 241 350 272 557.
384 231 556 272 nistram
595 237 758 286 portam
797 229 1080 286 infrequentes
1119 229 1256 273 videt:
1307 245 1356 271 eo
1390 229 1581 272 secundae
1621 229 1797 286 legionis*

283 283 354 314 195.
386 287 592 345 principes
621 287 889 344 hastatosque
917 287 1091 329 inducit.
1152 289 1247 329 Non
1278 286 1474 329 sustinuit
1510 286 1697 344 inpetum
1730 303 1796 329 eo-

387 360 483 387 rum
512 344 650 396 statio,
680 358 777 404 quae
806 351 940 400 portae
966 343 1184 400 adpositam
1212 352 1314 395 erat,
1336 352 1377 386 et
1406 343 1545 395 ceteri,
1573 351 1796 400 postquam

389 403 500 443 intra
530 401 685 443 vallum
714 401 853 442 hostes
882 399 1041 450 vident,
1062 400 1161 456 ipsis
1190 400 1334 442 castris
1363 401 1496 451 exuti,
1518 401 1638 456 signa
1664 400 1796 442 arma*

391 474 474 515 que
507 458 720 515 abjiciunt.
753 456 974 498 caeduntur
1008 455 1047 496 in
1082 457 1228 513 portis,
1259 466 1418 499 suomet
1448 457 1527 513 ipsi
1562 457 1727 513 agmine
1755 456 1800 498 in·

392 524 483 556 arto
502 515 730 556 haerentes:
763 511 986 553 secundani
1007 520 1125 568 terga
1153 513 1338 555 hostium
1367 513 1549 564 caedunt,
1571 513 1696 555 ceteri
1716 529 1802 555 cas-

392 580 459 613 tra
493 570 711 627 diripiunt.
785 568 975 609 Valerius
1013 569 1167 611 Antias
1201 585 1328 626 supra
1361 570 1642 626 quadraginta
1674 569 1806 611 millia

392 628 577 670 hostium
597 641 703 667 caesa
731 641 778 666 eo
808 624 875 666 die
905 624 1057 667 scribit.
1119 627 1225 668 Cato
1253 627 1355 683 ipse,
1376 627 1491 668 haud
1521 642 1616 668 sane
1647 627 1811 668 detrac-·

394 692 525 727 tat0r¹¹
559 682 733 724 laudum
769 696 954 732 suarum,
986 681 1142 724 multos
1176 698 1301 724 caesos
1335 684 1418 731 ait;
1466 698 1685 725 numerum
1720 696 1811 725 non‘

395 740 605 782 adscribit.

454 798 580 838 XVI.
615 797 721 839 Tria
739 812 788 838 eo
807 796 875 838 die
895 795 1121 838 laudabilia
1140 796 1283 838 fecisse
1303 804 1490 852 putatur.
1513 813 1658 849 unum,
1675 797 1807 854 quod,

397 853 684 896 circumducto
726 855 928 904 exercitu,
967 853 1000 878 ⁵⁹
1013 853 1158 910 procul
1206 852 1382 895 navibus
1431 854 1515 895 suis
1564 854 1805 910 castrisque,

397 911 510 952 ⁶⁰ubi
546 926 661 968 spem
695 910 772 952 nisi
806 910 848 951 in
888 911 1046 952 virtute
1084 911 1300 960 haberent,
1334 910 1443 952 inter
1480 910 1638 952 medios
1670 911 1810 952 hostes

429 968 595 1010 roelium
624 967 852 1010 commisit:
884 967 1077 1018 alterum,
1099 967 1216 1023 quod
1245 966 1434 1008 cohortes
1454 968 1507 1009 ab
1537 976 1656 1023 tergo
1683 967 1812 1008 hosti-

431 1041 480 1067 us
500 1024 676 1081 objecit:
708 1023 894 1075 tertium,
916 1024 1031 1080 quod
1061 1023 1283 1066 secundam
1313 1023 1531 1079 legionem,
1552 1023 1698 1065 ceteris
1727 1039 1812 1064 om-

400 1082 525 1124 nibus
554 1080 695 1123 effusis
724 1080 779 1122 ad
810 1081 1042 1136 sequendos
1070 1080 1224 1131 hostes,
1254 1080 1378 1137 pleno
1408 1081 1544 1137 gradu
1575 1081 1654 1122 sub
1687 1079 1814 1136 signis

402 1139 671 1195 compositam
691 1139 1024 1193 instructamque
1053 1137 1191 1179 subire
1212 1137 1266 1177 ad
1285 1145 1449 1193 portam
1479 1146 1708 1179 castrorum
1724 1138 1816 1194 jus-

404 1196 467 1237 sit.
529 1194 647 1236 Nihil
667 1194 816 1236 deinde
832 1209 857 1236 a
876 1194 1049 1235 victoria
1067 1202 1286 1235 cessatum.
1317 1209 1466 1250 quum,
1487 1195 1674 1250 receptui
1695 1194 1822 1250 signo-

404 1252 518 1302 dato,
541 1267 636 1293 suos
663 1250 804 1308 spoliis
832 1258 1004 1292 onustos
1030 1251 1073 1292 in
1100 1258 1235 1292 castra
1260 1250 1509 1302 reduxisset,
1530 1251 1674 1307 paucis
1702 1250 1816 1292 horis

405 1309 536 1351 noctis
570 1308 624 1349 ad
657 1308 842 1364 quietem
876 1307 999 1358 datis,
1036 1307 1090 1348 ad
1124 1307 1398 1364 praedandum
1433 1308 1477 1348 in
1516 1323 1636 1363 agros
1676 1306 1812 1349 duxit.

406 1366 611 1415 Effusius,
639 1373 688 1407 ut
721 1364 872 1422 sparsis
903 1364 1094 1406 hostibus
1124 1365 1241 1420 fuga,
1277 1363 1453 1420 praedati
1483 1372 1592 1405 sunt.
1625 1379 1721 1420 quae
1749 1379 1815 1405 res

195 1425 376 1476 Hispanise
406 1437 489 1464 non
517 1422 670 1473 minus,
693 1437 819 1477 quam
850 1436 995 1477 pugna
1022 1421 1156 1477 pridie
1186 1421 1373 1471 adversa,
1395 1420 1690 1476 Emporitanos
1718 1420 1817 1461 His-

195 1482 224 1502 ‘³¹
239 1469 367 1502 dedunt.
405 1494 535 1536 panos
561 1478 810 1533 adcolasque
839 1493 982 1518 eorum
1013 1477 1056 1518 in
1085 1477 1338 1518 deditionem
1368 1477 1583 1533 compulit.
1623 1477 1748 1518 multi
1777 1486 1819 1519 et

406 1536 581 1578 aliarum
608 1534 856 1584 civitatium,
887 1533 959 1590 qui
996 1533 1218 1590 Emporias
1251 1534 1537 1591 perfugerant,
1568 1533 1821 1575 dediderunt

408 1609 462 1635 se.
496 1608 602 1649 quos
631 1607 787 1641 omnes,
817 1590 1047 1646 adpellatos
1075 1591 1268 1646 benigne,
1299 1590 1480 1646 vinoque
1507 1598 1549 1631 et
1581 1591 1674 1632 cibo
1703 1605 1822 1632 cura-

408 1659 487 1701 tos,
509 1649 654 1690 domos
674 1647 841 1689 dimisit.
904 1647 1134 1689 Confestim
1164 1647 1260 1688 inde
1289 1655 1424 1688 castra
1446 1646 1599 1688 movit:
1632 1655 1688 1697 et,
1720 1663 1822 1703 quae

409 1721 591 1761 cumque
622 1704 840 1745 incedebat
872 1719 1034 1760 agmen,
1070 1703 1197 1759 legati
1232 1703 1474 1745 dedentium
1506 1703 1695 1745 civitates
1727 1719 1822 1745 suas

409 1762 700 1805 obcurrebant.
745 1768 787 1802 et
822 1776 954 1816 quum
992 1762 1272 1801 Tarraconem
1306 1760 1434 1810 venit,
1464 1761 1553 1816 jam
1591 1760 1724 1801 omnis
1764 1761 1822 1802 eis

413 1820 586 1863 Iberum
616 1817 823 1874 Hispania
841 1817 1077 1873 perdomita
1099 1824 1202 1867 erat,
1224 1817 1463 1872 captivique
1493 1824 1533 1858 et
1566 1816 1759 1868 Romani,
1781 1826 1824 1859 et

413 1877 569 1918 socium
600 1889 648 1916 ac
684 1874 827 1915 Latini
861 1874 1054 1925 nominis,
1086 1873 1208 1914 variis
1242 1873 1404 1915 casibus
1436 1873 1477 1914 in
1511 1873 1719 1930 Hispania
1751 1874 1824 1915 ob-

413 1932 557 1999 pressi,
579 1931 737 1973 donum
765 1931 924 1972 consuli
954 1947 978 1972 a
1006 1930 1193 1972 barbaris
1222 1929 1539 1971 reducebantur.
1602 1931 1732 1971 Fama
1755 1930 1826 1972 de-

414 1989 511 2032 mde
538 1988 752 2044 vulgatur,
773 1988 983 2029 consulem
1013 1987 1056 2028 in
1087 1987 1391 2028 Turdetaniam
1421 1987 1649 2029 exercitum
1676 1987 1827 2029 ductu-

416 2061 526 2097 rum,
546 2053 588 2087 et
609 2045 663 2086 ad
683 2044 825 2086 devios
851 2053 1067 2086 montanos
1087 2043 1119 2068 ⁶¹
1128 2044 1415 2100 profecturum
1445 2043 1570 2085 etiam
1598 2043 1704 2085 falso
1734 2059 1827 2101 per-

417 2103 549 2145 latum
570 2109 644 2144 est.
705 2100 779 2143 Ad
807 2101 919 2143 hunc
946 2116 1100 2142 vanum
1120 2109 1161 2142 et
1192 2101 1277 2142 sine
1306 2109 1475 2142 auctore
1495 2100 1582 2142 ullo
1601 2115 1826 2153 rumorem,

420 2160 762 2215 Bergistanorum
798 2158 978 2200 civitatis
1014 2166 1169 2214 septem
1207 2157 1372 2199 castella
1404 2157 1657 2202 defecerunt.
1703 2156 1827 2208 ⁶²eos,

418 2216 600 2257 deducto
620 2215 821 2265 exercitu,
842 2215 986 2257 consul
1007 2214 1092 2256 sine
1122 2214 1389 2256 memorando
1409 2214 1556 2271 proelio
1575 2214 1618 2255 in
1648 2222 1828 2270 potesta-

420 2281 503 2314 tem
535 2271 708 2328 redegit.
784 2272 916 2313 Haud
950 2271 1009 2314 ita
1043 2271 1177 2313 multo
1207 2279 1302 2329 post
1334 2270 1473 2322 iidem,
1506 2285 1690 2326 regresso
1724 2271 1830 2311 Tar-

420 2344 608 2372 raconem
639 2328 820 2380 consule,
843 2329 1087 2386 priusquam
1116 2328 1211 2371 inde
1241 2342 1454 2385 quoquam
1483 2327 1737 2384 procederet,
1759 2327 1830 2369 de-

175 242 218 273 E.
230 241 268 273 C.

172 285 213 316 A.
230 282 268 316 C.

740 2440 766 2458 ¹¹¹
778 2438 902 2477 opposita
917 2434 1013 2468 Gron.
1029 2436 1120 2469 Crev.
1207 2439 1223 2456 ¹¹
1238 2436 1410 2466 detrectator
1423 2431 1511 2464 Eaed.

467 2531 508 2562 59
531 2531 639 2562 Procul
653 2532 788 2573 navibus]
812 2531 1106 2574 Appianus,lib.de
1150 2531 1270 2562 videtur
1297 2529 1382 2571 fungi
1405 2529 1470 2560 vice
1491 2529 1624 2571 duplicis
1649 2529 1830 2571 negationis,

426 2573 523 2605 Bellis
536 2573 725 2616 Hispanicis,
736 2573 842 2606 scribit
851 2575 1000 2606 Catonem
1012 2575 1106 2606 etiam
1152 2573 1272 2605 vitiatos
1287 2583 1352 2604 esse
1368 2577 1489 2614 putant.

426 2626 522 2648 naves
537 2616 712 2648 Massiliam
727 2617 887 2649 remisisse.
1192 2617 1230 2647 61
1258 2615 1465 2657 Prqfecturum
1486 2617 1571 2645 etiam
1584 2614 1666 2656 falso
1687 2615 1832 2655 perlatum

470 2660 512 2691 60
539 2659 594 2690 Ubi
607 2670 683 2700 spem
704 2661 761 2690 nisi
779 2663 810 2691 in
823 2661 934 2691 virtute
955 2660 1107 2701 haberent]
1150 2659 1206 2701 est]
1244 2658 1305 2689 Hic
1339 2657 1455 2698 aliquid
1491 2663 1538 2689 est
1572 2657 1773 2690 redundantis
1799 2663 1830 2690 et

428 2702 489 2733 Vel
512 2701 626 2734 excidit
646 2702 704 2734 hoc
726 2702 794 2735 loco
816 2702 950 2744 negatio,
964 2702 1015 2734 vel
1036 2713 1108 2744 sup·
1152 2701 1283 2733 obscuri.
1328 2701 1434 2731 Forte:
1463 2706 1490 2731 et
1511 2703 1550 2731 ad
1571 2702 1663 2732 devios
1685 2707 1830 2732 nimitum-5

427 2744 542 2787 plenda
555 2750 601 2776 est
622 2755 659 2777 ex
675 2755 778 2777 sensu.
820 2745 961 2787 Utroque
983 2745 1108 2776 trahunt
1150 2744 1325 2786 etiamfalso
1338 2744 1450 2783 perlata
1464 2750 1514 2775 est.

427 2787 594 2820 doctissimi
618 2788 684 2824 viri,
706 2798 836 2835 quorum
859 2787 912 2819 alii
931 2787 1109 2820 existimant
1192 2787 1233 2818 62
1265 2787 1330 2822 Eos,
1367 2787 1490 2818 deducto
1525 2787 1666 2835 exercitu]
1712 2786 1831 2819 Grono-

428 2833 486 2861 nisi
507 2830 660 2862 interdum
683 2841 762 2864 sumi
783 2842 838 2874 pro
859 2842 917 2861 non
933 2852 940 2861 .
958 2854 966 2861 .
983 2853 990 2861 .
1009 2852 1016 2860 .
1031 2833 1107 2865 nia]-
1151 2828 1217 2862 vius
1231 2830 1315 2867 velit,
1331 2830 1447 2861 educto.-
1475 2829 1563 2862 nobis
1585 2839 1684 2873 magis
1699 2828 1831 2872 placeret

431 2872 482 2904 alii
510 2879 635 2915 negant,
661 2879 691 2906 ot
718 2874 799 2906 locos
827 2883 942 2911 omncs,
970 2873 1022 2905 ubi
1051 2874 1107 2904 πᾶσί
1149 2873 1278 2904 induero.
