1947 3222
377 118 450 151 354-
881 111 1022 148 T1T1
1071 109 1246 148 LIVIl

163 234 204 264 U.
219 233 254 264 C.
268 233 342 263 563.
374 237 474 263 mum
497 222 708 262 amoenilas
738 226 795 261 est
816 220 941 261 Asiae.
974 226 1128 261 tantum
1150 220 1213 260 72oe
1235 221 1468 274 peregi-inse
1499 222 1722 274 voluptates
1743 225 1800 263 ad

166 278 190 306 A
219 276 342 307 0189.
375 280 703 333 exstinguendum
733 279 904 332 vigorem
935 277 1156 317 animorum
1190 284 1380 330 possunt5
1421 283 1576 317 tantum
1612 280 1798 333 contagio

376 337 605 390 disciplina?
621 336 816 389 morisque
831 335 1060 375 adcolarum
1077 335 1195 374 valet.
1256 335 1352 375 Hoc
1367 341 1498 374 tamen
1503 334 1694 388 feliciter
1715 352 1799 376 eve-

377 394 453 442 uz‘t,
477 395 593 447 quod,
616 394 719 434 sicut
740 394 817 433 vim
838 393 1027 431 adversus
1051 404 1117 430 vos
1138 405 1402 445 nequaquam,
1426 393 1486 431 ita
1500 391 1668 445 famam
1689 396 1802 446 apud

381 451 545 491 Graecos
566 465 710 504 parem
732 450 797 489 illi
817 449 1000 500 antiquae
1018 447 1210 496 obtinent,
1232 463 1314 488 cum
1346 463 1425 501 qua
1446 457 1658 490 venerunt:
1688 450 1800 491 belle·-

379 522 453 562 que
467 504 646 562 gloriam
667 508 834 547 victores
854 505 1029 545 eamdem
1051 503 1158 544 inter
1172 505 1294 546 socios
1308 505 1517 554 habebitis,
1534 521 1650 559 quam
1667 508 1703 547 si
1718 521 1798 548 ser-

373 571 518 606 vantes
538 565 746 617 antiquum
767 562 962 615 specimen
984 562 1205 601 animorum
1231 562 1374 602 Gallos
1393 563 1600 604 vicissetis.

166 634 325 665 Galatiam
438 622 619 662 XVIII.
653 618 861 661 Concione
901 617 1084 666 dimissa,
1125 618 1344 674 missisque
1384 618 1438 658 ad
1478 620 1796 676 Eposognatum

166 677 342 718 ingrediun-
378 678 540 734 legatis,
563 676 637 733 qui
667 691 778 716 unus
807 691 858 716 ex
880 673 1036 730 regulis
1065 682 1107 715 et
1136 675 1180 715 in
1211 675 1413 716 Eumenis
1443 675 1622 717 amicitia
1642 692 1798 718 manse-

166 720 344 792 {Si-Roma·
378 748 459 782 rat,
481 743 522 776 et
552 740 776 789 negaverat
808 731 1022 772 Antiocho
1051 731 1250 773 adversus
1282 733 1493 773 Romanos
1523 733 1692 784 auxilia,
1714 749 1799 774 cas-

204 786 210 793 ’
380 800 444 832 tra
473 790 615 832 movit.
647 789 783 846 primo
813 789 880 829 die
910 788 965 829 ad
995 787 1234 829 Alandrum
1264 788 1434 838 flumen,
1460 798 1627 844 postero
1656 791 1709 830 ad
1740 791 1799 831 vi-

379 863 490 898 cum,
513 862 636 903 quem
671 854 818 887 vocant
851 846 1036 901 Tyscon,
1058 853 1243 886 ventum.
1305 847 1371 886 Eo
1400 845 1527 900 legati
1559 846 1798 887 Oroanden-

380 905 486 945 sium
508 919 641 960 quum
670 902 891 952 venissent,
914 902 1139 942 amicitiam
1168 911 1371 958 petentes,
1393 901 1614 944 ⁶⁵dueenta
1641 903 1800 945 talenta

378 961 429 1002 iis
450 970 547 1002 sunt
568 960 796 1016 imperata;
828 958 1197 1015 precantibusque,
1220 967 1268 1000 ut
1291 959 1462 1000 domurn
1493 959 1797 1010 renunciarent,

380 1026 563 1074 potestas
592 1017 715 1058 facta.
791 1017 956 1057 Ducere
986 1014 1082 1056 inde
1115 1016 1344 1057 exercitum
1377 1016 1520 1057 consul
1552 1016 1605 1056 ad
1640 1016 1798 1058 Pliten·

380 1076 506 1116 dum:
539 1073 688 1115 deinde
710 1073 763 1114 ad
786 1073 984 1129 Alyattos
1013 1080 1148 1113 castra
1171 1072 1317 1128 posita.
1380 1074 1446 1114 Eo
1466 1073 1578 1114 missi
1609 1073 1662 1114 ad
1685 1075 1798 1129 Epo-

379 1139 599 1186 sognatum
630 1129 858 1179 redierunt,
885 1129 964 1169 ⁶⁶et
995 1128 1121 1183 legati
1153 1144 1248 1169 cum
1278 1129 1359 1171 illis
1386 1129 1520 1186 reguli
1546 1138 1725 1180 orantes,
1747 1146 1798 1171 ne

378 1187 664 1243 ⁶⁷Tectosagis
698 1186 854 1227 bellum
885 1185 1136 1226 ⁶³i11ferret¹¹·.
1173 1187 1300 1239 ipsam
1336 1188 1379 1227 in
1415 1201 1500 1227 eam
1532 1193 1690 1240 gentem
1721 1189 1798 1228 ilu-

376 1260 464 1285 rnm
514 1247 833 1298 Eposognatum,
883 1257 1250 1297 persuasurumque,
1291 1251 1334 1283 nt
1378 1245 1577 1297 imperata
1609 1245 1797 1298 faciant.

379 1303 492 1344 Data
521 1301 642 1343 venia
670 1300 830 1356 regulo,
862 1299 958 1340 duci
986 1298 1081 1340 inde
1114 1300 1320 1341 exercitus
1349 1315 1424 1356 per
1454 1300 1626 1357 Axylon
1650 1300 1796 1357 (quam

378 1362 547 1412 vocant)
585 1366 739 1399 terram
774 1365 950 1413 coeptus.
1014 1356 1082 1396 Ab
1118 1372 1161 1397 re
1201 1372 1350 1397 nomen
1390 1357 1528 1398 habet.
1570 1372 1653 1398 non
1694 1358 1795 1412 ligni

378 1416 502 1456 modo
532 1414 780 1470 quidquam,
804 1413 876 1454 sed
895 1428 946 1453 ne
968 1413 1106 1468 spinas
1127 1413 1314 1468 quidem,
1336 1422 1410 1455 aut
1434 1413 1566 1454 ullum
1587 1413 1703 1455 aliud
1724 1414 1797 1454 ali-

379 1480 566 1513 mentum
587 1472 669 1512 fert
699 1471 817 1524 ignis.
881 1469 1000 1510 Fimo
1020 1470 1184 1511 bubulo
1213 1485 1289 1526 pro
1320 1470 1442 1526 lignis
1472 1479 1665 1512 utuntur.
1727 1471 1797 1512 Ad

373 1528 624 1578 Cuballum,
649 1527 936 1582 Gallograeciae
958 1526 1188 1576 castellum,
1211 1535 1345 1568 castra
1364 1528 1617 1568 habentibus
1646 1528 1800 1568 Roma-

378 1587 442 1626 nis
477 1585 707 1641 adparuere
743 1582 837 1625 cum
874 1598 1025 1639 magno
1066 1583 1253 1624 tumultu
1288 1584 1473 1625 hostium
1509 1584 1682 1639 equites.
1724 1599 1799 1626 nec

380 1643 605 1683 turbarunt
636 1649 801 1682 tantum
833 1640 1028 1681 stationes
1059 1641 1284 1690 Romanas,
1313 1649 1483 1696 repente
1512 1641 1693 1689 invecti3
1727 1641 1797 1682 sed

379 1699 582 1755 quosdam
614 1697 738 1739 etiam
774 1697 1026 1738 occiderunt.
1069 1696 1143 1752 qui
1178 1697 1388 1739 tumultus
1423 1713 1554 1753 quum
1591 1697 1634 1738 in
1664 1706 1796 1739 castra

378 1755 563 1811 perlatus
584 1763 704 1803 esset,
727 1754 884 1795 effusus
913 1761 1082 1809 repente
1103 1753 1296 1794 omnibus
1316 1754 1447 1809 portis
1477 1754 1690 1809 equitatus
1713 1755 1798 1794 Ro-

380 1827 525 1852 manus
545 1810 658 1852 fudit
678 1810 927 1866 fugavitque
951 1809 1108 1859 Gallos,
1131 1818 1171 1851 et
1202 1810 1361 1865 aliquot
1393 1810 1601 1865 fugientes
1631 1811 1795 1853 occidit.

380 1868 486 1908 Inde
507 1866 666 1917 consul,
689 1876 735 1907 ut
758 1867 831 1922 qui
857 1868 945 1922 jam
977 1866 1030 1906 ad
1059 1866 1198 1907 hostes
1228 1876 1475 1922 perventum
1506 1876 1705 1917 cerneret,
1727 1883 1798 1909 cx-

377 1925 540 1980 plorato
570 1923 720 1964 deinde
750 1932 791 1964 et
824 1938 919 1964 cum
947 1938 1047 1963 cura
1076 1932 1217 1964 coacto
1247 1923 1410 1978 agmine
1440 1924 1703 1979 procedebat.
1735 1932 1795 1966 et¹¹

376 1980 687 2022 continentibus
721 1979 939 2021 itineribus
974 1995 1104 2035 quum
1142 1980 1195 2020 ad
1234 1980 1481 2035 Sangarium
1516 1980 1672 2021 flumen
1706 1996 1798 2037 per-

377 2038 570 2087 venisset,
606 2044 792 2093 pontem,
829 2037 930 2091 quia
966 2036 1074 2077 vado
1113 2052 1318 2092 nusquam
1360 2037 1559 2079 transitus
1598 2046 1701 2087 erat,
1736 2038 1797 2078 fa-

377 2109 468 2134 cere
507 2093 702 2134 instituit.
785 2093 1023 2147 Sangarius,
1065 2108 1116 2134 ex
1161 2093 1327 2134 Adoreo
1366 2102 1505 2135 monte
1545 2109 1619 2150 per
1661 2095 1795 2151 Phry-

376 2150 486 2205 giam
518 2150 665 2199 fluens,
687 2149 884 2190 miscetur
913 2150 966 2191 ad
989 2149 1232 2206 Bithyniam
1255 2150 1502 2206 Tymbreti⁰
1524 2150 1665 2192 fluvio.
1696 2151 1793 2191 inde

377 2207 508 2262 major
537 2207 625 2261 jam
661 2206 880 2261 geminatis
914 2206 1035 2262 aquis
1069 2222 1143 2262 per
1177 2206 1420 2262 Bithyniam
1453 2207 1601 2256 fertur,
1635 2216 1674 2248 et
1708 2207 1790 2248 ⁶9in

517 2316 542 2333 ¹¹²
556 2312 698 2354 inferrent
717 2313 814 2344 Gron.
917 2316 932 2333 n
947 2320 972 2343 et
989 2313 1052 2344 del.
1068 2312 1166 2344 Gron.
1181 2313 1274 2344 Crev.
1378 2317 1394 2334 ⁰
1410 2313 1548 2354 Thymbra·
1564 2312 1650 2344 Eaed.

421 2428 462 2459 65
487 2428 622 2458 Ducentu
646 2428 772 2470 talenta]
803 2429 921 2460 Μαι-οε
946 2431 1063 2471 argenti
1108 2440 1160 2461 eos
1176 2431 1214 2461 ad
1232 2440 1308 2472 quos
1329 2429 1483 2472 profectus
1498 2435 1562 2459 erat
1585 2429 1637 2460 ille
1655 2431 1789 2471 regulus,

382 2471 493 2502 18750.
1111 2473 1265 2513 Olympum
1295 2479 1417 2503 muntem
1443 2479 1546 2510 petere.
1607 2473 1789 2505 Oroanden-

419 2513 460 2544 66
485 2514 522 2544 Et
546 2514 635 2555 legati
663 2525 728 2544 cum
753 2515 812 2544 illis
837 2515 948 2556 reguli]
984 2516 1062 2546 Gro-
1107 2515 1186 2546 sium
1211 2522 1313 2546 autem
1337 2513 1430 2555 legati
1453 2525 1480 2544 c.
1504 2525 1569 2554 seq.
1586 2523 1712 2547 narrant
1738 2517 1791 2547 Tn-

376 2556 496 2592 novius,
511 2567 605 2597 quum
621 2556 747 2597 quidam
770 2557 874 2598 scripti
891 2557 1063 2599 pra-ferant,
1108 2559 1299 2588 Iistoboiorum
1333 2559 1476 2588 civitatem
1517 2558 1674 2597 Olympum
1711 2571 1791 2589 mnn-

375 2601 464 2639 legati
486 2600 622 2638 compulsi
643 2601 752 2640 reguli,
765 2609 801 2629 ex
828 2610 901 2630 voce
923 2602 1061 2640 compulsi
1105 2606 1159 2631 tem
1195 2602 1313 2640 cepisoe:
1349 2602 1470 2630 diversos
1510 2600 1672 2643 'I'ectomgos
1697 2603 1790 2633 alium

375 2642 446 2672 fecit
462 2642 611 2672 cumillis.
1103 2650 1235 2677 montem,
1265 2644 1314 2683 qni
1347 2643 1473 2681 Magaba
1507 2644 1637 2679 dicatur,
1669 2647 1792 2683 petiisse.

417 2685 457 2715 67
489 2683 662 2725 Tectosagis]
702 2683 820 2715 Debuit
849 2684 954 2715 Livius
985 2685 1059 2715 scri-
1106 2686 1182 2716 Ilaec
1213 2685 1276 2717 fere
1306 2684 1482 2716 Perizonius
1510 2685 1677 2716 Animadv.
1709 2687 1792 2718 Hist.

375 2727 444 2756 bere
471 2727 652 2757 Tolistoboiis.
700 2727 750 2757 Ita
772 2726 853 2757 enim
879 2727 971 2757 habet
999 2729 1058 2758 Po·
1103 2738 1131 2758 c.
1147 2730 1179 2759 9.

374 2769 486 2810 lybius,
502 2771 584 2800 unde
599 2770 663 2800 haec
675 2769 838 2811 desumpta
852 2776 933 2801 sunt.
979 2771 1056 2801 Eum
1144 2772 1184 2801 68
1213 2771 1354 2812 {risen-et]
1380 2770 1430 2801 sic
1454 2771 1605 2807 dedimus,
1631 2771 1788 2803 Andrean]

374 2811 434 2841 vid.
453 2813 526 2850 Leg.
543 2814 594 2843 33.
641 2813 680 2843 Et
704 2823 773 2843 vero
795 2813 888 2853 legati
905 2814 1056 2854 Epossog-
1101 2813 1209 2844 secuti.
1256 2814 1360 2855 Vulgo
1375 2813 1529 2854 irgt'errent.

373 2854 436 2884 nati
474 2855 549 2886 infra
587 2855 642 2885 hoc
681 2856 746 2897 ipso
775 2855 875 2897 capite
909 2856 1057 2887 nunciant
1144 2857 1185 2887 69
1218 2856 1252 2886 ln
1301 2857 1501 2896 Propontidem
1546 2869 1600 2888 sese
1644 2858 1788 2899 effundit}
