1947 3222
512 103 572 139 LI
590 103 633 138 B.
666 102 749 138 XL.
798 102 872 138 CA
888 103 924 140 P.
956 105 1069 142 Llll.
1422 113 1494 146 503

80 214 142 254 nis
167 212 357 254 undecim
378 220 473 254 ante
498 211 545 251 L.
572 209 771 250 AEmilius
793 211 1000 265 Regillus,
1024 214 1158 253 navali
1181 216 1328 270 proelio
1348 217 1494 258 adver-
1510 235 1600 266 uc,
1614 236 1686 265 573.

82 286 152 311 sus
181 269 401 325 praefectos
434 268 542 323 regis
566 265 776 308 Antiochi.
840 268 977 324 Supra
1006 268 1146 310 valvas
1177 273 1319 327 templi
1352 274 1497 315 tabula
1512 278 1686 310 A.C.179.

83 341 178 367 cum
200 325 325 368 titulo
346 325 423 366 hoc
445 325 529 366 fixa
547 333 632 366 est:
665 323 698 347 ⁹⁹
707 325 857 365 Duello
886 339 1031 379 magno
1060 327 1219 379 regibus
1240 331 1497 370 dirimendo*

81 389 202 435 caput
222 383 451 437 subigendis
465 382 690 433 patrandae
702 382 822 433 pacis
841 381 924 421 hoec
948 396 1086 436 pugna
1108 386 1270 424 exeunti
1295 387 1343 426 L.
1361 388 1498 427 AEmi-
1522 403 1524 408 ·

79 441 136 480 lio
157 441 221 481 M.
246 440 408 480 AEmilii
423 439 524 492 filio
544 439 739 492 auspicio,
763 440 945 491 imperio,
951 440 1164 494 felicitate
1194 442 1389 496 ductuque
1417 444 1500 497 ejus

81 498 188 537 inter
208 497 424 550 Ephesum,
450 496 621 543 Samum,
642 496 868 549 Chiumque,
887 497 1135 548 inspectante
1154 512 1231 538 cos.
1254 499 1341 551 ipso
1359 502 1500 541 Antio-

79 555 163 602 cho,
186 555 360 594 exercitu
380 554 500 602 omni,
523 554 718 607 equitatu,
742 553 1056 607 elephantisque,
1077 556 1215 596 classis
1235 557 1341 610 regis
1361 556 1501 597 Antio-

80 612 146 651 clzi
168 617 286 651 antea
313 611 370 651 sic
399 611 650 664 victa‚fusa,
672 617 851 659 contusa,
856 610 1096 665 fugataque
1116 619 1187 662 est,
1210 612 1345 666 ibique
1370 627 1416 654 eo
1435 616 1502 654 die

80 683 200 708 naves
228 669 360 722 longae
388 682 472 708 cum
507 667 686 708 omnibus
714 668 832 708 sociis
861 674 992 720 captae
1026 668 1166 709 LXII
1173 676 1200 710 ‘¹.
1261 671 1329 710 Ea
1357 684 1501 725 pugna

71 732 276 779 pugnata,
300 739 372 765 rex
393 725 610 765 Antiochus
639 725 960 779 regnumque**.
1022 725 1143 779 Ejus‘
1171 727 1232 767 rei
1259 742 1353 782 ergo
1379 730 1501 768 cedem

80 782 261 823 Laribus
284 782 541 823 Permarim's
566 782 684 822 vovit.
747 781 910 822 Eodem
941 782 1133 839 exemplo
1165 784 1309 825 tabula
1338 784 1380 825 in
1411 785 1500 826 aede

81 841 110 880 J
113 839 201 880 ovis
221 840 264 880 in
287 838 495 894 Capitolio
516 854 644 895 supra
665 838 808 880 valvas
828 839 913 879 fixa
933 847 1007 881 est.

139 896 273 937 LIII.
307 895 460 945 Biduo,
484 911 570 951 quo
591 904 780 937 senatum
809 895 1001 951 legerunt
1023 911 1225 947 censores,
1249 899 1297 948 Q.
1322 899 1501 941 Fulvius
1515 910 1581 942 Res
1594 915 1687 952 gestae

80 952 238 1003 consul,
259 952 474 1010 profectus
503 953 546 993 in
581 953 777 1008 Ligures,
803 951 906 1008 1per
935 953 1070 994 invios
1098 962 1260 995 montes
1289 955 1501 1012 vallesque
1513 953 1546 984 in
1561 953 1697 995 Liguria.

81 1009 211 1050 saltus
241 1025 337 1051 cum
367 1009 552 1050 exercitu
586 1017 881 1065 transgressus,
904 1009 1032 1065 signis
1065 1010 1238 1052 conlatis
1258 1027 1352 1053 cum
1383 1013 1501 1055 hoste

81 1067 313 1122 pugnavit:
346 1081 482 1122 neque
513 1074 679 1107 tantum
708 1066 794 1107 acie
814 1065 939 1107 vicit:
973 1066 1046 1107 sed
1075 1075 1211 1108 castra
1240 1083 1410 1124 quoque
1437 1086 1504 1111 eo-

82 1122 178 1164 dem
213 1123 280 1163 die
315 1123 438 1179 cepit.
484 1122 564 1164 tria
599 1122 727 1163 millia
760 1121 930 1163 ducenti
969 1122 1169 1173 hostium,
1205 1125 1423 1181 omnisque
1456 1142 1504 1168 ea

83 1180 198 1234 regio
239 1179 449 1236 Ligurum
490 1179 532 1220 in
572 1179 827 1221 deditionem
867 1179 993 1221 venit.
1055 1180 1214 1221 Consul
1254 1181 1418 1224 deditos
1461 1183 1502 1224 in

81 1244 330 1292 campestres
363 1251 485 1292 agros
517 1236 710 1284 deduxit,
739 1235 1019 1292 praesidiaque
1055 1237 1268 1279 montibus
1302 1239 1503 1295 inposuit.

80 1292 306 1334 ²Celeriter
336 1301 378 1334 et
407 1308 462 1334 ex
497 1292 710 1349 provincia
739 1293 871 1334 literae
896 1293 1072 1334 Romam
1097 1303 1313 1336 venerunt.
1346 1296 1504 1353 suppli-

82 1349 262 1390 cationes
282 1350 337 1391 ob
358 1365 426 1390 eas
448 1365 512 1390 res
533 1358 671 1405 gestas
697 1350 739 1390 in
761 1349 951 1391 triduum
973 1350 1151 1391 decretae
1173 1360 1282 1393 sunt.
1345 1353 1504 1395 Praeto-

82 1422 147 1446 res
182 1406 464 1462 quadraginta
499 1406 645 1448 hostiis
679 1407 908 1463 majoribus
979 1423 1023 1448 er
1058 1407 1381 1463 supplicationes
1416 1425 1502 1451 rem

85 1462 269 1503 divinam
299 1463 501 1504 fecerunt.
564 1464 633 1505 Ab
664 1463 795 1505 altero
824 1479 951 1505 consu
971 1480 992 1504 e
1019 1465 1069 1504 L.
1093 1465 1256 1506 Manlio
1288 1465 1391 1506 nihil
1421 1481 1504 1508 me-

84 1519 214 1560 moria
233 1519 409 1574 dignum
429 1520 471 1560 in
495 1519 728 1576 Liguribus
749 1528 811 1561 est
840 1529 1019 1576 gestum.
1082 1521 1194 1562 Galli
1219 1523 1502 1578 Transalpini,

85 1576 166 1616 tria
192 1576 322 1618 millia
350 1577 582 1626 hominum,
604 1577 646 1618 in
677 1577 845 1618 Italiam
876 1578 1137 1634 transgressi,
1159 1578 1363 1620 neminem
1394 1579 1504 1621 bello

84 1632 341 1683 lacessentes,
363 1649 511 1689 agrum
542 1649 565 1674 a
595 1633 853 1675 consulibuss
872 1643 914 1676 et
946 1643 1091 1676 senatu
1121 1635 1334 1691 petebant,
1358 1644 1406 1678 ut
1433 1652 1505 1692 pa-

83 1689 165 1730 cati
186 1690 264 1731 sub
286 1690 460 1745 imperio
488 1690 635 1746 populi
660 1690 837 1731 Romani
868 1699 1014 1732 essent.
1076 1692 1163 1733 Eos
1191 1701 1358 1734 senatus
1387 1709 1504 1735 exee-

83 1746 182 1786 dere
204 1746 329 1787 Italia
342 1747 485 1803 jussit,
502 1755 543 1788 et
567 1747 777 1789 consulem
800 1748 848 1797 Q.
868 1748 1069 1789 Fulvium
1091 1764 1293 1804 quaerere,
1315 1758 1357 1791 et
1372 1750 1503 1791 anim-

83 1802 300 1844 advertere
334 1803 376 1844 in
412 1819 494 1853 eos,
531 1804 605 1859 qui
642 1803 848 1860 principes
884 1814 924 1846 et
960 1813 1150 1846 auctores
1185 1807 1503 1848 transcendendi

82 1859 219 1916 Alpes
238 1860 426 1902 fuissent.

125 1935 142 1960 <1
159 1931 268 1961 XLII.
284 1932 376 1963 CreV.

86 1975 147 2005 sule
162 1974 250 2004 Eaed.

85 2035 169 2077 apud
196 2035 322 2066 Graecos
352 2036 538 2072 Mercurius,
565 2036 674 2067 Romae
702 2047 773 2067 vero
816 2046 904 2078 posse
940 2036 1117 2073 succedere,
1149 2042 1203 2067 aut
1238 2048 1337 2080 operae
1375 2039 1505 2080 pretium

88 2079 239 2109 Hercules
267 2077 404 2109 Sancus.
468 2079 518 2109 Sic
555 2078 646 2120 igitur
684 2079 774 2110 Lares
816 2089 882 2109 esse
911 2079 1040 2110 duxerit.
1087 2079 1261 2111 Gronovius
1291 2091 1363 2112 eum
1394 2092 1505 2123 reprae-

92 2121 257 2151 Per-marini
278 2120 334 2151 hoc
361 2121 427 2152 loco
442 2127 514 2152 sunt
534 2121 578 2153 dii
602 2121 772 2163 navigatio·
817 2122 950 2152 sentavit
971 2121 1074 2164 qualis
1096 2122 1189 2163 plane
1211 2128 1313 2153 exstat
1333 2124 1366 2155 in
1389 2125 1506 2160 codice,

87 2164 135 2194 nis
164 2163 319 2205 praesides.
364 2164 405 2194 Et
433 2163 464 2195 hi
495 2170 566 2194 sunt
594 2165 774 2206 Neptunus,
818 2164 875 2195 nisi
890 2165 973 2206 quod
991 2165 1083 2206 jussit
1096 2170 1165 2207 post
1181 2165 1341 2207 Sigonium
1363 2166 1435 2208 legi,
1452 2169 1506 2199 Sa—

513 1936 714 1974 sregnumque
730 1934 858 1972 qius**.
907 1934 980 1972 Ejus
996 1941 1048 1964 etc.
1067 1935 1165 1965 Gron.
1181 1935 1272 1965 Crev.
1410 1939 1422 1955 ⁵
1438 1948 1503 1966 con—

88 2207 206 2242 Thetis,
231 2207 382 2237 Glaucus.
427 2207 504 2237 Haec
528 2208 590 2238 fere
611 2218 649 2238 ex
670 2208 775 2239 Taub—

92 2260 207 2281 manno
221 2249 400 2284 Martinjus,
416 2249 447 2279 in
463 2260 536 2280 voce
553 2250 626 2280 Lar.

129 2293 171 2323 98
194 2294 288 2323 Annis
318 2294 452 2322 undecim
481 2293 565 2334 ante]
612 2292 695 2323 Olim
725 2291 774 2323 hic

90 2334 249 2374 legebatur
276 2335 423 2365 mendose
451 2338 536 2366 annis
566 2336 774 2376 quadraginta.

91 2378 182 2407 Error
210 2377 332 2409 videtur
360 2378 486 2419 Sigonio
511 2384 604 2409 natus
630 2389 668 2409 ex
697 2378 778 2408 notis

93 2420 154 2450 XI.
170 2424 201 2449 et
215 2421 284 2451 XL.
330 2421 390 2451 Ille
411 2421 505 2462 igitur
527 2421 662 2463 reposuit
684 2422 776 2451 mule-

91 2464 165 2492 cim:
199 2461 231 2492 in
261 2473 323 2504 qua
355 2463 539 2495 numerandi
571 2463 688 2494 ratione
716 2473 777 2494 non

92 2504 263 2535 includitur
277 2515 376 2537 annus
397 2513 562 2538 extremus.
609 2506 658 2537 Sic
672 2517 775 2548 supra,

91 2547 148 2578 hoc
178 2547 244 2589 ipso
272 2548 372 2589 capite
397 2549 474 2580 dixit
502 2556 570 2580 ante
595 2551 682 2580 annis
705 2558 775 2585 octo,

91 2600 187 2632 quum
215 2596 319 2620 tamen
354 2601 464 2622 novem
496 2591 650 2623 numerati
682 2591 778 2623 debe-

93 2638 170 2669 rent,
202 2631 259 2663 nisi
294 2637 449 2664 extremus
477 2645 577 2666 annus
607 2634 776 2676 negligere-

90 2682 152 2707 tur.

135 2719 177 2749 99
202 2718 309 2749 Dnello
335 2719 454 2759 magno]
483 2720 557 2750 Non
582 2730 707 2751 necesse
733 2726 780 2751 est

94 2770 219 2791 monere
260 2767 358 2792 totum
392 2760 475 2791 hunc
515 2763 615 2794 locum
655 2761 780 2793 omnino

94 2803 298 2845 depravatum
319 2814 396 2835 esse.
440 2804 552 2835 Tentet
579 2815 650 2836 eum
676 2815 780 2835 emen-

93 2846 179 2881 dare,
208 2847 233 2876 si
264 2847 333 2887 quis
365 2851 419 2878 aut
454 2856 516 2877 rem
549 2857 690 2888 prospere
724 2847 780 2878 sibi

819 2219 898 2237 mum
916 2208 1077 2248 Chiumque
1091 2218 1146 2249 pro
1163 2208 1409 2250 Camuchumque.

866 2251 878 2280 l
917 2251 977 2281 Per
1010 2252 1100 2281 invios
1134 2258 1241 2283 montes
1273 2253 1416 2293 vallesque
1450 2254 1507 2283 sal-

819 2299 866 2323 tus
881 2314 889 2322 .
906 2315 914 2324 .
930 2314 939 2322 .
955 2294 1164 2335 transgressus]
1201 2295 1280 2325 Haec
1309 2295 1362 2335 qui
1391 2300 1509 2326 attente

818 2334 936 2376 legerit,
974 2335 1025 2366 vix
1064 2335 1183 2366 videtur
1223 2336 1366 2368 dubitare
1408 2348 1508 2380 posse,

819 2377 894 2418 quin
910 2378 943 2409 τὲ
958 2379 1046 2409 valles
1067 2379 1264 2421 occupaverit
1285 2380 1388 2412 locum
1412 2381 1508 2412 alicu-

815 2420 867 2463 jus
897 2420 1036 2463 epitheti,
1065 2422 1149 2462 quod
1178 2422 1286 2453 Livius
1313 2423 1380 2454 voci
1418 2425 1508 2454 saltus

820 2469 1015 2505 apposuerat.
1060 2465 1218 2507 Fortasse*
1237 2464 1424 2505 legendum:
1457 2478 1508 2505 per

821 2508 910 2537 invios
923 2513 1030 2538 mmztes
1044 2507 1231 2548 difficilesque
1244 2509 1345 2539 saltus.

862 2550 883 2580 2
920 2549 1060 2580 Celeriter
1095 2557 1122 2581 et
1158 2561 1191 2581 ez
1224 2552 1390 2592 provincia]
1437 2553 1506 2582 Hoc

821 2597 996 2634 suspectum
1018 2592 1075 2623 suit
1091 2594 1160 2625 Jac.
1181 2593 1347 2629 Gronovi0‚
1364 2594 1418 2634 qui
1440 2604 1507 2635 per-

821 2634 880 2666 levi
912 2634 1080 2666 mutatione
1111 2636 1213 2667 locum
1242 2636 1406 2666 emendare
1438 2635 1507 2666 niti-

820 2682 888 2708 tur:
921 2679 1071 2714 Celeriter,
1098 2686 1133 2709 υτ
1162 2690 1194 2709 er
1221 2680 1370 2717 provincia
1402 2680 1507 2709 littera)

826 2721 946 2751 Romam
978 2727 1131 2756 venerunt,
1160 2721 1380 2759 supplicatimzes
1402 2743 1411 2752 .
1435 2743 1444 2752 .
1467 2741 1475 2750 .
1501 2744 1509 2750 .

823 2763 885 2794 Sed
906 2763 1030 2804 gravius
1056 2763 1190 2804 profecto
1213 2762 1301 2793 ulcus
1323 2762 1409 2794 latet.
1456 2764 1508 2793 Ce-

824 2807 924 2836 leriter
946 2805 996 2835 hic
1020 2805 1145 2835 omnino
1168 2804 1355 2846 superfluum
1381 2811 1437 2842 est,
1455 2815 1509 2836 nec

826 2847 948 2879 videtur
964 2858 983 2878 a
1000 2847 1086 2878 Livio
1102 2847 1271 2889 profectum
1287 2857 1362 2878 esse.
