1947 3222
510 147 628 186 LIB.
658 143 896 184 XXXVIII.
936 146 1067 184 CAP.
1096 147 1184 184 LX.
1474 152 1548 192 395

136 260 338 303 Corneliae
358 255 695 312 magisfizmz'lioe,
717 267 836 309 quam
863 254 956 295 urbi
974 255 1187 306 Romame,
1203 256 1306 311 fore
1327 257 1550 300 eruhescen-
1566 264 1606 338 1³.
1619 262 1744 339 ἓξὲξ.

136 319 240 358 dum.
1564 328 1573 338 .
1598 330 1606 338 .
1648 328 1656 335 .
1736 327 1743 335 .

194 375 295 415 LX.
318 372 534 414 Adversus
554 384 603 410 ea
624 368 851 411 Terentius
871 377 1027 425 praetor
1046 368 1304 425 rogationem
1327 371 1549 422 Petilliam,

135 439 176 473 et
208 426 626 477 senatusconsultum,
648 434 689 468 et
714 425 924 482 judicium
945 426 998 468 de
1021 425 1071 467 L.
1091 426 1282 482 Scipione
1311 426 1470 469 factum
1490 445 1552 470 re-

134 488 304 533 citavit;
337 501 392 534 se,
414 484 458 524 ni
478 483 685 525 referatur
714 483 892 539 pecunia
911 484 956 524 in
985 483 1219 540 publicum,
1240 498 1338 539 quae
1363 484 1553 540 judicata

135 545 203 594 sit,
224 542 326 585 nihil
354 541 521 591 habere,
551 540 668 596 quod
697 539 838 590 faciat,
869 541 949 582 nisi
980 549 1029 582 ut
1059 540 1262 597 prehendi
1292 541 1555 593 damnatum,

134 601 238 643 etin
258 597 425 640 vincula
453 597 552 638 duci
576 597 738 653 jubeat.
801 597 986 639 Tribuni
1016 613 1151 654 quum
1178 597 1221 638 in
1250 597 1468 639 consilium
1494 614 1553 640 se-

134 657 360 706 cessissent,
395 654 538 711 paullo
574 662 669 710 post
706 655 754 695 C.
785 654 972 696 Fannius
1006 670 1058 696 ex
1100 670 1176 696 sua
1213 655 1554 711 collegarumque

133 713 324 763 aliorum,
349 720 503 769 praeter
530 711 785 761 Gracchum,
816 712 1021 753 sententia
1049 711 1357 768 pronunciavit,
1376 714 1555 766 praetori

132 785 210 810 non
233 770 481 811 intercedere
500 769 694 818 tribunos,
717 783 793 822 quo
814 770 944 809 minus
962 784 1036 810 sua
1049 775 1254 822 potestate
1273 776 1424 810 utatur.
1481 770 1550 811 Ti.
1567 778 1727 809 Gracchuf,

133 827 351 870 Gracchus
390 826 450 867 ita
484 825 691 867 decrevit:
743 825 833 874 Quo
866 827 996 868 minus
1027 841 1076 867 ex
1109 826 1219 868 bonis
1252 827 1308 868 L.
1333 828 1549 881 Scipionis,
1566 821 1648 895 gnibtti
1662 832 1733 853 eum

131 886 236 939 quod
239 884 471 938 judicatum
492 884 560 933 sit,
582 883 813 938 redigatur,
835 898 876 924 se
896 898 974 924 non
996 884 1242 926 intercedere
1253 885 1442 938 praetori.
1501 885 1551 926 L.
1561 875 1597 907 3¹¹
1621 870 1659 896 et.

131 943 356 996 Scipionem
375 941 466 995 (qui
484 955 615 995 regem
636 942 975 993 opulentissimum
996 941 1105 983 orbis
1123 948 1324 983 terrarum
1345 943 1552 991 devicerit,

134 1000 342 1054 imperium
366 999 515 1052 populi
550 998 731 1038 Romani
751 1000 1052 1052 propagaverit
1086 999 1131 1040 in
1161 1000 1321 1040 ultimos
1354 1006 1554 1041 terrarum

112 1059 243 1111 fines,
266 1071 397 1110 regem
418 1057 652 1107 Eumenem,
673 1055 868 1105 Rhodios,
891 1055 999 1097 alias
1020 1062 1080 1096 tot
1100 1055 1216 1097 urbes
1235 1058 1348 1097 Asiae
1367 1058 1554 1098 devinxe-

132 1116 190 1157 rit
203 1114 350 1168 populi
370 1113 552 1155 Romani
574 1112 784 1166 beneficiis,
801 1113 1000 1165 plurimos
1023 1114 1139 1154 duces
1157 1114 1327 1154 hostium
1350 1115 1394 1154 in
1414 1116 1555 1156 trium-

127 1173 212 1227 pho
232 1173 370 1212 ductos
395 1184 555 1210 carcere
585 1171 811 1224 incluserit)
834 1184 912 1210 non
934 1184 1150 1223 passurum
1171 1168 1317 1212 winter
1335 1172 1463 1212 hostes
1477 1186 1553 1225 po-

125 1231 222 1284 puli
255 1229 437 1269 Romani
467 1228 522 1268 L.
544 1227 789 1280 Scipioneme
824 1228 867 1267 in
907 1242 1067 1268 carcere
1100 1235 1140 1269 et
1176 1229 1220 1269 in
1255 1230 1425 1270 vinculis
1459 1245 1552 1278 esse,

132 1288 316 1341 mittique
346 1299 430 1325 eum
455 1299 497 1326 se
511 1283 670 1337 jubere.
733 1285 874 1325 Tanto
905 1284 1082 1326 adsensu
1113 1285 1307 1327 auditum
1333 1294 1395 1328 est
1415 1287 1554 1328 decre-

134 1354 241 1394 tum,
273 1343 377 1384 adeo
407 1341 625 1383 dimissum
659 1340 710 1381 L.
736 1340 970 1397 Scipionem
1001 1342 1087 1384 laeti
1122 1342 1309 1384 homines
1340 1343 1552 1394 viderunt,

133 1410 182 1443 ut
212 1401 283 1442 vix
308 1401 351 1441 in
372 1399 514 1440 eadem
547 1398 715 1439 civitate
745 1398 960 1440 videretur
990 1399 1151 1441 factum
1175 1399 1398 1456 judicium.
1460 1401 1553 1442 18In

132 1460 244 1500 bona
263 1457 413 1498 deinde
446 1456 497 1496 L.
523 1455 726 1511 Scipionis
745 1469 980 1510 possessum
1002 1456 1169 1512 publice
1189 1466 1419 1512 quaestores
1448 1474 1555 1514 prae-

134 1523 201 1557 tor
227 1514 351 1555 misit.
388 1528 525 1568 neque
554 1512 597 1552 in
627 1511 676 1553 iis
706 1527 789 1552 non
820 1512 943 1553 modo
972 1513 1196 1569 vestigium
1225 1514 1359 1556 ullum
1389 1531 1555 1572 compa-

134 1573 221 1614 ruit
250 1571 440 1627 pecuniae
469 1568 610 1624 regiae,
636 1568 707 1609 sed
737 1584 1004 1625 nequaquam
1034 1578 1200 1612 tantum
1231 1571 1447 1614 redactum
1477 1582 1555 1625 est,

134 1636 305 1685 quantae
336 1642 510 1668 summae
539 1626 762 1667 damnatus
791 1626 942 1667 fuerat.
1005 1627 1182 1669 Conlata
1210 1629 1388 1684 pecunia
1415 1645 1440 1670 a
1460 1645 1555 1685 cog-

134 1687 243 1728 natis
267 1684 493 1740 amicisque
523 1691 565 1724 et
595 1682 816 1724 clientibus
845 1692 907 1725 est
939 1683 990 1724 L.
1015 1684 1225 1740 Scipioni3
1258 1694 1321 1736 ut,
1345 1687 1376 1727 si
1398 1684 1555 1743 accipe-

132 1753 197 1784 ret
217 1758 322 1793 eam,
344 1739 592 1797 locupletior
620 1739 837 1796 aliquanto
865 1748 986 1791 esset,
1008 1757 1136 1796 quam
1158 1750 1254 1783 ante
1275 1743 1553 1785 calamitatem

133 1800 284 1841 fuerat.
356 1797 475 1839 Nihil
515 1796 685 1853 accepit.
731 1812 828 1852 quae
868 1798 1096 1839 necessaria
1129 1799 1182 1840 ad
1218 1799 1379 1841 cultum
1421 1810 1554 1851 erant,

133 1857 359 1898 ¹⁹redemta
392 1855 429 1896 ei
462 1870 487 1895 a
517 1854 720 1910 proximis
759 1855 946 1909 cognatis
982 1864 1092 1896 sunt.
1156 1857 1432 1913 Verteratque
1471 1858 1555 1899 Sci-

133 1915 308 1971 pionum
337 1912 498 1954 invidia
526 1911 568 1951 in
589 1920 828 1967 praetorem,
849 1911 931 1953 ²⁰et
951 1912 1169 1954 consilium
1199 1913 1305 1969 ejuS,
1327 1923 1368 1957 et
1389 1930 1552 1956 accusa-

134 1981 255 2013 tores.

624 2039 640 2056 ⁰
657 2035 694 2066 L.
707 2035 867 2075 Scipionem
881 2035 941 2066 del.
959 2036 1051 2067 Crev.

181 2111 217 2140 17
243 2109 326 2140 Inter
341 2109 428 2139 hostes
447 2106 548 2147 populi
569 2103 709 2152 =Romani]
728 2106 822 2152 ,Post
866 2105 991 2136 vendita
1012 2116 1079 2137 esse
1102 2117 1140 2138 ea
1162 2108 1267 2139 omnia
1289 2119 1358 2151 quae
1384 2110 1421 2140 L.
1436 2109 1552 2151 Scipio·

135 2153 201 2184 haec
217 2153 313 2183 verba
337 2163 356 2182 a
377 2150 462 2182 mala
483 2160 578 2180 manu
600 2159 704 2180 rursus
725 2158 821 2179 mser·
866 2149 914 2183 nis
937 2155 1036 2185 erant,
1052 2155 1087 2179 ut
1108 2151 1241 2192 pecunia
1256 2163 1294 2182 ex
1309 2152 1352 2182 eis
1374 2153 1500 2183 redacta
1521 2153 1551 2183 in

135 2202 201 2227 tum
227 2201 294 2226 erat
330 2195 369 2225 L.
397 2194 576 2233 Scipionem.-
613 2192 696 2232 quod
727 2202 822 2232 quum
867 2191 1008 2222 aerarium
1038 2193 1216 2224 inferretur:
1259 2195 1298 2226 ad
1329 2194 1415 2226 illam
1448 2201 1551 2226 autem

136 2245 167 2270 et
189 2249 308 2275 sensus,
329 2243 361 2269 et
375 2237 436 2268 duo
457 2235 573 2275 scripti,
596 2245 676 2266 unus
699 2243 717 2263 a
741 2235 820 2265 Gro·
865 2234 1073 2266 venditionem
1113 2237 1278 2269 accessisse
1321 2238 1474 2280 proximos
1515 2240 1550 2269 L.

136 2282 226 2312 novio
262 2285 460 2315 memoratus,
490 2279 567 2309 alter
595 2277 679 2308 Vici.
708 2284 819 2314 noster,
865 2277 1018 2320 Scipionis
1040 2285 1197 2320 cognatos,
1214 2286 1244 2311 ct
1266 2291 1304 2311 ea
1326 2292 1395 2322 quae
1419 2281 1551 2312 maxime

138 2324 310 2367 repudient,
326 2322 527 2354 resecandum
542 2320 728 2352 censuimus.
866 2321 1028 2352 necessarii
1063 2333 1137 2353 usus
1171 2330 1260 2355 erant
1296 2324 1473 2361 redemisse,
1515 2334 1551 2355 ac

182 2367 398 2407 18*112110na]
434 2364 534 2396 Jussit
555 2369 666 2406 praetor
688 2368 820 2402 quaesto-
866 2363 1001 2404 Scipioni
1016 2365 1195 2397 reddidisse.

139 2410 230 2440 resin
244 2411 326 2441 bona
341 2412 376 2441 L.
389 2408 542 2451 Scipionis
557 2407 608 2449 jus
625 2405 822 2448 possessionis
908 2408 950 2437 20
982 2408 1019 2437 Ει
1048 2410 1200 2439 consilium
1227 2411 1304 2450 ejus]
1359 2410 1399 2441 Et
1429 2408 1552 2450 judices

139 2453 259 2483 nomine
274 2453 378 2495 populi
392 2451 528 2483 Romani
542 2458 694 2481 exercere.
867 2449 919 2490 qui
949 2460 1020 2480 cum
1048 2461 1085 2482 eo
1116 2452 1153 2483 L.
1176 2452 1350 2495 Scipionem
1380 2452 1549 2483 damnave-

185 2496 435 2537 lD‘Reclempta]
488 2491 732 2534 Intelligendum
777 2497 823 2521 est
866 2497 945 2522 rant.
