1947 3222
165 237 204 268 U.

162 280 203 310 A.

215 237 253 268 C.

217 279 255 311 C.

377 124 428 164 94
903 116 1047 154 TITI
1087 116 1267 154 LIVII

267 238 340 269 555.
374 225 570 268 subsidiis
595 224 781 281 reliquit:
813 223 920 266 laevo
949 240 1045 265 cum
1065 224 1177 265 omni
1207 225 1287 265 levi
1318 233 1530 266 armatura
1557 225 1601 265 in
1620 225 1786 266 hostem-

255 280 341 311 197.
373 283 508 331 vadit3
542 282 665 323 simul
685 281 924 330 admonens,
945 295 1029 321 cum
1050 282 1189 322 iisdem
1210 282 1503 322 Macedonibus
1520 287 1784 335 pugnaturos,

373 355 469 394 quos
489 340 546 379 ad
564 340 693 392 Epiri
695 338 858 393 fazcces,
879 338 1072 378 montibus
1080 339 1400 393 fluminibusque
1419 345 1561 392 septos,
1584 339 1690 379 victa
1711 351 1786 377 na-

373 397 502 437 tut-ali
531 397 766 452 difficultate
795 397 979 442 locorum,
1003 397 1258 446 expulissent,
1280 397 1442 449 acieque
1472 399 1786 449 expugnassent.-

373 468 457 495 cum
494 455 558 502 iis,
596 467 691 506 quos
723 453 776 493 P.
804 452 978 503 Sulpicii
1005 452 1125 503 prius
1159 454 1278 493 ductu
1307 453 1567 494 2⁹0bsiclentes
1596 452 1786 492 Eordaeae

374 513 527 552 aditum
548 511 743 550 vicissent.
801 509 932 548 Fama
952 509 1119 558 stetisse,
1141 523 1220 548 non
1241 510 1405 559 viribus,
1424 510 1681 551 Macedonia>
1698 522 1789 561 reg-

373 582 478 608 num.
538 569 644 607 Eam
666 579 817 619 quoque
829 564 993 618 famam
1023 566 1184 605 tandem
1208 567 1425 608 evanuisse.
1485 568 1583 607 ‹Jam
1613 579 1789 621 perven-

373 633 463 666 tum
485 623 539 664 ad
560 638 654 664 suos
675 622 717 662 in
737 623 822 662 ima
849 621 956 662 valle
977 629 1132 663 stantes
1152 631 1255 673 erat,
1278 624 1353 679 qui
1373 624 1558 665 adventu
1579 621 1785 663 exercitus

371 679 715 737 imperatorisque
749 692 937 734 pugnam
975 687 1190 729 renovant,
1226 679 1458 736 'mpetuque
1494 680 1605 721 facto
1639 693 1786 719 rursus

370 744 566 778 avertunt
586 736 760 776 hostem.
823 734 1047 790 Philippus
1076 750 1171 775 cum
1198 736 1378 778 caetratis
1407 745 1448 778 et
1478 751 1608 777 cornu
1638 735 1789 776 dextro

370 793 577 849 peditum,
618 793 766 833 robore
808 791 1070 832 Macedonici
1110 792 1332 843 exercitus,
1372 808 1500 848 quam
1539 792 1789 848 phalangem

372 850 589 899 vocabant,
610 864 788 905 propero
808 863 934 889 cursu
955 848 1010 889 ad
1028 848 1191 889 hostem
1211 848 1340 890 vadit.
1382 849 1594 899 Nicanori,
1615 864 1668 889 ex
1687 862 1788 904 pur-

370 907 533 962 puratis
558 907 644 953 uni,
668 913 717 946 ut
747 920 843 946 cum
872 903 1044 960 reliquis
1074 904 1203 960 copiis
1232 905 1449 947 confestim
1480 913 1695 960 sequatur,
1715 904 1791 945 im-

370 971 501 1019 perat.
564 963 720 1012 Primo,
742 970 790 1003 ut
811 961 854 1001 in
877 961 1032 1017 jugum
1053 962 1198 1011 evasit,
1221 970 1276 1011 et,
1293 962 1532 1017 jacentibus
1561 961 1620 1002 ibi
1645 961 1791 1017 paucis

371 1019 496 1060 armis
525 1034 595 1060 cor
628 1019 853 1074 oribusque
883 1018 1082 1068 hostium,
1110 1017 1305 1074 proelium
1335 1034 1383 1059 eo
1413 1019 1502 1059 loco
1532 1017 1676 1068 fuisse,
1698 1016 1792 1073 pul-

373 1091 522 1132 sosque
541 1076 585 1116 in
617 1092 639 1116 e
670 1076 896 1125 Romanos,
921 1082 963 1116 et
992 1075 1172 1131 pugnari
1202 1090 1332 1131 prope
1362 1083 1497 1116 eastra
1524 1074 1711 1116 hostium
1730 1072 1792 1113 vi-

372 1132 451 1183 dit,
481 1133 641 1188 ingenti
671 1131 826 1188 gaudio
855 1139 917 1173 est
947 1131 1103 1173 elatus:
1135 1146 1248 1182 mox,
1280 1132 1588 1188 refugientibus
1618 1131 1719 1181 suis,
1747 1138 1790 1171 et

374 1197 529 1230 terrore
552 1204 683 1240 verso,
703 1188 946 1245 paullisper,
967 1187 1149 1229 incertus
1179 1203 1232 1229 an
1258 1188 1301 1229 in
1331 1197 1465 1230 castra
1494 1188 1695 1244 reciperet
1725 1202 1792 1227 co-

372 1245 477 1302 pias,
498 1245 747 1301 trepidavit:
780 1244 945 1296 deinde,
966 1253 1015 1286 ut
1045 1244 1411 1301 adpropinquabat
1438 1244 1583 1293 hostis,
1606 1252 1662 1294 et,
1684 1259 1790 1299 prae-

373 1311 567 1358 terquam
596 1302 713 1358 quod
741 1301 1011 1343 caedebantur
1039 1301 1188 1352 aversi,
1217 1316 1306 1352 nec,
1336 1302 1416 1343 nisi
1449 1301 1788 1348 defenderentur,

375 1359 528 1400 servari
562 1366 770 1414 poterant,
804 1357 918 1399 ³⁰ne‘
952 1358 1031 1413 ipsi
1067 1358 1240 1413 quidem
1274 1358 1316 1399 in
1352 1367 1446 1400 tuto
1476 1359 1566 1414 jam
1597 1365 1790 1412 receptus

374 1424 488 1464 erat,
526 1423 707 1465 coactus,
740 1415 926 1456 nondum
957 1415 1155 1456 adsecuta
1183 1423 1302 1470 parte
1333 1430 1519 1464 suorum,
1552 1413 1789 1470 periculum

375 1487 548 1513 summae
578 1487 717 1512 rerum
746 1471 896 1521 facere,
917 1471 1078 1526 equites
1108 1471 1325 1527 levemque
1355 1478 1625 1520 armaturam,
1647 1469 1721 1526 qui
1745 1470 1790 1510 in

374 1529 522 1585 proelio
551 1529 732 1579 fuerant,
755 1527 905 1568 dextro
925 1528 968 1567 in
997 1543 1126 1568 cornu
1147 1527 1267 1568 locat.
1301 1536 1492 1569 caetratos
1519 1537 1560 1568 et
1592 1525 1790 1567 Macedo-

373 1601 476 1626 num
495 1585 800 1642 ³¹phalangem‚
830 1584 961 1625 hastis
990 1583 1150 1640 positis,
1173 1599 1354 1639 quarum
1383 1583 1605 1639 longitudo
1634 1581 1795 1638 inpedi-

374 1651 515 1683 mento
544 1649 647 1692 erat,
668 1641 818 1696 gladiis
847 1656 932 1681 rem
964 1655 1107 1695 gerere
1131 1641 1268 1694 jubet.
1301 1640 1440 1691 simul,
1470 1656 1522 1681 ne
1551 1639 1672 1681 facile
1701 1654 1794 1695 per-

375 1708 641 1755 rumperetur
671 1698 792 1748 acies,
821 1696 1085 1738 32dimidium
1119 1696 1172 1737 de
1201 1697 1338 1739 fronte
1369 1697 1558 1738 demtum
1590 1696 1794 1738 introrsus

915 1818 933 1842 k
949 1831 983 1849 uc
999 1831 1033 1849 ne
1049 1820 1146 1851 Gron.
1164 1820 1256 1852 Crev.

418 1937 459 1967 29
520 1936 683 1966 Obsidentes
746 1935 874 1965 Eordoeoe
931 1936 1061 1976 aditum]

377 1979 511 2020 Egregia
534 1978 682 2010 Gronovii
708 1979 865 2013 correctio,
893 1988 987 2018 quam
1013 1978 1062 2008 fir-

377 2028 442 2052 mat
458 2021 607 2064 Polybius
619 2021 677 2052 hoc
692 2022 758 2063 ipso
781 2021 860 2052 loco.
905 2021 996 2051 Prius
1019 2021 1062 2052 le-

377 2065 508 2106 gebatur
529 2066 682 2095 obsidentes
710 2066 741 2093 in
765 2065 859 2094 codem
884 2065 981 2099 aditu,
1006 2074 1062 2094 nec

377 2108 452 2138 satis
476 2107 597 2142 Latine,
622 2113 653 2138 et
675 2112 781 2137 contra
802 2106 935 2137 historiae
960 2106 1063 2137 fidem.

379 2151 467 2181 Idem
485 2150 616 2180 Eordoeoe
643 2159 754 2180 nomen
777 2149 916 2180 vitiatum
942 2160 1065 2191 quoque

378 2194 479 2224 suerat
493 2203 585 2234 supra
599 2192 622 2223 l.
639 2192 764 2223 XXXI.
778 2202 804 2223 c.
819 2193 872 2223 39.

1105 1938 1233 1967 demissis
1258 1937 1366 1965 sarissis
1394 1936 1497 1965 hostem
1522 1936 1674 1964 invadant.
1720 1934 1794 1964 For-

1107 1986 1188 2010 tasse
1210 1979 1242 2009 in
1256 1988 1386 2009 errorem
1411 1977 1567 2008 induxerit
1591 1977 1711 2007 Livium
1729 1987 1793 2007 ver-

1105 2023 1179 2053 bum
1206 2022 1409 2053 καταίαλῦσι,
1435 2020 1517 2061 quod
1546 2020 1640 2061 vulgo
1665 2019 1795 2050 sumitur

1107 2075 1161 2106 pro
1183 2067 1317 2104 aly'icere,
1342 2070 1374 2094 at
1401 2064 1456 2094 hoc
1479 2063 1547 2094 loco
1569 2062 1676 2105 procul
1698 2061 1794 2092 dubio

1108 2107 1237 2148 intelligi
1278 2107 1371 2138 debet
1414 2108 1572 2136 demittere.
1640 2105 1795 2137 Jubentur

1108 2150 1190 2181 enim
1208 2149 1397 2180 Macedones
1420 2148 1582 2179 demittere
1605 2148 1742 2184 sarissas,
1760 2153 1794 2177 ut

1108 2193 1169 2224 illae
1185 2198 1358 2235 spectarent
1378 2193 1508 2227 hostem,
1525 2196 1556 2221 et
1578 2190 1610 2220 in
1633 2201 1704 2221 eum
1720 2190 1793 2221 diri-

420 2237 462 2267 30
485 2237 527 2266 Ac
542 2247 577 2265 ne
593 2237 646 2274 ipsi
660 2236 775 2276 quidem
796 2237 829 2265 in
852 2241 915 2265 tuto
927 2237 996 2274 jam
1018 2246 1064 2264 re-

377 2286 475 2318 ceptus
489 2279 567 2319 erat]
593 2277 771 2309 Delendam
787 2288 853 2309 esse
868 2278 1013 2309 voculam
1028 2290 1062 2308 ac

379 2327 459 2353 recte
475 2322 620 2353 admonet
637 2320 824 2352 Perizonius.

421 2366 459 2396 31
494 2365 685 2405 Phalaugem.
711 2365 797 2394 hastis
818 2364 915 2402 positis
937 2385 946 2392 .
970 2386 978 2393 .
997 2364 1063 2403 gla-

376 2409 433 2438 diis
454 2419 514 2438 rem
534 2417 636 2448 gerere
647 2407 752 2447 jubet]
790 2406 907 2436 Mirum
929 2407 1066 2447 profecto

378 2450 475 2481 videri
499 2450 602 2485 debet,
625 2449 707 2490 quod
731 2449 780 2479 hie
804 2448 991 2490 phalangitae
1011 2449 1061 2490 ju-

377 2495 489 2525 bentur
517 2493 644 2523 sarissas
671 2502 794 2534 ponere.
822 2502 892 2532 quie
921 2498 952 2523 et
980 2493 1064 2523 vallo

379 2536 514 2577 quodam
538 2535 599 2566 fere
614 2534 845 2576 inexpugnabili
868 2534 950 2575 ipsos
965 2535 1063 2577 sepie-

379 2580 467 2613 bant,
482 2584 512 2608 et
526 2587 671 2618 magnam
695 2576 756 2607 vim
771 2577 928 2607 habebant
943 2577 981 2608 ad
997 2587 1065 2619 per-

382 2620 568 2664 rumpendos
602 2620 734 2650 hostium
770 2619 900 2650 ordines.
959 2620 1066 2651 Liceat

386 2665 473 2695 nobis
500 2663 651 2698 dubitare,
682 2673 721 2692 an
759 2662 864 2692 Livius
899 2663 1066 2703 genuinum

388 2706 510 2749 Polybii
535 2715 657 2737 sensum
683 2705 734 2735 hic
761 2704 953 2746 expresserit,
979 2705 1068 2745 cujus

388 2750 453 2780 haec
475 2754 546 2780 sunt
567 2749 671 2779 verba.
705 2749 762 2782 τοῖς
784 2748 835 2787 μὶν
857 2747 1069 2788 malory-sinz&

387 2792 470 2826 2363„
486 2792 698 2836 παράγγελμα,
721 2791 924 2821 καταςωλοῦσι
946 2793 1000 2824 τὰς
1017 2805 1071 2821 σα-

387 2836 484 2877 ρίσσαις
501 2836 628 2874 ἶτάγυν.
676 2834 722 2865 Ea
744 2834 786 2864 sic
802 2834 892 2864 vertit
909 2834 1067 2865 casaubo-

388 2889 461 2909 nus:
505 2879 687 2918 l’lmlungitis
717 2879 785 2907 data
813 2883 850 2908 es!
891 2883 1001 2910 tessera,
1036 2884 1068 2907 vr(

1109 2242 1260 2275 gerentur.
1307 2236 1383 2266 Haec
1400 2240 1502 2266 nostra
1524 2233 1700 2274 conjectura
1716 2244 1792 2275 pau-

1107 2279 1137 2310 lo
1161 2278 1306 2310 audacior
1335 2279 1460 2310 fortasse
1486 2276 1643 2306 videatur:
1687 2282 1718 2307 at
1746 2282 1797 2310 est,

1108 2327 1212 2352 tamen
1228 2320 1428 2356 verisimilior,
1445 2329 1538 2361 quam
1562 2318 1593 2350 id
1615 2318 1699 2359 quod
1722 2328 1793 2349 nar-

1109 2371 1191 2395 ratur
1215 2374 1233 2395 a
1257 2364 1355 2399 Livio,
1381 2362 1574 2394 Macedonas
1596 2371 1706 2403 nempe
1725 2361 1792 2402 jus-

1108 2417 1158 2438 sos
1172 2417 1236 2439 esse
1251 2407 1290 2437 ab
1307 2417 1376 2447 rege
1393 2415 1481 2436 suam
1495 2404 1578 2446 ipsos
1592 2404 1655 2434 vim
1675 2404 1793 2435 solvere

1106 2455 1138 2481 et
1161 2450 1335 2489 infringere.
1381 2449 1413 2478 Si
1436 2447 1506 2488 quis
1528 2447 1684 2477 dubitaret
1698 2446 1728 2476 in
1743 2456 1794 2478 sa.-

1107 2493 1188 2523 rissis
1203 2498 1273 2523 ante
1290 2491 1401 2533 primos
1423 2490 1555 2521 militum
1578 2489 1700 2520 ordines
1722 2500 1792 2531 pro-

1103 2536 1195 2576 jectis
1219 2533 1351 2577 positum
1382 2533 1474 2564 fuisse
1501 2532 1656 2574 proprium
1683 2533 1793 2563 Mace-

1109 2578 1226 2609 donicae
1262 2577 1425 2619 phalangis
1454 2575 1555 2610 robur,
1589 2575 1672 2615 legat
1708 2585 1793 2615 egre-

1108 2621 1189 2661 giam
1219 2629 1372 2651 armorum
1401 2619 1611 2649 Romanorum
1645 2617 1794 2648 Macedo-

1109 2664 1309 2703 nicorumque
1334 2661 1596 2703 comparationem
1623 2659 1707 2702 apud
1731 2660 1792 2691 Po-

1110 2705 1239 2748 lybium.
1267 2704 1323 2735 hoc
1351 2704 1418 2746 ipso
1443 2704 1521 2738 loco,
1546 2708 1615 2745 post
1638 2707 1795 2734 narratam

1114 2759 1250 2791 pugnam
1266 2748 1305 2779 ad
1320 2746 1585 2789 Cynoscephalas.
1788 2776 1791 2779 ,

1156 2793 1197 2822 32
1234 2792 1397 2821 Dimidium
1433 2792 1468 2821 de
1501 2789 1607 2830 fiumte
1650 2790 1796 2827 demptum

1114 2836 1254 2863 introrsus
1289 2834 1426 2872 γιον-’τοῦς
1462 2834 1610 2863 ordinibus
1645 2830 1794 2871 duplicat]

1118 2877 1303 2919 llypallafge.
1350 2876 1473 2918 Proprie
1496 2876 1578 2907 enim
1597 2874 1656 2905 dici
1671 2871 1793 2904 debuis-
