1947 3222
528 100 652 137 LIB.
682 97 920 136 XXXVIII.
959 99 1088 135 CAP.
1119 99 1209 136 VII.
1492 106 1566 139 341

160 208 373 259 tabantur,
396 217 437 250 et
459 208 626 265 1⁷prope
653 215 766 248 certa
792 206 989 247 fovebant
1018 221 1104 262 spe,
1122 207 1209 262 jam
1239 207 1496 250 Nicandrum
1517 226 1568 252 ex
1584 220 1624 252 U.
1638 219 1674 252 C.
1687 220 1762 252 563.

159 265 388 321 composito
419 265 576 312 adfore,
609 273 648 305 et
686 272 804 319 terga
832 263 1016 304 hostium
1050 263 1305 304 invasurum.
1367 266 1474 307 Haec
1504 282 1569 309 res
1583 264 1624 296 A.
1638 263 1676 295 C.
1692 264 1762 295 189.

157 320 419 377 aliquamdiu
458 321 613 362 animos
652 319 932 376 pugnantium
966 319 1176 361 sustinuit.
1223 328 1421 372 ceterum,
1457 332 1570 378 post-

157 393 284 433 quam
314 378 476 420 nullum
508 393 559 418 ex
599 377 828 433 composito
860 377 1023 432 signum
1055 391 1080 417 a
1110 377 1195 417 suis
1226 376 1496 432 accipiebant,
1527 389 1569 422 et

159 450 339 476 crescere
368 449 587 475 numerum
618 434 801 475 hostium
832 434 1069 483 cernebant,
1092 433 1283 475 destituti
1314 436 1481 489 segnius
1507 437 1568 478 in-

155 500 288 533 stare:
320 500 543 547 postremo,
564 506 609 532 re
637 490 801 541 omissa,
818 492 906 546 jam
929 490 996 531 vix
1028 499 1122 532 tuto
1151 502 1336 546 receptu,
1358 491 1567 547 fugientes

157 547 200 589 in
231 549 374 589 urbem
405 547 729 604 compelluntur,
751 556 870 604 parte
898 563 1073 604 operum
1104 548 1282 597 incensa,
1305 557 1344 589 et
1373 548 1567 603 pluribus

153 604 383 660 aliquant0‚
424 620 550 660 quam
592 605 670 661 ipsi
711 604 957 655 ceciderant,
994 604 1234 646 interfectis.
1286 605 1402 660 quod
1441 605 1474 646 si
1514 621 1565 647 ex

153 661 381 717 composito
411 671 504 704 acta
532 678 597 703 res
631 662 794 711 fuisset,
830 662 946 703 haud
980 661 1159 702 dubium
1195 670 1298 711 erat,
1332 662 1565 718 expugnari

151 733 238 758 una
259 719 406 774 utique
435 728 554 775 parte
584 734 711 775 opera
730 734 824 760 cum
846 734 998 774 magna
1018 718 1131 759 caede
1151 718 1335 759 hostium
1365 719 1563 774 potuisse.

151 775 484 826 Ambracienses,
507 777 666 832 quique
695 776 808 817 intus
829 784 945 817 erant
968 775 1115 825 AEtoli,
1138 791 1221 816 non
1246 776 1299 816 ab
1320 776 1409 831 ejus
1431 776 1564 817 solum

149 831 283 873 noctis
312 832 478 888 incepto
507 848 722 883 recessere,
755 833 827 874 sed
861 833 903 873 in
936 832 1146 888 reliquum
1177 848 1347 888 quoque
1383 841 1562 889 tempus,

149 888 267 929 velut
297 890 453 945 proditi
483 906 508 931 a
535 891 633 941 suis,
657 890 863 945 segniores
890 889 944 930 ad
964 889 1149 945 pericula
1179 897 1307 931 erant.
1334 889 1423 945 jam
1443 905 1563 931 nemo

149 946 455 1001 eruptionibus,
473 956 519 989 ut
542 956 652 997 ante,
673 948 717 987 in
739 947 934 988 stationes
955 946 1153 997 hostium,
1175 946 1262 996 sed,
1279 945 1468 1002 dispositi
1489 962 1563 1003 per

150 1017 292 1043 muros
313 1012 354 1044 et
376 1016 526 1054 turres,
549 1020 600 1044 ex
621 1012 717 1045 tuto
737 1004 994 1060 pugnabant.

209 1060 312 1100 VII.
347 1061 538 1111 Perseus,
570 1061 643 1102 ubi
683 1061 824 1101 adesse
860 1060 1026 1101 AEtolos
1065 1060 1243 1110 audivit,
1275 1058 1424 1100 omissa
1455 1061 1562 1101 obsi-

147 1115 272 1156 dione
302 1117 431 1167 urbis,
454 1132 579 1172 quam
610 1117 898 1174 obpugnabat,
920 1116 1201 1172 depopulatus
1231 1124 1395 1157 tantum
1425 1131 1560 1172 agros,

150 1173 512 1228 Amphilochiamh
542 1174 730 1224 excessit,
752 1182 880 1229 atque
909 1172 952 1213 in
984 1173 1275 1214 Macedoniam
1304 1173 1440 1214 rediit.
1501 1175 1560 1216 Et

149 1228 317 1271 AEtolos
346 1231 444 1271 inde
473 1231 662 1272 avocavit
695 1231 913 1287 populatio
939 1231 1159 1271 maritimae
1180 1245 1275 1271 orae.
1337 1230 1561 1272 Pleuratus

150 1286 393 1342 Illyriorum
428 1303 517 1338 rex,
551 1303 646 1328 cum
683 1288 899 1343 sexaginta
933 1286 1079 1328 lembis
1121 1287 1387 1328 Corinthium
1424 1287 1560 1328 sinum

147 1343 351 1394 invectus,
378 1344 587 1400 adjunctis
618 1345 889 1395 Achaeorum,
912 1360 1008 1400 quae
1042 1344 1178 1385 Patris
1208 1352 1339 1393 erant,
1365 1345 1558 1395 navibus,

145 1400 354 1441 maritima
377 1401 549 1443 AEtoliae
570 1402 772 1442 vastabat.
799 1401 997 1442 adversus
1018 1416 1124 1456 quos
1144 1401 1255 1441 mille
1277 1400 1411 1442 AEtoli
1432 1402 1559 1451 missi,

143 1472 413 1514 quacumque
444 1474 485 1499 se
515 1459 654 1499 classis
685 1458 982 1514 circumegerat
1013 1473 1087 1513 per
1118 1458 1288 1498 litorum
1317 1458 1558 1508 amfractus,

145 1513 407 1556 brevioribus
442 1515 597 1556 semitis
631 1515 922 1557 obcurrebant.
984 1516 1042 1557 Et
1081 1514 1258 1555 Romani
1294 1514 1347 1555 ad
1380 1514 1560 1555 Ambra-

143 1570 265 1621 ciam,
288 1571 481 1627 pluribus
511 1572 609 1613 locis
639 1572 866 1628 quatiendo
896 1572 1096 1613 arietibus
1120 1586 1273 1621 muros,
1296 1571 1558 1627 aliquantum

145 1627 261 1668 urbis
291 1629 564 1671 nudaverant.
595 1645 669 1670 nec
690 1638 829 1670 tamen
858 1638 1074 1685 penetrare
1104 1628 1146 1668 in
1174 1629 1320 1669 urbem
1350 1636 1554 1684 poterant.

147 1685 258 1725 Nam
279 1694 318 1726 et
341 1687 432 1741 pari
452 1687 662 1727 celeritate
683 1701 816 1727 novus
840 1701 916 1742 pro
937 1686 1079 1727 diruto
1098 1701 1245 1726 murus
1264 1685 1554 1740 objiciebatur,

141 1749 183 1782 et
205 1743 366 1790 armati,
392 1743 521 1784 ruinis
542 1751 839 1799 superstantes,
860 1744 990 1784 instar
1010 1743 1257 1783 munimenti
1279 1750 1406 1782 erant.
1470 1743 1556 1782 Ita-

140 1813 239 1853 que,
262 1815 396 1855 quum
425 1808 570 1856 aperta
590 1801 631 1840 vi
652 1815 803 1856 parum
832 1800 1073 1856 procederet
1103 1799 1261 1840 consuli
1285 1814 1364 1849 res,
1386 1798 1554 1839 cunicu-
1568 1809 1719 1842 Cuniculo

140 1854 229 1895 lum
259 1856 484 1908 occultum,
510 1857 640 1898 vineis
669 1865 766 1898 ante
795 1865 984 1898 contecto
1014 1857 1118 1908 loco,
1139 1872 1261 1912 agere
1284 1855 1480 1897 instituit.
1512 1864 1552 1897 et
1568 1853 1751 1902 R0n3.Am-

139 1911 414 1967 aliquamdiu,
433 1930 565 1969 quum
587 1914 674 1955 dies
694 1921 918 1969 noctesque
938 1914 983 1954 in
1003 1929 1125 1969 opere
1147 1921 1295 1962 essent,
1317 1927 1399 1953 non
1420 1912 1552 1954 solum
1565 1897 1701 1971 ξέὲξζῖζᾘ

138 1969 218 2009 sub
235 1977 347 2010 terra
361 1970 580 2021 fodientes,
598 1971 670 2011 sed
685 1982 898 2025 egerentes
914 1970 1037 2011 etiam
1053 1970 1245 2019 humum,
1262 1969 1445 2010 fefellere
1460 1969 1554 2010 hos-

140 2033 237 2066 tem.
286 2027 494 2068 Cumulus
510 2035 678 2083 repente
695 2036 816 2068 terrae
833 2027 1015 2067 eminens
1035 2027 1161 2067 index
1182 2026 1317 2082 operis
1333 2025 1553 2081 oppidanis

139 2081 234 2123 fuit.
266 2083 507 2139 pavidique,
528 2099 580 2140 ne
604 2085 708 2140 jam,
731 2084 917 2125 subrutis
946 2083 1090 2133 muris,
1111 2083 1223 2124 facta
1248 2083 1291 2122 in
1313 2083 1459 2123 urbem
1486 2082 1553 2124 via

140 2148 262 2190 esset,
284 2140 436 2181 fossam
456 2141 567 2182 intra
586 2156 754 2181 murum
775 2157 797 2181 e
817 2141 985 2196 regione
1005 2140 1096 2195 ejus
1116 2139 1265 2195 operiS‚
1288 2139 1403 2195 quod
1424 2139 1553 2180 vineis

141 2205 379 2238 contectum
401 2206 504 2247 erat,
526 2198 677 2238 ducere
701 2197 941 2238 instituunt.
973 2198 1093 2253 cujus
1115 2197 1187 2237 ubi
1208 2196 1263 2237 ad
1283 2204 1442 2237 tantam
1462 2195 1553 2237 alti-

142 2253 347 2304 tudinem,
369 2263 540 2310 quantae
561 2270 646 2295 esse
668 2254 802 2294 solum
831 2254 1022 2294 infimum
1052 2253 1232 2295 cuniculi
1262 2261 1440 2308 poterat,
1461 2268 1553 2308 per-

141 2319 358 2362 venerunt,
381 2311 543 2353 silentio
573 2311 699 2361 facto,
725 2310 918 2367 pluribus
947 2310 1046 2351 locis
1076 2309 1215 2351 maure
1244 2309 1426 2360 admota,
1449 2308 1553 2350 soni-

625 2400 641 2424 h
657 2399 856 2439 Amphilochia
873 2399 969 2430 Gron.
987 2399 1076 2429 Crev-

188 2466 360 2507 l7*Prope
388 2474 467 2498 certa
487 2466 629 2509 fin-ebant
658 2466 719 2506 spe]
766 2465 826 2495 Fo-
870 2464 992 2495 dionem
1032 2463 1296 2500 Ambraciensem,
1327 2468 1358 2494 et
1385 2463 1450 2494 haec
1483 2464 1552 2504 ipsa

146 2507 261 2538 vehant
294 2516 479 2550 pugnantes,
517 2509 722 2551 pugnantium
761 2507 827 2538 ani·
870 2518 939 2548 quae
968 2518 987 2538 a
1015 2507 1104 2538 Livio
1142 2506 1199 2537 hoc
1232 2507 1299 2537 loco
1334 2512 1552 2536 memorantur.

146 2560 212 2580 mos
235 2551 440 2583 incendebant
463 2564 557 2594 prope
587 2557 671 2583 certa
696 2561 749 2593 spe
773 2561 828 2581 au·
872 2551 920 2581 Ex
949 2549 1001 2580 illo
1032 2548 1178 2580 discimus
1216 2548 1453 2580 Ambracienses
1490 2558 1551 2578 non

145 2592 417 2626 xiliiaNicandro
432 2595 632 2626 advertantis.
870 2593 961 2624 modo
994 2604 1067 2623 aare
1102 2594 1217 2623 admota
1253 2597 1394 2633 captasse
1432 2591 1551 2621 fodien-

194 2636 231 2666 18
255 2637 336 2667 Aure
363 2639 491 2679 admota]
538 2639 650 2669 Exstat
675 2637 828 2678 fragmen·
870 2636 947 2667 tium
978 2646 1097 2672 sonum,
1125 2635 1179 2666 sed
1200 2635 1354 2677 appositis
1379 2633 1551 2664 aeramentis

147 2683 213 2708 tum
249 2679 453 2719 Polybianum
490 2682 529 2712 ab
566 2682 663 2712 Henr.
700 2679 827 2711 Valesio
871 2678 1066 2715 tenuissimis,
1091 2684 1126 2709 ut
1148 2678 1272 2720 patinis,
1298 2683 1357 2707 etc.
1382 2686 1449 2716 quae
1477 2676 1549 2706 sub-

149 2721 410 2752 communicatum
434 2724 503 2754 Jac.
529 2724 696 2759 Gronovio,
722 2728 753 2754 et
774 2733 829 2765 per
872 2721 1020 2753 sultantia
1059 2727 1088 2753 et
1128 2721 1303 2751 resonantia
1346 2719 1385 2748 ad
1421 2718 1549 2749 exterio-

150 2763 232 2793 hunc
247 2764 364 2805 publici
381 2764 459 2804 juris
480 2767 595 2797 sactum
617 2767 649 2797 in
664 2766 829 2797 Dissertat.
872 2776 935 2796 rem
958 2775 1066 2795 sonum
1088 2764 1260 2795 indicarent
1285 2761 1411 2791 ubinam
1434 2760 1549 2792 fodere-

148 2806 278 2847 Epistol.
311 2806 351 2837 ad
376 2810 427 2838 Jo.
454 2809 621 2849 Georgium
648 2808 826 2840 Graevium:
870 2813 928 2838 tur.
974 2808 1051 2838 Ideo
1080 2808 1151 2838 Jac.
1178 2804 1351 2836 Gronovius
1379 2803 1550 2846 suspicatur

146 2849 228 2889 quod
244 2849 369 2890 quidem
392 2851 594 2892 fragmentum
615 2857 733 2893 spectat
746 2851 825 2882 obsi·
872 2850 992 2881 Livium
1019 2850 1069 2881 hic.
1099 2848 1218 2879 dedisse
1246 2858 1317 2877 anre
1344 2848 1398 2876 ceri
1426 2848 1550 2881 admota,

920 2894 989 2932 23
