1947 3222
529 102 651 139 LlB.
681 99 922 138 XXXVIII.
971 101 1044 138 CA
1060 101 1100 139 P.
1131 102 1235 141 LVI.

1514 107 1584 148 391

172 211 268 253 dem
299 211 456 253 librarii
488 211 701 260 mendum,
723 224 850 266 quam
885 209 1148 251 mendacium
1179 211 1404 275 scriptoriS,
1426 229 1512 255 esse
1542 215 1584 255 in
1601 221 1639 252 U.
1654 220 1693 252 C.
1709 220 1782 251 565.

174 283 338 310 summa
356 268 447 310 auri
468 276 594 332 atque
614 266 788 322 argenti.
852 266 1036 309 Similius
1063 267 1171 308 enim
1194 284 1279 309 verr
1308 277 1384 320 est,
1406 264 1637 326 argenti,A·
1655 264 1694 295 C.
1711 262 1782 293 187.

174 341 302 382 quam
332 326 438 375 auri,
470 339 608 379 majus
641 323 809 380 pondus
843 322 996 373 fuisse;
1041 331 1082 365 et
1119 325 1261 380 potius
1291 324 1587 382 ‘²quadragics,

175 398 302 438 quam
334 380 577 423 ³ducenties
608 380 860 436 quadragies
891 381 1007 423 litem
1043 382 1315 423 aestimatam:
1360 398 1408 424 eo
1442 385 1589 439 magis,

175 440 306 495 quod,
329 438 483 480 '¹tantae
514 453 687 479 summae
719 438 922 479 rationem
959 438 1084 480 etiam
1120 438 1173 479 ab
1207 439 1299 495 ipso
1330 438 1375 478 P.
1402 440 1592 496 Scipione

176 495 415 552 requisitam
437 510 523 536 esse
543 495 587 535 in
609 503 770 545 senatu,
793 495 990 537 tradunt:
1023 495 1263 552 librumque
1288 495 1461 537 rationis
1487 498 1592 552 ejus,

176 567 309 608 quum
330 551 514 592 Lucium
543 552 716 593 fratrem
741 551 906 593 adferre
930 553 1138 608 jussisset,
1159 553 1417 608 inspectante
1448 562 1591 595 senatu

175 608 259 651 suis
278 608 416 664 ipsum
437 608 630 650 manibus
650 609 951 665 concerpsisse:
985 609 1285 665 indignantem,
1308 610 1439 666 quod,
1461 626 1595 666 quum

173 664 266 706 ⁵bis
292 664 440 707 millies
472 666 514 707 in
550 666 743 707 aerarium
784 665 1007 716 intulisset,
1039 667 1292 723 quadragies
1325 667 1432 709 ratio
1465 668 1519 709 ab
1555 684 1596 709 se

173 730 426 777 posceretur.
457 723 511 764 ab
535 723 680 764 eadem
710 723 866 765 fiducia
895 723 1037 773 animi,
1059 739 1192 780 quum
1214 732 1443 780 quaestores
1473 740 1597 781 pecu-

173 778 285 820 niam
306 795 357 820 ex
378 780 526 821 aerario
546 789 692 822 contra
710 779 844 837 legem
875 795 1065 837 promere
1095 795 1179 822 non
1208 781 1425 832 auderent,
1446 797 1597 838 popos-

174 835 276 877 cisse
296 836 447 887 claves,
469 845 510 878 et
532 853 574 879 se
598 845 843 893 aperturum
866 838 1060 879 aerarium
1083 837 1252 889 dixisse,
1274 837 1393 894 ⁶qui,
1415 847 1465 880 ut
1486 839 1597 880 clau-

176 892 363 944 deretur,
384 894 598 936 effecisset.

234 951 354 991 LVI.
387 951 531 993 Multa
551 951 646 1002 alia,
667 951 711 992 in
735 951 937 1008 Scipionis
958 951 1076 994 exitu
1108 953 1287 994 maxime
1307 953 1422 1003 vitae,
1445 953 1596 1010 dieque

177 1007 305 1058 dicta,
337 1017 485 1058 morte,
521 1008 681 1058 funere,
719 1009 923 1065 sepulcro,
954 1008 996 1049 in
1036 1008 1248 1050 diversum
1290 1010 1487 1052 trahunt:
1533 1019 1596 1061 ut,

177 1063 245 1105 cui
274 1065 415 1116 famae,
437 1065 594 1121 quibus
624 1065 789 1121 scriptis
819 1065 1043 1115 adsentiar,
1065 1081 1148 1106 non
1178 1065 1366 1107 habeam.
1428 1068 1525 1108 Non
1545 1068 1598 1109 de

178 1130 417 1164 accusatore
451 1122 669 1163 convenit:
711 1122 781 1163 alii
818 1123 882 1162 M.
906 1122 1118 1173 Naevium,
1155 1122 1225 1163 alii
1263 1123 1451 1165 Petillios
1487 1125 1597 1165 diem

177 1178 331 1220 dixisse
367 1179 580 1220 scribunt:
614 1193 696 1220 non
724 1179 777 1220 de
808 1187 1007 1235 tempore,
1030 1194 1117 1235 quo
1146 1179 1259 1221 dicta
1288 1179 1377 1221 dies
1407 1180 1482 1222 sit:
1516 1197 1598 1222 non

179 1235 232 1276 de
252 1251 374 1287 anno,
396 1251 483 1292 quo
512 1244 705 1278 mortuus
730 1235 807 1278 sit:
840 1252 922 1277 non
947 1237 1021 1278 ubi
1051 1244 1259 1287 mortuus,
1281 1244 1355 1278 aut
1376 1237 1511 1279 elatus
1532 1239 1595 1280 sit.

179 1292 269 1334 Alii
300 1293 466 1344 Romae,
487 1292 555 1334 alii
580 1292 744 1335 Literni
774 1302 816 1335 et
846 1301 1077 1344 mortuum,
1098 1301 1140 1335 et
1170 1294 1406 1350 sepultum:
1440 1295 1600 1337 utrobi-

227 1408 248 1438 2
295 1406 494 1448 Quadragies]
554 1407 683 1449 Supple,
728 1406 868 1439 centenis

180 1448 320 1480 millibus
341 1449 525 1481 sestenifim.
568 1449 694 1481 Scilicet
718 1450 786 1481 haec
810 1450 867 1480 eir-

181 1492 258 1522 citer
282 1503 404 1524 summa
425 1492 609 1530 efficeretur,
634 1493 659 1523 si
685 1503 869 1534 poneremus

911 1407 1069 1449 octoginta
1104 1407 1242 1448 argenti:
1281 1408 1365 1450 quod
1397 1420 1505 1441 revera
1535 1410 1600 1441 auri

913 1451 1095 1492 argentique
1113 1450 1234 1492 pondus
1248 1451 1342 1483 efficit
1355 1452 1516 1484 4032000.
1537 1464 1600 1484 ses-

912 1493 1030 1525 tertios,
1088 1493 1235 1525 Ceterum
1270 1495 1457 1536 quadragies
1492 1502 1603 1527 sester-

182 1534 328 1575 trajectas
350 1546 427 1572 esse,
450 1535 482 1566 in
506 1535 544 1566 iis
569 1546 638 1578 quae
661 1535 807 1567 Valerius
831 1536 870 1567 de

182 1578 315 1620 pecunia
337 1590 357 1610 a
371 1578 513 1620 Scipione
536 1584 647 1611 exacta
663 1578 795 1615 dixerat,
811 1589 870 1610 nu-

182 1631 335 1653 merorum
363 1627 464 1658 notas,
487 1622 530 1652 ita
556 1627 590 1653 ut
617 1621 669 1652 ille
696 1621 868 1664 scripserit:

181 1666 400 1707 quadringenta
427 1667 574 1707 octoginta
597 1666 692 1704 pondo
717 1667 798 1701 auri,
826 1676 871 1696 ser

182 1709 277 1738 millia
298 1710 426 1749 argenti.
471 1709 557 1739 Nam
580 1707 660 1739 libra
683 1708 803 1749 argenti
824 1714 871 1739 est

182 1751 478 1792 quadringentorum
513 1750 698 1787 sestertium,
733 1757 766 1781 ut
803 1751 870 1783 fuse

182 1794 292 1835 probat
308 1794 494 1830 Gronovius,
510 1794 532 1825 l.
548 1794 577 1825 Ι.
600 1793 638 1825 de
652 1795 728 1825 Pec.
744 1795 868 1826 Vetere.

184 1836 277 1868 Unde
300 1837 438 1879 sequitur
453 1847 507 1869 sex
521 1837 621 1868 millia
642 1836 745 1878 pondo
760 1847 869 1878 argen-

182 1879 206 1910 ti
231 1879 353 1911 efficere
374 1880 470 1913 vicies
496 1881 671 1911 sestertium
697 1890 768 1911 cum
791 1891 869 1922 qua-

181 1922 351 1964 dringentis
385 1923 593 1954 sestertiorum
629 1923 778 1959 millibus,
806 1924 871 1954 sive

183 1966 337 1997 sestertios
370 1967 532 1997 2400000.
575 1967 649 1998 Jam
687 1977 759 1997 vero
793 1976 870 2007 qua-

183 2008 348 2050 dringenta
389 2009 549 2050 octoginta
591 2009 695 2051 pondo
731 2007 808 2044 auri,
845 2008 870 2039 si

182 2056 336 2083 statuatur
362 2052 430 2083 auri
453 2052 494 2083 ad
523 2057 685 2093 argentum
713 2051 867 2094 proportio

183 2094 331 2137 decupla,
360 2094 593 2137 aequiparantur
629 2094 714 2126 libris
750 2094 868 2135 argenti

183 2138 279 2169 4800.
305 2149 377 2180 quae
405 2137 543 2169 efficiunt
569 2137 671 2169 decies
697 2137 870 2169 sestertium

184 2191 256 2211 cum
281 2180 445 2222 nongentis
470 2186 502 2211 et
527 2180 637 2221 viginti
662 2180 871 2211 sestertiorum

184 2223 332 2255 millibus.
362 2224 480 2255 Verum
492 2224 652 2255 2400000.
666 2229 698 2254 et
715 2224 872 2255 1920000.

182 2265 209 2297 si
246 2267 402 2298 addantur
444 2266 503 2298 sibi
538 2266 682 2303 invicem,
719 2271 874 2307 exurgunt

186 2310 345 2341 4320000.
383 2309 447 2340 sive
478 2309 663 2351 quadragies
699 2310 873 2340 sestertium

186 2361 257 2382 cum
293 2352 438 2384 trecentis
467 2358 498 2383 et
529 2352 637 2394 viginti
666 2352 872 2383 sestertiorum

187 2394 334 2427 millibus.
389 2396 612 2426 Excurrentem
649 2400 752 2426 autem
786 2393 874 2426 illam

190 2440 391 2470 trecentorum
419 2444 452 2469 et
487 2437 596 2479 viginti
632 2437 764 2468 millium
790 2448 873 2468 sum-

191 2488 273 2510 mam
308 2481 443 2523 neglexit
485 2481 604 2517 Livius,
642 2486 677 2511 ut
713 2491 873 2512 numerum

190 2530 280 2552 suurn
305 2524 493 2556 rotundaret.
546 2523 735 2561 Perizonius,
763 2523 875 2554 Anim-

191 2564 262 2595 adv.
285 2565 367 2598 Hist¹
388 2578 417 2598 c.
443 2568 492 2598 10.
520 2572 555 2598 ut
582 2567 708 2610 propius
733 2566 814 2597 absit
833 2567 872 2597 ab

191 2607 376 2649 quadragies
402 2610 550 2646 sestertio,
581 2610 701 2641 mavult
725 2609 873 2652 suspicari

189 2659 259 2680 eam
284 2651 363 2682 Livii
384 2657 518 2684 mentem
540 2652 644 2689 fuisse,
658 2657 693 2683 ut
715 2652 873 2684 librarium

192 2692 309 2739 Valerii
334 2693 469 2725 Antiatis
488 2695 653 2728 crediderit
674 2705 818 2738 peccasse
842 2695 873 2726 in

193 2734 267 2776 ipsis
289 2746 481 2768 numerorum
504 2738 595 2775 notis,
616 2749 785 2780 veramque
807 2739 872 2770 Va-

192 2777 260 2808 lerii
286 2777 467 2819 'scripturam
495 2780 588 2813 fuisse
620 2793 671 2813 nc.
700 2781 775 2817 sive,
805 2792 873 2812 sex-

192 2825 283 2851 centa
319 2822 421 2863 pondo
457 2823 533 2858 auri,
564 2833 616 2854 cro
653 2833 706 2856 cla
740 2836 793 2855 cm
821 2834 873 2855 cm

194 2869 224 2893 et
261 2873 355 2895 Lxxx.
390 2863 420 2895 id
451 2870 507 2902 est,
544 2871 674 2907 quatuor
710 2867 808 2898 millia
844 2872 876 2897 et

913 1537 991 1568 tium
1023 1536 1116 1567 efficit
1143 1547 1264 1569 marcas
1292 1538 1413 1579 argenti
1449 1544 1601 1571 nostrates

956 1624 975 1654 3
1000 1623 1160 1653 Ducenties
1180 1624 1373 1665 quadragies]
1412 1623 1529 1666 Supple
1552 1624 1601 1655 iti-

914 1665 996 1702 dem,
1011 1665 1150 1696 centenis
1169 1666 1342 1697 sestertifim
1357 1666 1505 1698 millibus.
1550 1667 1601 1698 Sic

913 1708 1047 1739 oestimat
1082 1708 1191 1740 Livius
1225 1709 1258 1739 in
1288 1710 1435 1741 Romana
1470 1710 1603 1753 pecunia

913 1749 1067 1782 summam
1092 1762 1147 1783 sex
1174 1751 1307 1783 millium
1336 1753 1440 1794 pondo
1467 1753 1544 1789 auri,
1572 1760 1604 1785 et

913 1794 1209 1836 quadringentorum
1260 1796 1419 1836 octoginta
1465 1796 1601 1838 argenti:

913 1848 984 1879 quae
1013 1837 1038 1868 si
1068 1842 1213 1870 accurate
1234 1838 1360 1870 omnino
1389 1838 1602 1877 aestimaretur,

913 1880 1048 1912 efficeret
1080 1880 1240 1913 ducenties
1271 1881 1458 1923 quadragies
1493 1887 1602 1913 sester-

915 1923 992 1954 tium
1020 1933 1092 1954 cum
1117 1929 1243 1955 centum
1270 1930 1301 1956 et
1328 1925 1498 1966 nonaginta
1525 1925 1603 1957 duo-

915 1967 973 1997 bus
1001 1966 1139 1998 millibus
1164 1967 1383 1999 sestertiorum.
1432 1968 1605 1999 Ducenties

915 2009 1101 2051 quadragies
1157 2010 1331 2041 sestertium
1396 2011 1603 2053 aequiparatur

914 2052 1024 2083 marcis
1037 2051 1157 2093 argenti
1170 2054 1288 2085 93750.

957 2096 977 2125 4
1007 2095 1107 2125 Tantae
1136 2096 1273 2137 su'mmoe]
1315 2095 1440 2138 Nempe
1468 2095 1602 2137 quadra-

913 2137 979 2179 gies
992 2137 1134 2169 sestertii.

957 2183 978 2212 5
1001 2180 1054 2212 Bis
1072 2180 1191 2222 mil-lies]
1224 2180 1384 2212 Sestertios
1398 2182 1603 2214 200000000.

915 2223 948 2254 id
963 2227 1021 2259 est,
1037 2233 1157 2255 marcas
1173 2223 1291 2265 argenti
1306 2225 1445 2256 781250.

959 2268 989 2298 6-
1005 2267 1065 2302 Qui
1083 2273 1118 2298 ut
1137 2267 1327 2298 clauderetur
1340 2267 1493 2309 effecisset]
1532 2268 1602 2298 Hoc

917 2309 1035 2341 dictum
1065 2309 1217 2351 Scipionis
1250 2309 1368 2351 aliquid
1397 2310 1518 2341 obscuri
1547 2310 1601 2341 ha-

917 2352 979 2383 bet.
1022 2352 1076 2383 An
1098 2353 1170 2384 ideo
1192 2362 1211 2383 a
1225 2363 1257 2384 se
1273 2352 1414 2383 clausum
1434 2363 1502 2384 esse
1525 2364 1602 2385 aera-

917 2394 995 2426 rium
1010 2395 1100 2433 dixit,
1115 2395 1200 2437 quod
1222 2395 1254 2426 in
1270 2395 1350 2426 illud
1372 2401 1492 2427 tantam
1508 2407 1603 2438 pecu-

916 2437 1002 2469 niam
1023 2438 1189 2475 intulisset,
1204 2443 1240 2468 ut
1257 2437 1325 2480 jam
1346 2449 1424 2481 opus
1446 2449 1507 2469 non
1524 2444 1605 2470 esset

917 2481 1048 2512 conferri
1076 2491 1095 2511 a
1124 2481 1239 2523 populo
1263 2480 1423 2519 tributum,
1450 2492 1507 2512 nec
1534 2492 1604 2522 pro-

919 2523 992 2555 inde
1020 2524 1162 2555 aeran'um
1197 2523 1237 2554 ad
1265 2524 1415 2555 tributum
1449 2524 1603 2566 accipien-

916 2566 991 2597 dum
1014 2566 1146 2610 aperiri?
1178 2566 1240 2597 Sed
1262 2566 1294 2597 id
1317 2577 1470 2608 nusquam
1487 2576 1602 2598 memo-

915 2615 1028 2644 ratum,
1059 2614 1090 2641 et
1118 2609 1260 2641 exstincti
1296 2610 1403 2640 tributi
1439 2608 1534 2640 decus
1562 2610 1603 2640 ad

915 2652 1075 2684 victoriam
1090 2652 1183 2684 Pauli
1194 2651 1321 2683 'AEmilii
1344 2652 1383 2683 de
1398 2653 1511 2683 Perseo
1532 2662 1603 2693 rege

916 2696 1055 2727 refertur.
1111 2696 1164 2727 An
1199 2695 1281 2730 ideo,
1310 2694 1393 2735 quod
1428 2700 1602 2736 perpetrato

918 2738 1038 2770 Punico
1050 2739 1135 2770 bello
1156 2738 1249 2768 finem
1272 2737 1409 2767 attulerit
1430 2737 1603 2779 sumptibus

918 2781 989 2819 illis,
1013 2781 1126 2823 quibus
1149 2779 1307 2810 immensis
1329 2780 1512 2810 exhaustum
1536 2780 1601 2811 fue-

918 2830 965 2855 rat
986 2823 1148 2855 aerarium'!
1179 2821 1306 2853 Judicet
1327 2822 1433 2859 lector,
1451 2827 1505 2855 aut
1527 2823 1602 2865 quid

919 2866 1109 2898 commodius
1123 2865 1188 2908 ipse
1201 2865 1364 2906 excogitet.

987 2910 1102 2948 cent
