1947 3222
195 283 236 314 U.
251 283 287 315 C.
299 285 373 316 559.

194 326 237 358 A.
251 326 288 359 C.
305 328 374 358 193.

409 172 480 212 194
901 167 1293 207 ·T1T1L1v11

408 276 458 316 ab
477 290 518 317 se
539 277 580 317 in
601 291 645 317 eo
667 283 776 317 statu
804 277 982 330 relinqui
1003 276 1269 330 provinciam.
1332 275 1508 316 Senatus
1530 276 1577 316 C.
1603 271 1815 317 Scribonio

408 333 622 389 negotium
651 333 781 383 dedit,
806 342 851 374 ut
881 334 987 374 duos
1016 333 1173 388 legatos
1201 347 1250 372 ex
1279 332 1422 372 ordine
1454 333 1657 373 senatorio
1677 330 1815 371 mitte-

407 398 470 431 ret
501 390 554 431 ad
574 391 627 453 L.
652 389 890 431 Cornelium
921 389 1144 437 consulem,
1167 389 1240 444 qui
1271 389 1409 429 literas
1439 388 1608 444 collegae
1628 388 1680 429 ad
1703 401 1815 427 sena-

408 454 499 488 tum
529 446 670 487 missas
701 446 908 487 deferrent
936 445 988 485 ad
1010 460 1130 493 eum;
1163 453 1204 486 et
1224 446 1482 495 nunciarent,
1503 451 1694 494 senatum,
1717 444 1762 483 ni
1782 445 1817 483 is

407 505 465 542 acl
484 504 739 551 mamffsnalars
769 502 1038 555 snbaeogandcs
1069 502 1234 541 Romam
1265 503 1430 552 veniiffet
1448 504 1599 555 pullus,
1621 515 1738 556 qaam
1763 499 1812 548 Q.

407 560 614 600 Minucius
633 574 658 598 α
680 559 780 598 hello
802 559 960 612 integro
980 565 1228 607 amatr-,etur
1252 559 1519 612 interregnum
1552 559 1653 600 miri
1678 571 1817 610 passu-

406 631 507 657 rum.
571 615 692 656 Missi
714 614 839 669 legati
861 615 1172 664 oenunciarunt,
1191 615 1243 655 L.
1263 616 1488 657 Cornelium
1520 617 1576 656 ad
1604 615 1815 668 magistra-

407 679 470 713 tus
497 672 769 726 subrooandos
804 672 977 711 Romam
1012 676 1225 711 venturum,
1286 672 1350 712 De
1380 672 1509 713 literis
1540 673 1591 712 L.
1616 670 1811 719 Cornelii,

407 744 510 785 quas
541 729 758 791 scripserat
789 728 1015 769 secundum
1046 727 1240 783 proelium
1271 743 1366 768 cum
1394 729 1508 769 Boiis
1536 729 1709 777 factum,
1731 727 1814 767 dis-

406 784 586 841 ceptatio
605 801 647 826 m
669 793 814 826 senatu
834 784 939 826 fuit·
973 784 1072 840 quia
1097 784 1294 840 privatim
1318 784 1526 840 plerisque
1554 784 1812 826 senatoribus

405 840 567 897 legatus
599 843 661 882 Μ.
686 841 889 882 Claudius
920 842 1150 897 scripserat,
1182 842 1374 881 Fortuna»
1395 842 1541 893 populi
1570 842 1749 882 Romam
1777 847 1815 880 et

404 900 576 939 mi'lztum
597 900 740 939 virtuti
757 900 938 952 gratiam
968 898 1206 948 habendam,
1227 899 1331 951 quod
1356 912 1419 938 ms
1448 898 1543 938 hene
1567 904 1681 950 gesta
1703 904 1814 938 esset.

404 956 590 996 Consulis
610 969 733 1008 opera
754 962 792 995 et
812 956 982 996 militum
1004 956 1254 1008 aliquantum
1275 956 1474 1005 amissum,
1495 961 1532 995 et
1562 955 1729 995 hostium
1750 968 1816 994 ex-

398 1013 574 1061 ercitum,
600 1012 708 1066 cujus
729 1013 890 1053 delendi
909 1012 1043 1053 oblata
1054 1011 1228 1064 fortuna
1233 1012 1386 1065 fiterit,
1404 1013 1592 1065 elapsum.
1653 1011 1814 1052 Milites

397 1083 444 1110 eo
465 1071 607 1123 plures
631 1071 798 1122 perisse,
821 1071 928 1123 qnod
955 1071 1114 1110 tardius
1143 1084 1191 1109 ex
1220 1068 1421 1119 subsidiis,
1442 1069 1506 1123 qui
1534 1068 1815 1109 laborantibus

397 1140 506 1180 opem
521 1127 704 1180 ferrent,
726 1128 1007 1167 successissent.
1071 1126 1217 1166 Hostes
1248 1140 1268 1166 e
1296 1126 1478 1166 manibus
1508 1127 1679 1176 emissos,
1710 1126 1816 1179 quod

396 1184 594 1237 equitibus
614 1183 856 1238 legionariis
876 1189 914 1224 et
933 1183 1093 1224 tardius
1109 1184 1242 1223 datum
1263 1183 1419 1238 signum
1441 1189 1551 1232 esset,
1571 1190 1608 1224 et
1622 1182 1814 1236 persequi

381 1240 598 1295 fugientes
614 1254 693 1280 non
714 1241 904 1281 licuisset.

454 1297 558 1338 VII.
592 1297 658 1338 De
679 1312 727 1338 ea
754 1312 799 1337 re
828 1296 931 1337 nihil
952 1304 1105 1337 temere
1135 1295 1298 1336 decerni
1329 1295 1509 1351 placuit:
1543 1296 1596 1338 ad
1617 1296 1812 1351 frequen-

396 1353 523 1395 tiores
544 1352 832 1395 &consultatio
852 1353 982 1394 djlata
1003 1361 1075 1394 est.
1120 1353 1312 1394 Instabat
1334 1352 1441 1393 enim
1463 1368 1563 1393 cura
1583 1353 1677 1402 alia,
1694 1351 1810 1408 quod

396 1409 542 1452 civitas
571 1410 728 1451 foenore
758 1409 997 1451 laborabat:
1030 1418 1072 1450 et
1103 1409 1251 1464 quod¹‚
1283 1424 1416 1464 quum
1445 1409 1589 1450 multis
1615 1408 1809 1449 foenebri-

395 1465 476 1508 bus
505 1466 673 1531 legibus
699 1466 920 1508 constlicta
949 1465 1124 1506 avaritia
1153 1473 1273 1514 esset,
1294 1466 1363 1505 via
1391 1465 1553 1506 fraudis
1573 1465 1677 1505 inita
1705 1473 1808 1514 erat,

394 1522 429 1546 ¹⁴
441 1530 490 1563 ut
519 1524 563 1564 in
593 1523 737 1588 socios,
760 1523 834 1578 qui
855 1537 937 1562 non
967 1529 1207 1562 tenerentur
1236 1521 1286 1561 iis
1314 1521 1492 1577 legibus,
1513 1521 1679 1562 nomina
1699 1528 1810 1562 tran-

396 1580 640 1627 scriberent3
673 1580 733 1621 ita
752 1579 882 1620 libero
910 1579 1068 1619 foenore
1097 1578 1330 1619 obruebant
1351 1556 1571 1619 debitores.
1633 1576 1809 1633 l⁵Cujus

395 1636 633 1677 coercendik
653 1651 785 1691 quum
800 1635 906 1676 ratio
921 1643 1203 1697 quaereretur,
1212 1634 1320 1675 diem
1337 1634 1446 1675 finiri
1461 1634 1620 1691 placuit
1637 1633 1805 1674 1⁶Fe1·a-

395 1692 463 1743 lia,
486 1708 581 1748 quae
602 1707 790 1748 proxlme
819 1692 1016 1732 fuissent:
1051 1700 1112 1740 ut,
1135 1706 1208 1746 qul
1231 1699 1326 1747 post
1348 1706 1436 1731 eam
1458 1692 1567 1732 diem
1590 1689 1687 1732 socii
1709 1690 1808 1730 civi-

393 1748 474 1790 bus
505 1749 704 1790 Romanis
733 1748 1001 1789 credidissent
1031 1748 1241 1809 pecunias,
1277 1747 1590 1802 profiterentur;
1624 1756 1664 1788 et
1692 1761 1743 1787 ex
1764 1762 1812 1787 ea

395 1805 462 1846 die
482 1806 671 1862 pecuniae
692 1805 875 1854 creditae,
898 1804 1091 1860 ²⁷quibus
1111 1803 1274 1844 debitor
1294 1803 1417 1844 vellet
1439 1803 1646 1858 legibuS‚
1631 1818 1703 1859 Jus
1725 1818 1808 1843 cre-

395 1861 520 1903 ditori
541 1862 760 1904 diceretur
824 1861 943 1911 Inde,
965 1869 1187 1916 postquam
1216 1859 1541 1915 professionibus
1561 1859 1725 1901 detecta
1745 1867 1805 1900 est

702 1965 714 1990 ¹
729 1971 802 2011 quod
816 1969 877 2001 del.
895 1971 993 2001 Gron.
1011 1970 1102 2001 CreV.
1229 1968 1247 1993 k
1262 1971 1398 2000 cernendi
1413 1970 1501 2001 Eaed.

395 2055 506 2087 etenim
529 2062 559 2086 et
585 2066 690 2087 omues
713 2055 801 2090 editi,
826 2061 871 2085 tes
874 2061 903 2086 te
928 2055 1076 2090 Ilearnio,
1113 2054 1209 2096 festa,
1235 2054 1336 2103 inquit
1358 2056 1476 2086 Festus.
1523 2055 1572 2085 De
1596 2054 1648 2096 huj
1652 2065 1687 2085 us
1710 2054 1806 2085 nomi-

395 2109 448 2139 pro
463 2099 613 2140 particula
637 2110 671 2129 ne
693 2098 837 2130 exhibent
858 2100 893 2129 si.
938 2098 1006 2129 Nec
1021 2097 1076 2129 ali-

394 2147 440 2171 ter
456 2142 483 2172 Χ
487 2142 538 2172 iet.
555 2142 664 2172 codex.

440 2185 477 2214 13
504 2185 683 2215 Consultatio
713 2183 822 2223 dilata]
860 2183 909 2214 Sic
937 2183 1077 2224 conjece-

393 2232 443 2256 rat
459 2226 641 2261 Gronovius,
662 2233 691 2257 et
715 2226 836 2256 firmant
858 2226 952 2256 MSS.
977 2227 1077 2256 Hear-

395 2268 449 2304 nii,
465 2269 676 2300 consentiente
695 2268 861 2300 Victorino.
906 2268 1008 2309 Vulgo
1029 2271 1076 2299 ‹Ie-

396 2312 458 2342 lata
470 2318 520 2342 est.

444 2355 507 2384 14*
523 2354 562 2384 L't
587 2356 617 2384 ιίι
640 2355 727 2384 socios
746 2376 755 2384 .
779 2375 788 2383 .
811 2375 819 2383 .
846 2355 961 2383 nomina
985 2360 1079 2383 trans-

396 2398 566 2437 scriberent]
606 2397 730 2426 Nomina
767 2394 815 2425 hic
851 2396 1079 2438 interpretanda

398 2445 469 2469 sunt
493 2441 669 2479 obligations.
727 2438 759 2469 Si
785 2438 852 2478 quis
876 2439 1038 2469 Romanus
1061 2449 1079 2469 a

400 2482 542 2512 Romano
570 2482 732 2523 pecuniam
762 2487 893 2512 sumeret
929 2488 1078 2517 mutuam,

395 2525 560 2566 jubebatur
576 2534 594 2554 a
615 2524 762 2555 creditore
785 2534 815 2553 se
833 2523 963 2565 profiteri
985 2524 1079 2564 scrip-

399 2573 430 2598 to
452 2567 629 2601 debitorem,
647 2577 707 2596 non
729 2566 794 2606 ejus
817 2577 835 2596 a
858 2577 918 2607 quo
934 2576 1002 2597 vere
1027 2576 1077 2596 ac-

399 2616 532 2652 ceperat,
543 2609 598 2640 sed
614 2609 742 2649 alicujus
756 2608 868 2639 Latini.

445 2654 482 2683 15
521 2653 612 2692 Cujus
655 2652 805 2692 cernendi]
865 2650 913 2680 Sic
958 2651 1081 2692 quidem

398 2694 512 2738 scripti.
568 2695 637 2726 Nec
673 2693 772 2724 malus
809 2693 934 2724 omnino
963 2703 1080 2723 sensus.

401 2739 546 2769 Cer-nendi
581 2737 637 2768 erit
667 2737 846 2776 inspiciendi,
875 2737 1079 2774 perpendendi.

401 2781 567 2812 Mallemus
594 2786 710 2815 tamen,
739 2777 821 2820 quod
849 2778 976 2818 quidam
1003 2777 1076 2808 editi

397 2822 666 2858 hatebant,1icet
693 2820 885 2864 repudiatum
913 2830 931 2851 a
955 2819 1077 2862 Sigonio

396 2872 426 2896 et
443 2865 708 2905 Gronovio,c111'us
722 2865 879 2895 coercendi.

443 2908 478 2938 16
511 2909 643 2950 rer-azia]
690 2907 756 2938 Diis
793 2906 929 2937 Manibus
964 2912 1078 2935 sacrata

1121 2097 1168 2128 nis
1183 2097 1298 2138 origine
1315 2098 1357 2128 sic
1380 2098 1474 2129 habet
1489 2097 1621 2128 Ovidius
1643 2098 1674 2128 in
1698 2098 1757 2128 Fas
1751 2097 1807 2133 ·tis,

1120 2141 1145 2171 1.
1169 2141 1214 2170 II.
1261 2141 1358 2177 Hunc,
1383 2140 1687 2187 qttt'ajustasemmt,
1709 2142 1806 2170 cliteru

1123 2183 1242 2213 Feralia
1273 2184 1373 2213 lucem.
1433 2184 1480 2214 Ea
1510 2188 1652 2214 notantur
1680 2182 1711 2212 in
1737 2183 1805 2223 qui-

1121 2226 1253 2256 busdam
1279 2225 1475 2257 kalendariis
1499 2235 1526 2256 a.
1542 2225 1574 2256 d.
1592 2225 1650 2255 IX.
1668 2224 1806 2255 Kalend.

1121 2269 1265 2304 Martias,
1295 2268 1357 2300 sive
1394 2268 1443 2298 die
1472 2269 1524 2298 21.
1553 2267 1731 2299 Februarii:
1776 2268 1807 2297 in

1124 2311 1222 2341 Fastis
1238 2310 1355 2346 Ovidii,
1373 2321 1401 2341 a.
1417 2310 1448 2342 d.
1466 2310 1544 2341 XII.
1569 2310 1644 2341 Kal.
1661 2310 1804 2346 Martias,

1124 2353 1186 2384 sive
1206 2355 1252 2384 18.
1269 2353 1434 2384 Februarii.

1169 2397 1204 2426 17
1231 2396 1342 2430 Quibus
1362 2397 1470 2426 debitor
1484 2395 1564 2425 tollet
1590 2395 1713 2436 lenilms]
1739 2395 1803 2436 Ap-

1122 2444 1209 2480 paret
1236 2448 1274 2469 ex
1300 2438 1336 2468 iis
1363 2449 1431 2479 quae
1468 2437 1655 2485 praecedunt.
1686 2437 1806 2478 legibus

1126 2481 1275 2511 Romanis
1308 2480 1566 2521 circumscriptam
1603 2490 1669 2510 esse
1706 2482 1804 2512 soeue-

1123 2523 1210 2554 randi
1232 2523 1400 2558 licentiam,
1420 2528 1451 2554 et
1472 2533 1488 2553 e
1512 2533 1542 2553 re
1565 2522 1709 2553 debitoris
1731 2523 1804 2554 fuis-

1122 2576 1165 2600 se,
1189 2571 1222 2596 ut
1248 2565 1417 2596 secundum
1438 2575 1490 2595 eas
1513 2565 1613 2606 potius
1633 2566 1684 2606 jus
1709 2576 1803 2607 pecu-

1123 2608 1181 2638 niae
1197 2607 1318 2638 creditae
1334 2608 1496 2642 diceretur,
1512 2607 1574 2638 sive
1593 2608 1804 2649 judicarentur

1124 2650 1333 2681 controversia*
1350 2650 1388 2680 (le
1404 2650 1541 2691 pecuniis
1558 2650 1692 2686 creditis,
1709 2661 1802 2692 quam

1124 2692 1295 2723 secundum
1324 2693 1416 2733 leges,
1446 2692 1557 2734 quibus
1592 2694 1664 2724 socii
1702 2693 1803 2724 Latini

1125 2734 1255 2765 nominis
1278 2736 1452 2766 utebantur.
1501 2736 1543 2766 Ut
1566 2736 1657 2776 igitur
1679 2735 1804 2767 faveant

1121 2777 1260 2811 debitori,
1290 2777 1468 2819 permittunt
1498 2777 1564 2819 ejus
1598 2777 1720 2809 arbitrio
1749 2778 1802 2808 de-

1120 2819 1306 2850 cernendum
1329 2821 1513 2861 quibusnam
1537 2821 1666 2861 legibus,
1686 2820 1802 2851 Roma-

1122 2862 1166 2892 nis
1204 2873 1242 2892 an
1274 2863 1400 2899 Latinis,
1427 2864 1478 2905 jus
1506 2863 1644 2905 pecuniae
1679 2862 1802 2894 creditae

1121 2905 1181 2936 dici
1199 2905 1302 2936 vellet.

1924 590 1947 671 ’ἒ

1931 671 1942 714 ἱ

1930 717 1935 750 ἐ

1933 762 1941 780 t
