1947 3222
477 150 599 186 121ss.
627 147 844 185 XXXVII.
890 148 1023 189 CAP.
1053 149 1208 186 XLIII.
1471 155 1545 188 315

135 273 315 315 rumque
335 257 520 315 obpressi
540 265 649 300 sunt.
702 257 864 298 Totum
884 255 1036 296 deinde
1056 255 1209 297 laevum
1230 272 1358 300 cornu
1381 259 1548 300 inclina-
1561 271 1603 302 U.
1615 270 1651 301 C.
1664 269 1737 300 562.

138 316 224 363 vit;
256 323 314 366 et,
354 315 535 357 turbatis
573 312 862 363 auxiliaribus,
883 312 958 368 qui
996 313 1106 354 inter
1140 314 1337 368 equitesb,
1369 324 1410 357 et
1442 314 1600 372 quosA·
1614 313 1653 345 C.
1668 312 1739 343 190.

136 372 348 429 adpellant
374 370 652 428 phalangitas,
673 378 807 419 erant,
828 384 963 425 usque
983 369 1037 410 ad
1066 369 1246 410 mediam
1265 372 1395 412 aciem
1416 381 1550 414 terror

135 429 337 486 pervenit.
399 427 466 468 Ibi
497 426 620 468 simul
649 426 885 483 perturbati
915 425 1095 477 ordines,
1116 434 1159 468 et
1188 426 1402 482 inpeditus
1425 429 1550 471 inter-

137 501 263 527 cursu
285 499 453 526 suorum
475 499 576 525 usus
605 483 916 540 praelongarum
945 483 1175 534 hastarum,
1200 483 1388 535 (sarissas
1410 486 1551 527 Mace-

137 543 265 584 dones
298 543 466 595 vocant)
497 541 677 582 intulere
710 540 828 596 signa
858 541 1060 581 Romanae
1090 540 1287 596 legiones,
1318 548 1359 582 et
1394 541 1481 597 pila
1508 543 1551 582 in

135 598 401 656 perturbatos
421 598 643 653 conjecere.
675 613 726 639 ne
755 597 990 654 interpositi
1011 597 1182 653 quidem
1209 597 1418 653 elephanti
1448 598 1554 638 mili-

136 665 220 698 tem
243 655 482 695 Romanum
502 654 785 704 deterrebant,
806 654 1029 696 adsuetum
1054 655 1143 710 jam
1173 654 1226 696 ab
1248 654 1406 695 Africis
1434 654 1555 696 bellis

137 720 178 754 et
198 711 331 753 vitare
350 711 542 768 inpetum
568 711 735 761 belluae,
757 720 798 754 et
819 727 871 752 ex
892 720 1128 753 transverso
1157 720 1232 753 aut
1260 711 1356 767 pilis
1385 711 1557 753 incesse-

135 784 195 819 re,
216 777 306 818 aut,
335 768 368 809 si
400 769 575 825 propius
606 769 744 810 subire
780 776 935 824 posset,
965 767 1000 792 ³⁰
1013 768 1156 825 gladio
1184 783 1333 810 nervos
1362 768 1554 810 incidere.

135 825 166 865 J
168 840 235 866 am
264 825 403 866 media
431 826 537 866 acies
566 825 652 866 fere
673 825 806 867 omnis
826 841 851 866 a
870 825 1008 867 fronte
1039 833 1249 882 prostrata
1274 834 1378 876 erat,
1397 834 1440 868 et
1461 826 1558 867 sub·
1569 836 1678 868 Media
1689 837 1770 868 ames

137 882 244 923 sidia
278 881 495 924 circumita
528 898 554 923 a
585 890 706 938 tergo
741 882 1035 924 caedebantur:
1068 897 1201 938 quum
1236 883 1279 923 in
1319 891 1439 939 parte
1477 882 1558 924 alia
1569 886 1732 922 prostrata.

134 939 282 995 fugam
313 954 499 990 suorum,
521 948 563 981 et
592 955 723 996 prope
747 940 834 995 jam
866 939 920 980 ad
950 939 1042 995 ipsa
1071 947 1207 980 castra
1235 939 1457 981 clamorem
1486 955 1559 996 pa-

137 995 326 1037 ventium
366 1011 571 1052 accepere.
644 998 840 1052 Namque
879 996 1118 1038 Antiochus
1157 1011 1182 1037 a
1221 996 1372 1038 dextro
1411 1012 1556 1047 cornu,

137 1067 272 1109 quum
306 1052 365 1094 ibi
399 1053 554 1094 fiducia
584 1053 769 1094 fluminis
802 1053 920 1094 nulla
953 1052 1140 1094 subsidia
1173 1062 1373 1104 cerneret,
1404 1062 1558 1109 praeter

138 1117 323 1165 quatuor
361 1118 521 1151 turmas
555 1110 762 1166 equitum,
793 1118 834 1151 et
870 1125 952 1160 eas,
984 1109 1086 1150 dum
1127 1110 1341 1166 adplicant
1378 1125 1419 1151 se
1456 1111 1556 1161 suis,

136 1166 271 1222 ripam
291 1166 513 1217 nudantes,
533 1167 725 1223 inpetum
745 1167 787 1207 in
808 1182 899 1208 eam
925 1174 1088 1223 partem
1118 1181 1215 1207 cum
1242 1166 1410 1208 auxiliis
1431 1175 1472 1208 et
1493 1182 1558 1208 ca-
1568 1177 1731 1209 Sinistrum

138 1223 356 1278 taphracto
376 1223 569 1279 equitatu
593 1223 724 1265 fecit⁰.
755 1238 830 1264 nec
851 1239 876 1264 a
895 1223 1033 1264 fronte
1053 1231 1220 1265 tantum
1248 1223 1446 1275 instabat,
1469 1224 1556 1274 sed,
1568 1232 1663 1267 corpu
1676 1222 1769 1252 Rom,

136 1279 355 1321 circumito
379 1295 405 1320 a
433 1279 605 1321 flumine
636 1296 781 1330 cornu,
797 1281 887 1336 jam
914 1281 968 1321 ab
998 1280 1127 1322 latere
1157 1281 1393 1337 urguebat3
1427 1281 1557 1322 donec
1568 1264 1679 1338 ἓξὲξ
1679 1265 1699 1295 d

135 1336 274 1392 fugati
294 1337 457 1393 equites
476 1337 675 1393 primum,
697 1337 848 1379 deinde
868 1337 1049 1394 proximi
1069 1337 1263 1394 peditum
1278 1338 1410 1379 effuso
1431 1353 1556 1380 cursu

135 1392 192 1434 ad
212 1401 347 1435 castra
367 1394 571 1450 compulsi
591 1403 701 1436 sunt.

195 1450 380 1491 XLIII.
416 1452 601 1493 Praeerat
632 1452 776 1493 castris
808 1450 871 1492 M.
893 1450 1092 1493 AEmilius
1127 1453 1324 1493 tribunus
1358 1452 1556 1502 militum,

138 1508 202 1548 M.
228 1507 379 1563 Lepidi
408 1507 534 1558 filius,
556 1508 630 1564 qui
659 1517 755 1564 post
785 1524 940 1564 paucos
961 1509 1111 1550 annosd
1132 1509 1322 1564 pontifex
1349 1509 1557 1550 maximus

136 1564 274 1605 factus
295 1572 368 1606 est.
432 1565 490 1615 Is,
513 1580 599 1620 qua
627 1565 773 1620 fugam
801 1565 994 1606 cernebat
1026 1581 1212 1615 suorum,
1234 1581 1330 1606 cum
1360 1566 1557 1622 praesidio

139 1621 252 1661 omni
285 1621 498 1669 obcurrit;
537 1630 579 1662 et
610 1630 718 1663 stare
750 1621 899 1678 primo,
931 1622 1083 1664 deinde
1111 1622 1247 1663 redire
1279 1623 1323 1663 in
1352 1638 1554 1678 pugnam,

132 1677 328 1733 jubebat,
342 1693 538 1734 pavorem
560 1687 601 1720 et
623 1687 790 1734 turpem
806 1679 952 1734 fugam
973 1678 1202 1735 increpans.
1251 1679 1384 1720 Minae
1405 1680 1556 1721 exinde

138 1742 271 1784 erant,
308 1734 350 1775 in
381 1735 605 1791 perniciem
640 1751 758 1776 suam
792 1751 922 1777 caecos
952 1751 1088 1785 ruere,
1124 1736 1167 1776 ni
1203 1735 1316 1777 dieto
1350 1745 1556 1792 parerent.

136 1799 347 1847 postremo
381 1792 454 1833 dat
490 1792 655 1848 signum
688 1793 787 1843 suis,
817 1801 865 1834 ut
898 1792 1054 1849 primos
1085 1793 1343 1849 fugientium
1378 1793 1555 1843 caedant,

137 1848 306 1890 turbam
326 1849 636 1904 insequentium
660 1849 772 1890 ferro
792 1858 834 1891 et
854 1849 1099 1891 vuhieribus
1118 1850 1161 1890 in
1190 1851 1329 1891 hostes
1349 1851 1555 1905 redigant.

140 1904 225 1946 Hic
251 1906 384 1962 major
405 1907 530 1948 timor
548 1906 750 1947 minorem
770 1907 883 1948 vicit.
915 1906 1088 1963 ancipiti
1117 1907 1248 1948 coacti
1275 1915 1391 1948 metu
1421 1908 1558 1963 primo

138 1963 442 2011 constiterunt3
475 1963 626 2004 deinde
647 1972 688 2004 et
718 1964 799 2019 ipsi
829 1963 1044 2005 redierunt
1064 1963 1107 2004 in
1137 1979 1339 2020 pugnam,
1361 1973 1402 2005 et
1424 1965 1559 2005 AEmi-

139 2018 221 2059 lius
241 2034 337 2060 cum
358 2035 434 2060 suo
462 2020 658 2075 praesidio
681 2020 817 2072 (erant
839 2029 981 2061 autem
1002 2020 1088 2061 duo
1118 2021 1249 2061 millia
1268 2021 1453 2061 virorum
1475 2021 1559 2062 for-

140 2075 266 2130 tium)
281 2076 410 2117 effuse
427 2078 617 2132 sequenti
637 2077 726 2133 regi
746 2076 895 2118 acriter
910 2077 1076 2118 restitit.
1120 2078 1180 2118 Et
1197 2077 1387 2127 Attalus,
1403 2079 1559 2118 Eume-

140 2131 204 2173 nis
233 2132 378 2183 frater,
399 2148 425 2174 a
444 2133 595 2174 dextro
615 2149 760 2184 cornu,
782 2149 806 2174 a
826 2150 913 2189 quo
942 2134 1096 2175 laevum
1126 2134 1311 2175 hostium
1341 2135 1478 2190 primo
1498 2134 1559 2174 in-

140 2198 243 2245 petu
263 2189 459 2245 fugatum
480 2190 633 2240 fuerat,
654 2200 703 2232 ut
725 2191 777 2232 ab
794 2190 959 2232 sinistro
979 2191 1123 2246 fugam
1147 2207 1317 2232 suorum
1340 2202 1381 2233 et
1403 2191 1559 2232 tumul-

141 2254 233 2288 tum
263 2246 372 2287 circa
399 2255 536 2288 castra
554 2247 662 2289 vidit
696 2247 739 2288 in
774 2256 961 2304 tempore
991 2263 1086 2288 cum
1116 2247 1307 2289 ducentis
1342 2248 1559 2304 equitibus

142 2303 324 2345 advenit.
384 2304 638 2354 Antiochus,
658 2313 884 2360 postquam
905 2313 946 2346 et
968 2320 1051 2356 eos,
1073 2320 1255 2361 quorum
1285 2313 1405 2360 terga
1433 2305 1559 2346 modo
1574 2321 1743 2363 Repellitui

143 2360 319 2411 viderat,
341 2369 574 2416 repetentes
605 2377 808 2417 pugnam,
830 2370 872 2403 et
902 2361 1024 2403 aliam
1044 2370 1086 2403 et
1107 2378 1132 2403 a
1151 2362 1298 2403 castris
1319 2371 1360 2403 et
1391 2378 1442 2403 ex
1472 2362 1559 2403 acie
1573 2364 1758 2412 Antio-chus,

144 2415 396 2458 adfluentem
425 2418 595 2460 turbam
625 2419 856 2474 conspexit,
877 2419 921 2459 in
944 2419 1091 2474 fugam
1112 2419 1238 2460 vertit
1258 2434 1428 2474 equum.
1491 2420 1560 2460 Ita
1573 2414 1604 2439 et
1619 2409 1706 2447 ¹¹¹g¹t'

144 2479 326 2529 utroque
370 2490 499 2515 cornu
543 2476 721 2516 victores
772 2476 951 2516 Romam·
999 2490 1075 2530 per
1123 2490 1291 2516 acervos
1338 2490 1559 2532 corporum

149 2527 274 2583 (quos
292 2530 335 2571 in
353 2531 491 2573 media
513 2532 693 2573 maxime
714 2532 799 2573 acie
820 2532 1149 2581 cumulaverant,
1172 2531 1246 2572 ubi
1266 2540 1308 2573 et
1328 2533 1458 2574 robur
1478 2533 1560 2573 for-

147 2584 399 2629 tissimor'um
422 2588 624 2639 virorum,
645 2597 686 2630 et
717 2604 832 2629 arma
864 2589 1072 2644 gravitate
1100 2589 1248 2644 fugam
1276 2589 1558 2645 inpedierant)

146 2651 328 2696 pergunt
347 2645 402 2685 ad
427 2654 562 2687 castra
582 2645 827 2701 diripienda.
859 2662 908 2701 eq
917 2647 1022 2687 uites
1051 2646 1176 2702 primi
1197 2646 1384 2687 omnium
1406 2647 1561 2686 Eume-

148 2696 226 2748 nis,
247 2698 396 2740 deinde
415 2710 457 2743 et
485 2702 592 2743 alius
612 2703 827 2758 equitatus
855 2711 945 2744 toto
976 2703 1130 2759 passim
1157 2713 1305 2758 campo
1326 2709 1561 2757 sequuntur

273 2796 291 2820 b
304 2800 426 2842 equitem
442 2800 540 2831 Gron.
555 2801 646 2832 Crev.
734 2802 836 2844 Cfacit
853 2802 939 2833 Eaed.
1026 2802 1112 2842 dpost
1127 2813 1216 2832 annos
1227 2812 1333 2840 paucos
1347 2801 1435 2832 Eaed.

360 2903 402 2933 30
426 2904 532 2935 Gladio
548 2917 644 2938 nervos
660 2909 802 2948 incidere]
834 2909 954 2940 Nervus
970 2908 1120 2949 poplitum
1135 2906 1347 2944 intelligimus.
