1947 3222
503 113 626 152 LIB.
656 110 833 149 XXXII.
870 108 1008 147 CAP.
1039 109 1149 148 XVI.
1472 107 1518 150 61

171 219 268 261 XV.
294 220 474 262 Primam
495 220 664 262 urbium
681 217 911 260 Thessaliae
930 217 1186 259 Phaloriam‘*
1206 227 1268 259 est
1288 218 1520 274 adgressus.
1535 231 1578 262 U.
1592 230 1629 262 C-
1640 226 1717 262 554,

111 276 199 318 duo
237 277 366 319 millia
406 277 687 318 Macedonum
727 275 770 316 in
808 274 1006 332 praesidio
1045 274 1241 323 habebat,
1277 276 1352 330 qui
1386 276 1522 331 primo
1535 274 1575 304 Α·
1591 276 1628 304 C·
1645 276 1714 322 198.

112 349 274 375 summa
293 335 334 375 vi
355 335 613 383 restiterunt,
634 341 842 389 quantum
862 346 991 382 arma,
1013 339 1221 387 quantum
1241 331 1393 372 moenia
1414 332 1522 373 tueri
1534 318 1739 392 ffiffiss'gssanl'ia

110 399 329 446 poterant;
363 390 434 431 sed
458 390 719 446 obpugnatio
748 389 959 438 continua,
981 403 1064 429 non
1094 388 1176 437 die,
1198 402 1282 428 non
1311 396 1432 428 nocte
1462 405 1524 429 re-
1535 404 1629 446 capit.

114 448 252 498 missa,
276 445 469 503 (⁵³quum
489 446 634 488 consul
653 447 697 487 in
717 461 765 487 eo
786 446 893 487 verti
923 444 1107 486 crederet
1135 452 1367 486 ceterorum
1391 445 1525 485 Thes-

114 504 294 546 salorum
323 503 495 554 animos,
518 503 550 546 si
572 503 697 559 primi
727 503 811 543 vim
835 504 1068 544 Romanam
1097 516 1181 542 non
1211 499 1524 556 sustinuissent)

114 561 214 602 vicit
244 561 513 616 pertinaciam
544 560 839 601 RIacedonum.
904 561 1040 615 Capta
1070 557 1280 607 Phaloria,
1312 557 1439 613 legati
1463 557 1529 598 ⁵9a

116 616 344 673 Metropoli
364 626 405 659 et
426 633 450 659 a
472 618 595 659 Piera
624 617 822 659 dedentes
843 617 967 658 urbes
987 623 1203 657 venerunt.
1234 614 1354 655 venia
1374 614 1528 671 eisdem

113 674 352 730 petentibus
387 674 525 716 datur.
587 674 783 716 Phaloria
818 673 984 714 incensa
1016 688 1063 714 ac
1093 672 1257 729 direpta
1286 679 1360 712 est.
1422 672 1529 712 Inde

115 730 338 787 AEginium
358 731 477 787 petit.
510 747 634 788 quem
657 732 793 772 locum
824 745 958 786 quum
979 729 1044 770 vel
1064 729 1227 770 modico
1247 728 1442 785 praesidio
1464 737 1530 770 tu-

114 796 206 830 tum
226 803 273 829 ac
300 803 431 844 prope
460 788 827 845 inexpugnabilem
856 787 1044 837 vidisset,
1065 786 1209 842 paucis
1237 785 1281 826 in
1311 785 1530 826 stationem

114 844 347 901 proximam
379 845 471 886 telis
501 845 711 902 conjectis,
733 845 787 886 ad
817 844 1110 899 Gomphorum
1139 842 1352 898 regionem
1381 857 1531 898 agmen

114 902 254 943 vertit.
283 901 648 958 ⁶⁰degressusqued
668 902 711 942 in
731 915 898 956 campos
921 899 1164 949 Thessaliae,
1187 914 1320 955 quum
1336 899 1425 955 jam
1446 915 1532 940 om-

114 959 185 1000 nia
220 958 421 1000 exercitui
453 959 656 1008 deessent,
690 957 790 1013 quia
824 956 1098 1012 Epirotarum
1130 964 1373 1011 pepercerat
1405 956 1530 1011 agris,

115 1015 332 1072 explorato
371 1025 480 1066 ante,
517 1023 662 1057 utrum
703 1013 958 1064 Leucadem,
995 1028 1048 1053 an
1083 1012 1219 1054 sinum
1254 1012 1531 1053 Ambracium

115 1072 314 1114 onerariae
349 1072 592 1122 tenuissent,
628 1072 933 1113 frumentatum
969 1069 1239 1111 Ambraciam
1275 1067 1364 1109 61in
1399 1069 1532 1110 vicem

117 1129 306 1171 cohortes
335 1128 458 1170 misit.
491 1137 532 1170 et
553 1137 614 1170 est
639 1128 718 1170 iter
745 1143 770 1169 a
799 1126 1006 1184 Gomphis
1036 1126 1322 1176 Ambraciam,
1345 1125 1450 1168 sicut
1473 1126 1534 1167 in-

114 1185 307 1242 peditum
337 1201 384 1227 ac
415 1185 594 1236 difficile,
616 1185 675 1227 ita
699 1184 834 1242 spatio
863 1183 1067 1241 perbrevi.
1131 1184 1253 1225 Intra
1280 1198 1436 1239 paucos
1456 1183 1533 1224 ita-

116 1257 200 1298 que
229 1242 330 1293 dies,
354 1242 597 1285 transvectis
624 1258 649 1283 a
674 1241 779 1283 mari
804 1240 1118 1291 commeatibus,
1140 1240 1301 1296 repleta
1329 1240 1441 1281 omni
1471 1255 1534 1281 re-

115 1308 211 1340 rum
235 1299 354 1356 copia
383 1308 481 1341 sunt
511 1307 656 1341 castra.
721 1298 828 1340 Inde
849 1297 1090 1340 ⁶²Atracem
1115 1305 1176 1339 est
1205 1297 1431 1353 profectus.
1463 1297 1533 1338 de-
1544 1308 1644 1338 Atrax
1659 1307 1712 1337 ob-

117 1371 206 1397 cem
236 1356 365 1397 ferme
393 1356 524 1398 millia
553 1357 605 1398 ab
635 1355 803 1398 Larissa
833 1356 973 1397 abest:
1007 1370 1057 1396 ex
1085 1353 1343 1396 Perrhaebiae
1366 1353 1532 1395 oriundi
1543 1360 1636 1382 sessa.

118 1421 238 1455 sunt:
272 1413 352 1455 sita
371 1422 433 1456 est
463 1414 564 1455 urbs
595 1428 719 1470 super
750 1414 937 1454 Peneum
967 1427 1142 1453 amnem.
1206 1411 1324 1452 Nihil
1353 1411 1535 1468 trepida-

119 1485 215 1511 vere
239 1471 431 1512 Thessali
453 1471 506 1512 ad
531 1470 714 1526 primum
744 1469 971 1511 adventum
994 1470 1293 1509 Romanorum.
1355 1469 1415 1509 Et
1438 1467 1536 1509 Phi-

118 1526 275 1583 lippus,
299 1527 404 1569 sicut
425 1528 468 1569 in
492 1526 750 1568 Thessaliam
781 1526 869 1582 ipse
899 1526 1095 1582 progredi
1127 1540 1210 1566 non
1240 1524 1437 1575 audebat,
1459 1524 1532 1573 ita,

119 1583 231 1625 intra
251 1585 413 1640 Tempe
444 1584 607 1625 stativis
635 1583 795 1639 positis,
818 1591 865 1624 ut
888 1582 1068 1638 quisque
1096 1582 1212 1623 locus
1233 1581 1286 1622 ab
1306 1581 1426 1623 hoste
1446 1590 1535 1623 ten-

120 1640 304 1690 tabatur,
325 1640 519 1697 praesidia
538 1656 614 1696 per
634 1639 864 1681 occasiones
885 1638 1171 1680 submittebat.

178 1697 302 1737 XVI.
335 1698 423 1738 Sub
444 1697 553 1738 idem
574 1697 660 1737 fere
681 1705 861 1752 tempus,
883 1711 968 1751 quo
989 1695 1133 1736 consul
1153 1696 1353 1736 adversus
1375 1693 1534 1750 Philip-

118 1769 220 1810 pum
250 1754 433 1809 primum
459 1754 502 1794 in
523 1753 645 1809 Epiri
674 1754 867 1794 faucibus
897 1760 1033 1794 castra
1061 1752 1217 1808 posuit,
1240 1760 1281 1794 et
1304 1752 1355 1792 L.
1381 1751 1534 1801 Quinc-
1549 1770 1584 1800 L,
1598 1768 1736 1807 Quinctii

119 1811 218 1860 tius,
239 1811 370 1852 frater
398 1810 592 1860 consulis,
614 1810 683 1851 cui
713 1809 851 1851 classis
882 1824 982 1850 cura
1011 1809 1316 1865 maritimaeque
1346 1824 1430 1849 orae
1459 1808 1534 1849 im-
1547 1823 1593 1844 res
1608 1817 1715 1854 gestae.

118 1867 280 1923 perium
310 1868 554 1909 mandatum
575 1868 627 1908 ab
656 1876 801 1909 senatu
832 1875 935 1916 erat,
958 1882 1054 1907 cum
1085 1866 1250 1907 duabus
1281 1866 1534 1921 quinquere-

118 1924 257 1965 mibus
302 1926 528 1980 Corcyram
577 1934 851 1973 transvectus,
892 1931 1117 1980 postquam
1166 1923 1396 1979 profectam
1437 1922 1534 1963 inde

119 1980 290 2023 classem
320 1981 496 2033 audivit,
518 1981 622 2023 nihil
651 1980 898 2022 morandum
929 1988 1060 2030 ratus,
1083 1995 1218 2036 quum
1239 1979 1332 2021 6⁵ad
1365 1979 1534 2020 Zamam

160 2084 175 2102 Ε
193 2081 359 2112 ΡΙαιῑει-ὶαιη
375 2081 472 2113 Gron.
488 2082 576 2113 Crev.
594 2081 644 2112 Sic
660 2091 789 2123 semper.
834 2081 850 2104 d
864 2082 1063 2122 digressusque
1078 2079 1166 2110 Eaed.
1211 2084 1225 2100 e
1242 2080 1387 2110 Permbia
1405 2079 1501 2110 Gron.

168 2178 350 2213 58*Qu.um
376 2179 475 2209 consul
498 2179 530 2209 ἰη
555 2189 585 2208 eo
610 2180 683 2208 verti
708 2179 805 2208 crede·
848 2175 1029 2207 Thessaliae.

124 2228 170 2252 ret
182 2242 190 2251 .
209 2245 217 2253 .
234 2245 242 2252 .
258 2222 382 2263 animos]
416 2223 523 2259 Quum
542 2221 649 2252 consul
670 2220 808 2251 crederet
893 2220 932 2250 61
945 2220 963 2238 *²
975 2219 1118 2260 Invicem]
1157 2218 1356 2253 Alternatim,
1381 2218 1426 2248 ita
1446 2224 1480 2248 ut
1504 2219 1535 2249 in

124 2274 163 2295 ex
192 2275 228 2296 eo
257 2264 404 2306 pendere,
428 2265 540 2306 'quales
570 2263 688 2294 animos
715 2262 808 2294 ceteri

125 2307 267 2338 Thessali
280 2318 354 2348 erga
368 2308 528 2338 Romanos
545 2306 679 2337 habitun'
694 2311 807 2342 essent,

125 2350 152 2381 si
173 2349 263 2392 primi
287 2351 347 2381 vim
362 2351 540 2381 Romanam
563 2360 624 2380 non
646 2348 807 2379 sustinuis-

125 2399 212 2425 sent:
235 2393 280 2424 ita
294 2393 419 2424 demum
441 2399 557 2425 ceteros
578 2391 743 2423 Thessalos
758 2391 807 2422 in-

127 2436 238 2468 clinari
259 2446 347 2478 posse
362 2436 403 2467 ad
419 2436 589 2471 Romanos,
606 2434 631 2465 si
645 2434 667 2465 ii
683 2434 735 2476 qui
749 2434 810 2476 pri-

128 2479 171 2510 mi
199 2478 369 2521 oppugnati
406 2479 504 2510 forent
538 2478 602 2509 vim
631 2478 810 2509 Romanam

129 2532 190 2553 non
203 2522 430 2553 sustmuissent.

172 2565 212 2596 59
238 2565 265 2595 A
297 2566 457 2604 Metropoli
483 2571 511 2595 et
539 2576 556 2594 α
584 2563 689 2604 Piera]
727 2564 810 2594 Loco

131 2606 303 2649 posterioris
330 2608 462 2638 nominis
488 2607 565 2649 legit
590 2606 733 2647 Sigonius
758 2607 809 2636 Pi-

130 2651 202 2686 alia,
218 2660 288 2691 quae
302 2651 376 2680 urbs
393 2656 439 2682 est
453 2650 632 2685 Thessaliae,
647 2654 727 2680 teste
743 2649 810 2679 Ste-

130 2692 245 2734 phano.
292 2694 395 2723 Pieria
419 2699 466 2724 est
492 2693 576 2734 regio
603 2691 812 2723 Macedoniae.

133 2736 252 2765 Pieram
266 2736 372 2766 urbem
386 2736 505 2767 nullam
520 2734 672 2766 novimus.

175 2777 462 2819 60³*Digressusque
495 2780 528 2809 in
562 2776 690 2818 campos]
740 2777 812 2807 Me-

129 2820 190 2852 lius
215 2823 371 2861 degressus.
416 2822 465 2851 Ex
495 2821 591 2852 ardua
613 2825 645 2851 et
665 2824 814 2850 montana

131 2863 255 2905 regione
279 2863 385 2893 consul
408 2863 610 2895 descenderat
631 2862 663 2893 in
689 2872 814 2904 campos

850 2262 956 2292 orbem
979 2262 1119 2293 cohortes
1141 2272 1247 2292 omnes
1266 2272 1302 2292 eo
1318 2271 1443 2293 munere
1467 2261 1536 2292 fun-

852 2310 1006 2346 gerentur.

894 2349 935 2378 62
959 2348 1111 2388 Atracem]
1144 2347 1238 2378 Certa
1253 2352 1284 2377 et
1303 2347 1400 2388 proba
1416 2347 1536 2378 Grono-

851 2389 891 2420 vii
928 2390 1115 2426 emendatio,
1153 2400 1247 2430 quam
1293 2396 1380 2421 extra
1415 2399 1537 2420 omnem

855 2432 1081 2463 dubitationem
1120 2438 1240 2473 ponunt
1283 2432 1352 2463 haec
1387 2433 1481 2463 verba
1515 2432 1536 2462 1.

854 2476 1018 2507 XXXIII.
1032 2486 1059 2506 e.
1075 2476 1105 2506 4.
1121 2477 1159 2506 ad
1175 2477 1312 2506 Atracem
1326 2478 1354 2506 vi
1366 2476 1462 2515 pulsos
1477 2475 1537 2505 Ro-

854 2530 960 2549 manos.
1009 2518 1092 2549 Libri
1113 2517 1171 2548 hoc
1194 2519 1260 2549 loco
1283 2519 1416 2560 corrupti
1439 2524 1536 2552 erant,

853 2561 1073 2603 habebantque
1108 2562 1147 2591 ad
1181 2561 1317 2603 Rhagen‚
1349 2562 1396 2592 vel
1424 2563 1462 2591 ad
1492 2571 1537 2590 re-

856 2615 928 2634 oem.
1131 2615 1148 2641 c

852 2633 869 2646 Ο
897 2648 937 2678 63
966 2647 1014 2677 Ad
1039 2648 1157 2676 Zamam
1185 2647 1326 2687 insulam]
1365 2646 1539 2682 Glareanus

855 2689 1002 2721 emendat
1030 2690 1226 2729 Zacynthum.
1278 2689 1420 2729 Sigonius
1449 2693 1540 2728 putat

856 2743 923 2764 esse
959 2743 1041 2768 eam,
1079 2742 1148 2772 quae
1178 2732 1270 2773 vulgo
1299 2731 1411 2761 dicitur
1440 2732 1537 2767 Sume,

856 2785 950 2816 quam
972 2774 1111 2817 plerique
1133 2775 1275 2805 eamdem
1298 2783 1362 2804 esse
1385 2783 1456 2804 cum
1480 2776 1539 2804 Ce-

856 2818 1016 2860 phallenia
1043 2817 1239 2854 insulaesse
1272 2821 1392 2857 putant,
1421 2815 1542 2847 Plinius

858 2867 888 2892 et
904 2861 993 2892 Mela
1007 2859 1162 2891 diversam
1177 2858 1306 2890 faciunt.

1234 2923 1285 2956 ,ῃ
