1947 3222
390 119 464 160 390
915 114 1275 154 T1T1L1V11

180 231 222 304 ἒς

235 230 270 304 ς’ἒΓ)

283 233 302 305 ι-Οι

265 254 273 261 .
305 232 356 262 65.
389 223 535 265 tissimi
567 222 878 280 clarissimique,
900 239 989 266 eam
1021 234 1208 267 exonam
1238 224 1495 281 rogationem
1517 232 1577 266 est
1605 237 1806 280 conques-

304 275 358 306 87.
389 288 472 321 tus.
532 280 689 321 Parum
711 282 975 337 enimsuzsse,
995 295 1076 322 non
1095 283 1263 323 laudari
1275 297 1357 336 pio
1379 282 1542 323 Rostrzs
1563 282 1613 322 P.
1633 281 1808 336 Africa-

390 350 482 377 num
499 344 591 390 post
610 344 787 389 mortem,
809 339 892 380 nisi
911 341 1032 379 etiam
1052 345 1319 380 accusaretur.
1364 340 1423 380 Et
1443 339 1809 393 Karthaginienses

391 395 534 436 exsilio
549 395 808 436 Hannibalis
828 402 1030 437 contentos
1050 410 1150 436 esse.-
1173 398 1366 449 popnlum
1389 397 1616 437 Romanum
1637 410 1687 436 ne
1706 409 1808 436 mor-

390 459 430 492 te
459 452 615 506 quidem
646 453 698 493 P.
720 453 925 517 Scipionis
954 453 1167 501 exsatiari,
1189 454 1271 494 nisi
1299 460 1336 494 et
1367 454 1492 507 ipsius
1503 454 1631 509 sama
1660 453 1809 506 sepulti

389 509 599 556 lacer-,etw
622 516 660 550 et
673 510 822 564 fiater
841 511 1019 564 insuper,
1040 509 1247 551 ⁹⁶accessio
1271 511 1450 558 invidia»,
1474 517 1678 551 mactetur.

391 566 499 608 Cato
520 565 649 607 suasit
678 566 952 621 rogationem,
976 565 1133 618 (exstat
1153 567 1286 608 oratio
1302 567 1397 623 ejus
1417 567 1469 609 de
1498 567 1680 630 pecunia
1696 566 1808 621 regis

389 623 611 678 Antiochi)
645 631 687 664 et
723 622 956 665 Mummios
990 623 1181 665 tribunos
1216 624 1465 666 auctoritate
1499 623 1719 674 deterruit,
1755 637 1807 663 ne

387 679 709 721 adversarentur
743 679 961 744 rogationi.
1022 680 1355 722 Remittentibus
1385 695 1485 737 ergo
1517 681 1584 722 his
1607 681 1806 722 interces-

389 736 559 785 sionem,
579 751 720 778 omnes
741 736 891 786 tribus,
914 737 978 779 uti
998 743 1250 793 rogassentx,
1266 738 1496 794 jusserunt.

447 793 539 834 LV.
573 794 658 834 Ser.
684 793 870 850 Sulpicio
898 772 1072 836 deindeb
1078 794 1298 844 referente,
1329 809 1454 850 quem
1484 793 1699 850 rogatione
1730 794 1808 834 Pe-

388 849 494 891 tillia
521 866 709 906 quaerere
738 851 907 901 vellent,
931 851 979 902 Q.
1004 852 1254 893 Terentium
1277 851 1520 892 Culleonem
1543 852 1691 892 Patres
1717 850 1808 905 jus-

389 914 544 948 serunt.
605 907 679 948 Ad
708 908 821 949 hunc
850 916 1088 965 praet01em,
1109 908 1213 949 adeo
1242 908 1422 949 amicum
1456 907 1660 949 Corneliae
1689 906 1810 948 fami-

388 963 470 1014 liae,
492 972 556 1014 ut,
582 965 657 1021 qui
689 965 838 1006 Romae
867 973 1082 1007 mortuum
1114 965 1356 1022 elatumque
1390 965 1436 1006 P.
1461 965 1695 1031 Scipionem
1726 963 1806 1015 (est

387 1021 498 1062 enim
519 1036 567 1062 ea
587 1037 756 1078 quoque
786 1022 917 1077 fama)
939 1022 1129 1073 tradunt,
1151 1022 1369 1078 pileatum,
1392 1022 1498 1063 sicut
1526 1023 1567 1063 in
1591 1020 1808 1077 triumpho

387 1078 507 1128 ierat,
529 1077 570 1119 in
590 1079 738 1119 funere
759 1094 930 1135 quoque
952 1087 1048 1120 ante
1072 1077 1268 1120 lectum
1256 1093 1350 1128 lsse,
1373 1079 1583 1120 memoriae
1613 1077 1808 1134 prodide-

388 1134 487 1185 lint,
508 1143 550 1176 et
570 1135 624 1176 ad
654 1146 818 1191 portam
827 1137 1052 1199 Capenam
1073 1135 1303 1177 ⁹⁷mulsum
1333 1135 1564 1193 prosecutis
1588 1136 1717 1176 funus
1737 1134 1808 1175 de-

387 1190 510 1240 disse,
531 1191 648 1247 quod
675 1192 728 1234 ab
749 1208 797 1234 eo
826 1191 935 1234 inter
964 1192 1066 1235 alios
1086 1193 1272 1257 captivos
1301 1193 1345 1234 in
1368 1193 1515 1233 Afiiea
1534 1208 1586 1234 ex
1616 1191 1809 1233 hostibus

386 1256 579 1304 receptus
607 1257 738 1290 esset:
771 1257 845 1291 aut
875 1249 1020 1291 adeo
1008 1249 1224 1291 mimicum
1245 1249 1453 1299 eumdem,
1475 1257 1524 1290 ut
1554 1257 1727 1312 propte1
1746 1248 1809 1288 in-

387 1320 545 1361 slgnem
581 1306 836 1348 simultatem
871 1307 924 1347 ab
959 1322 1008 1348 ea
1041 1306 1234 1372 factione,
1266 1322 1363 1363 quae
1398 1306 1572 1347 adversa
1608 1305 1809 1361 Scipioni-

387 1362 467 1403 bus
493 1371 597 1414 erat,
630 1363 817 1405 delectus
847 1363 900 1405 sit
935 1363 1199 1428 potissimum
1229 1364 1283 1405 ad
1313 1363 1584 1427 quaestionem
1616 1375 1808 1403 exercen-

386 1418 509 1467 dam3
542 1427 727 1461 ceterum
748 1420 801 1461 ad
831 1420 945 1462 hunc
974 1420 1096 1462 nimis
1127 1436 1296 1476 aequum
1328 1429 1403 1462 aut
1432 1435 1626 1476 1n1quum
1654 1426 1808 1475 praeto-

387 1490 474 1516 rem
505 1491 600 1517 reus
629 1477 841 1540 extemplo
870 1477 1008 1520 factus
1033 1478 1085 1519 L.
1110 1477 1275 1534 Scipio;
1309 1476 1433 1518 simul
1462 1485 1504 1518 et
1525 1477 1664 1518 delata
1683 1483 1726 1517 et
1746 1491 1809 1516 re-

387 1541 509 1589 cepta
538 1548 707 1575 nomlna
736 1534 970 1590 legatomm
1001 1535 1106 1592 ejus,
1138 1536 1194 1575 A.
1224 1542 1265 1576 et
1295 1534 1344 1575 L
1368 1533 1649 1575 Hostiliorum
1682 1534 1807 1574 Cato-

388 1604 505 1640 num,
537 1599 578 1631 et
611 1591 658 1632 C.
682 1591 803 1632 Furii
834 1591 1063 1633 Aculeonis
1093 1592 1339 1648 quaestoris:
1374 1600 1430 1641 et,
1462 1599 1511 1632 ut
1543 1590 1682 1632 onmia
1712 1604 1808 1631 con-

388 1654 500 1688 tacta
530 1648 725 1689 societate
754 1648 974 1704 peculatus
994 1649 1252 1700 viderentur,
1275 1648 1421 1690 scribae
1452 1664 1622 1704 quoque
1649 1647 1736 1689 duo
1765 1654 1806 1687 et

388 1717 594 1745 accensus.
657 1705 708 1745 L.
731 1705 958 1757 Hostilius,
983 1714 1024 1748 et
1055 1706 1217 1756 scribae,
1245 1718 1287 1747 et
1323 1721 1533 1756 accensus,
1561 1718 1807 1768 prlusquam

388 1760 440 1801 de
478 1761 670 1817 Scipione
698 1761 908 1818 judicium
943 1763 1076 1813 fieret,
1109 1762 1290 1804 absoluti
1327 1771 1448 1803 sunt:
1486 1761 1643 1816 Scipio,
1674 1770 1716 1802 et
1747 1762 1805 1801 A.

175 1823 349 1854 Damnatur
391 1818 599 1859 Hostilius
634 1818 812 1874 legatus,
849 1827 890 1860 et
927 1819 974 1860 C.
998 1819 1157 1860 Fmius
1189 1819 1397 1860 damnati:
1443 1820 1532 1866 Quo
1567 1819 1808 1858 εωηνηοᾱίω

173 1865 210 1897 Ῑ·
227 1865 342 1908 Scipio.
380 1888 470 1927 pax
486 1875 688 1915 Antiocho
703 1876 886 1926 daretur,
902 1877 1131 1931 Scipionem
1149 1876 1259 1917 ⁹⁸sex
1278 1877 1412 1918 millia
1432 1876 1568 1940 pondo
1582 1876 1689 1922 auri,
1707 1888 1807 1929 qua-

386 1933 606 1986 dringenta
635 1934 842 1987 octoginta
869 1935 1033 1989 argenti
1053 1936 1150 1988 plus
1170 1935 1382 1988 accepisse,
1403 1948 1519 1988 quam
1551 1933 1596 1972 in
1615 1935 1809 1973 a’rarium

386 1990 591 2030 retulerit.-
624 1990 675 2030 A.
697 1990 924 2032 Hostilium
944 1991 1192 2046 &octoginta
1213 1993 1353 2072 pondo
1382 1992 1492 2042 auri,
1513 1991 1678 2045 argenti
1706 2004 1808 2044 qua-

385 2048 603 2101 dringenta
633 2048 740 2088 tria.-
772 2048 940 2089 Furium
971 2056 1206 2103 quaestorem
1235 2048 1353 2089 ¹·awi
1379 2049 1520 2103 pondo
1548 2054 1701 2089 centum
1728 2053 1770 2088 ί)
1771 2062 1806 2087 1-

380 2105 519 2158 ginta,
547 2106 712 2159 argenti
741 2106 943 2146 ducenta&
1005 2108 1097 2147 Has
1126 2121 1204 2162 ego
1235 2121 1416 2148 summas
1445 2105 1537 2146 auri
1568 2113 1609 2146 et
1641 2104 1804 2166 argenti

386 2161 536 2203 relatas
565 2161 680 2217 apud
712 2163 931 2204 Antiatem
961 2164 1112 2205 inveni.
1145 2179 1187 2204 in
1218 2164 1270 2204 L.
1296 2163 1487 2220 Scipione
1519 2161 1660 2203 malim
1688 2159 1805 2216 equi-

428 2263 445 2280 Χ
459 2267 583 2302 rogasset
601 2260 693 2292 Crev.
780 2266 794 2289 y
812 2264 880 2292 auri
892 2270 1009 2294 (cutum
1023 2264 1160 2305 triginta,
1175 2266 1290 2306 argenti
1304 2265 1431 2294 ducenta
1443 2263 1537 2302 pondo
1552 2262 1650 2293 Gron.
1665 2260 1757 2291 Crev.

429 2356 634 2387 96⁸·Accessio
656 2357 790 2398 invidia]
814 2356 923 2388 Altera
945 2357 1070 2389 victima
1114 2358 1172 2394 ria,
1215 2357 1337 2389 dedisse
1376 2358 1522 2393 mulsum,
1561 2361 1614 2385 aut
1656 2354 1800 2396 triumphi

387 2397 538 2429 invidiae'
531 2409 562 2429 in
579 2400 617 2430 Ρ.
630 2399 804 2447 Scipionem
820 2400 1000 2439 concitatae3
1024 2410 1070 2432 se·
1114 2401 1268 2433 imitatum
1282 2400 1500 2432 liberalitatem
1514 2404 1545 2431 et
1563 2396 1730 2439 imaginem
1745 2397 1802 2429 hoe

387 2441 488 2473 cundo
509 2442 576 2473 loco
597 2441 737 2483 objectus
758 2442 894 2480 invidie,
909 2454 971 2485 qua
993 2444 1073 2485 prior
1115 2444 1233 2476 fecisse.

388 2485 427 2515 P.
440 2484 544 2526 Scipio
558 2485 774 2526 conflagrarat.
1158 2489 1199 2519 98
1231 2487 1285 2518 Sex
1309 2487 1405 2518 millia
1428 2486 1520 2525 pondo
1547 2484 1632 2526 anri]
1675 2485 1803 2515 Mai-cas

427 2528 469 2558 97
495 2527 627 2558 Mulsum
650 2531 806 2567 prosecutis
822 2528 923 2570 sunus
945 2531 1069 2571 dedisse]
1113 2531 1209 2562 9375.
1244 2532 1461 2572 quadringenta
1492 2529 1639 2570 octoginta
1666 2529 1799 2570 argenti:

387 2570 529 2601 Mulsum
544 2575 591 2602 est
606 2570 688 2613 potio
702 2582 739 2602 ex
755 2571 827 2602 vino
840 2578 870 2602 et
887 2573 977 2603 melle
995 2579 1069 2604 tem-
1116 2583 1235 2604 marcas
1253 2574 1326 2604 750.

387 2619 506 2653 perata,
520 2623 589 2655 quse
613 2613 693 2662 apud
720 2619 834 2645 veteres
857 2620 923 2645 ciat
947 2615 976 2645 in
993 2615 1070 2645 deli-
1157 2617 1199 2647 99
1235 2616 1389 2656 Octoginta
1423 2616 1516 2653 pondo
1550 2614 1634 2654 anri]
1676 2614 1801 2644 Marcas

387 2657 544 2687 c11s.130
570 2656 684 2688 milites
713 2657 742 2687 in
771 2657 924 2698 tiiumplio
950 2659 988 2687 nb
1015 2658 1069 2688 im
1119 2661 1186 2689 125.
1213 2659 1564 2698 Argentiqmnlringcntn
1580 2660 1648 2688 tria.
1673 2656 1801 2687 Marcas

388 2709 449 2738 pei·-
444 2704 526 2730 itere
569 2698 774 2735 donabantur
812 2706 843 2730 ut
887 2701 995 2741 luebat
1033 2711 1070 2731 cx
1115 2703 1187 2732 629.
1203 2700 1310 2731 uncias
1324 2703 1353 2731 5.
1370 2701 1558 2732 semunciam
1578 2702 1605 2731 1.

387 2741 500 2773 Plauto
529 2743 692 2774 'lurnebus
721 2743 850 2773 Adveis.
877 2743 897 2774 l.
922 2744 1012 2773 XIV.
1043 2755 1068 2773 c.
1162 2745 1173 2773 l
1209 2745 1287 2774 Auri
1331 2745 1457 2782 (pondu)
1496 2751 1609 2775 centnm
1657 2742 1798 2783 triginta]

393 2784 438 2813 Η.
487 2785 533 2815 lta
557 2796 593 2816 eo
615 2785 757 2827 exemplo
780 2790 809 2817 et
832 2796 912 2817 moie
938 2792 1002 2816 tum
1022 2786 1068 2817 Li-
1118 2789 1242 2818 Marem
1257 2788 1330 2817 2¹⁴3.
1348 2787 1467 2817 unciam
1491 2789 1514 2817 Ι.
1533 2788 1656 2828 Argenti
1673 2787 1796 2817 ducenta

387 2827 454 2856 vius
484 2828 637 2865 significat
664 2828 844 2860 Culleonem
876 2830 906 2859 in
944 2829 1070 2859 Urit-ani
1115 2833 1216 2871 pundo.
1242 2831 1365 2861 Manen:
1382 2831 1452 2861 31⁴2.
1471 2829 1574 2862 uncias
1591 2831 1619 2861 4.

389 2869 504 2905 sunt-ie.
529 2878 673 2903 imos-ata
699 2871 842 2914 triumphi
866 2873 931 2914 ejus
958 2882 1071 2904 memo-
