1947 3222
524 128 648 165 LIB.
678 124 918 163 XXXVIII.
961 127 1092 164 CAP.
1121 128 1233 166 xlv.
1512 135 1587 170 349

171 236 239 276 eui
279 236 433 278 fecerat
472 250 619 277 nomen
655 234 804 284 Indus,
837 234 890 275 ab
920 234 1160 290 elephantoz
1194 237 1392 292 dejectus.
1454 240 1586 281 Haud
1602 254 1642 286 u,
1656 255 1692 285 c,
1706 255 1778 286 563.

172 293 319 348 procul
348 308 374 334 a
403 293 560 348 Cibyra
587 292 783 333 aberant:
826 306 901 332 nec
930 290 1084 346 legatio
1114 291 1201 333 ulla
1227 308 1251 334 a
1279 293 1490 350 Moagete,
1522 305 1587 353 ty-
1598 297 1692 328 A·C·
1709 299 1780 328 189.

174 365 305 390 ranno
336 349 514 390 civitatis
546 349 651 405 ejus,
682 347 848 388 homine
882 347 935 389 ad
966 347 1105 389 omnia
1134 348 1263 390 infido
1292 358 1419 406 atque
1450 352 1587 409 inpor-
1598 341 1762 413 {uoalgreltgs

176 415 292 456 tuno,
315 407 517 446 veniebat.
578 405 652 446 Ad
683 405 931 446 tentandum
962 406 1052 461 ejus
1083 405 1269 446 animum
1298 407 1344 446 C.
1369 394 1779 461 Helviumfflffiighaifi-

173 477 268 504 cum
290 470 472 519 quatuor
494 461 678 503 millibus
708 461 898 517 peditum
921 470 961 503 et
983 462 1224 518 quingentis
1245 463 1472 519 equitibus,
1495 482 1589 508 con-
1600 474 1648 498 tus
1664 479 1683 515 ²}
1698 469 1763 499 Ro-

174 519 238 560 sul
267 518 497 575 praemittit.
562 519 677 560 Huic
708 519 878 574 agmini,
907 520 996 575 jam
1028 519 1130 560 fines
1164 520 1431 575 ingredienti,
1463 522 1710 576 legatimams.

174 576 463 625 obcurrerunt,
495 577 753 626 nunciantes,
785 584 979 632 paratum
1012 591 1098 617 esse
1130 584 1356 633 tyrannum
1389 577 1592 634 imperata

173 633 318 673 facere.
350 633 540 683 orabant,
566 641 614 674 ut
646 641 820 689 pacatus
850 634 952 674 fines
981 633 1119 683 iniret,
1141 633 1436 690 cohiberetque
1466 651 1491 676 a
1519 651 1592 692 po-

171 688 386 745 pulatione
418 691 507 746 agri
549 690 734 731 militem.
778 690 810 714 ⁵⁰
823 698 883 731 eta
918 706 1111 732 coronam
1150 706 1317 732 auream
1353 691 1590 747 quindecim

172 745 404 787 talentumb
452 747 709 788 adferebant.
770 747 966 797 Helvius,
1016 747 1199 803 integros
1249 763 1274 788 a
1321 749 1592 804 populatione

170 817 292 858 agros
317 812 579 845 servaturum
611 804 835 860 pollicitus,
858 804 916 845 ire
944 805 998 845 ad
1027 804 1237 846 consulem
1268 805 1428 861 legatos
1451 807 1591 862 jussit.

178 859 335 915 quibus
365 861 508 902 eadem
541 861 832 911 referentibus,
864 861 1022 912 consul,
1051 862 1190 916 Neque
1217 863 1410 913 Romani,
1439 862 1591 919 inquit,

174 917 288 956 bonae
309 919 529 959 voluntatis
559 920 679 958 ullum
709 920 863 972 signum
888 934 986 973 erga
1017 933 1086 959 nos
1113 920 1283 974 tyranni
1311 919 1519 961 lzabemzcs:
1555 928 1593 962 et

178 975 307 1027 ipsum
327 977 447 1016 talem
470 990 549 1016 esse
579 977 686 1016 inter
706 990 836 1016 omnes
864 983 1034 1025 constat,
1056 983 1100 1017 ut
1118 979 1167 1016 de
1188 991 1314 1029 poemz
1336 976 1417 1030 ejus
1448 980 1590 1032 magis,

176 1046 291 1085 quam
315 1034 363 1072 de
383 1033 581 1083 amicitia,
599 1033 712 1073 nobis
730 1033 984 1087 cogitandum
1005 1033 1070 1073 sit.
1131 1034 1373 1075 Perturbati
1394 1034 1471 1075 hac
1492 1051 1592 1076 voce

175 1088 301 1144 legati
323 1089 426 1130 nihil
454 1090 570 1131 aliud
600 1098 755 1146 petere,
777 1105 904 1145 quam
926 1098 974 1131 ut
1004 1105 1196 1131 coronam
1217 1090 1446 1146 acciperet3
1479 1093 1593 1133 veni-

173 1145 355 1201 endique
376 1146 431 1187 ad
460 1162 555 1187 eum
586 1154 836 1203 potestatem
857 1155 1051 1202 tyranno,
1073 1155 1114 1188 et
1135 1147 1295 1202 copiam
1324 1147 1524 1203 loquendi
1545 1164 1592 1189 ac

172 1203 382 1258 purgandi
405 1219 461 1253 se,
482 1203 649 1245 faceret.
713 1203 922 1244 Permissu
950 1203 1129 1244 consulis
1159 1212 1326 1259 postero
1347 1204 1413 1245 die
1443 1205 1485 1247 in
1507 1221 1592 1246 cas-

174 1268 240 1300 tra
274 1268 478 1315 tyrannus
514 1260 652 1308 venit;
696 1260 871 1302 vestitus
904 1261 1211 1316 comitatusque
1243 1261 1314 1301 vix
1349 1261 1403 1302 ad
1437 1262 1590 1318 privati

345 1353 363 1370 Ζ
378 1350 526 1390 elephante
542 1350 639 1381 Gron.
657 1350 747 1381 Crev.
834 1353 849 1369 ²
866 1355 892 1379 et
909 1351 937 1379 in
954 1361 979 1379 c.
998 1348 1084 1380 Eaed.
1171 1349 1187 1372 b
1205 1350 1313 1380 talenta
1331 1349 1420 1381 Eaed.

216 1428 257 1457 50
282 1427 322 1457 Et
349 1430 382 1457 z‘n
414 1439 546 1458 coronam
583 1439 704 1457 ‹zurfflm
739 1428 860 1467 quinde-

905 1431 953 1456 tur
978 1425 1152 1467 imperanti.
1198 1427 1309 1467 Itaque
1334 1426 1484 1467 Polybius
1510 1427 1593 1468 apud

174 1470 232 1499 cim
276 1471 402 1511 talenta]
452 1471 612 1511 Polybius,
657 1471 769 1510 Legat.
810 1470 862 1500 30.
1238 1469 1243 1474 '

906 1469 1050 1499 eumdem
1073 1468 1212 1505 Sumam,
1236 1480 1268 1499 ln
1291 1479 1365 1499 voce
1387 1470 1527 1503 Σιτακτῆ,
1546 1480 1593 1500 re-

175 1511 254 1542 hanc
279 1513 420 1543 eamdem
444 1524 507 1543 rem
535 1513 578 1543 sic
604 1512 756 1553 exprimit,
773 1512 864 1552 ςέφα-

175 1568 215 1585 νον
235 1556 295 1586 d-m}
316 1555 526 1587 πεντεκαίδεκα
550 1556 716 1590 ταλάντων,
733 1567 865 1586 coronam

177 1608 209 1628 ex
250 1601 413 1639 quindecim
458 1601 583 1630 talentis.
636 1598 717 1629 Fieri
760 1604 864 1628 tamen

178 1641 303 1672 omnino
327 1653 387 1673 non
409 1647 519 1684 potest,
543 1648 575 1672 ut
602 1642 650 1672 vel
674 1641 790 1677 Livius,
815 1641 864 1672 vel

180 1684 274 1715 etiam
302 1685 461 1727 Polybius,
486 1684 693 1716 intellexerint
720 1694 864 1715 coronam

177 1736 195 1756 e
224 1727 400 1769 quindecim
436 1728 561 1759 talentis
595 1728 698 1769 pondo
726 1727 803 1764 auri,
833 1727 865 1758 id

176 1775 234 1805 est,
258 1771 371 1802 marcis
393 1771 458 1801 auri
482 1771 668 1802 nostratibus
693 1771 784 1801 1406.
808 1781 864 1800 un-

176 1811 233 1843 ciis
250 1815 281 1844 2.
304 1814 387 1855 quod
415 1820 496 1845 esset
521 1813 655 1844 immane
679 1819 710 1844 et
734 1813 865 1855 pretium

177 1861 208 1885 et
230 1856 361 1898 pondus.
407 1857 476 1888 Nec
492 1856 612 1888 videtur
627 1867 751 1898 quoque
772 1856 863 1887 intel-

179 1897 233 1939 ligi
256 1910 345 1941 posse
361 1910 472 1931 corona
497 1910 601 1935 aurea,
617 1910 685 1940 quae
709 1899 805 1941 pretio
821 1910 863 1930 ae-

180 1947 288 1982 quaret
316 1942 492 1984 quindecim
520 1942 638 1984 argenti
666 1942 795 1978 talenta,
826 1953 864 1972 ne

179 1984 300 2025 pondus
328 1995 458 2021 coronae,
486 1985 560 2015 licet
589 1985 655 2026 jam
683 1985 779 2015 multo
808 1984 864 2014 mi-

178 2037 248 2063 nus,
275 2033 379 2058 tamen
406 2028 449 2059 sic
477 2039 599 2069 quoque
625 2027 865 2058 verisimilitudi-

180 2080 252 2100 nem
289 2081 410 2101 omnem
446 2071 587 2102 excedat.
642 2071 748 2108 Quum
784 2070 866 2101 enim

181 2118 266 2150 tunc,
296 2118 330 2143 ut
357 2114 584 2144 observavimus
613 2113 653 2144 ad
683 2124 711 2144 c.
739 2114 787 2144 11.
814 2124 865 2143 su-

180 2166 247 2197 pra,
264 2156 418 2199 proportio
440 2156 506 2186 auri
526 2157 567 2187 ad
590 2161 751 2197 argentum
773 2156 866 2187 decu-

180 2198 234 2240 pla
262 2205 352 2234 esset,
382 2198 561 2241 quindecim
589 2199 707 2240 argenti
737 2199 865 2234 talenta,

180 2240 244 2272 sive
279 2243 368 2273 1400.
403 2252 529 2278 marcae,
558 2242 708 2282 neglectis
734 2241 770 2272 iis
798 2253 866 2283 quae

182 2291 357 2321 excurrunt,
385 2293 512 2326 aequant
546 2295 667 2316 marcas
695 2285 761 2315 auri
796 2286 868 2315 140.

185 2327 278 2359 Unde
307 2328 428 2359 etiamsi
458 2327 638 2359 detrahatur
666 2327 775 2358 mansis
800 2339 867 2370 pre-

184 2369 273 2407 tium,
301 2382 414 2402 corona
439 2370 495 2401 illa
522 2371 613 2412 longe
640 2376 797 2412 superaret
822 2376 864 2401 ta-

186 2421 257 2443 men
276 2419 399 2445 centum
423 2424 543 2445 marcas
566 2414 678 2455 pondo.
723 2413 817 2451 Quod
840 2419 871 2444 et

186 2464 241 2496 per
255 2466 287 2487 se
309 2468 417 2499 pamm
440 2456 586 2488 credibile
603 2463 666 2487 est:
691 2461 721 2487 et
743 2462 866 2498 praeter-

186 2506 225 2527 ea
252 2498 363 2530 falsum
391 2499 581 2531 convincitur
609 2510 648 2530 ex
675 2510 711 2530 eo
735 2498 819 2540 quod
847 2499 868 2529 1.

184 2539 344 2573 XXXIX.
358 2553 384 2573 c.
402 2544 431 2574 7.
454 2553 572 2574 coronae
593 2553 693 2573 aureae
709 2552 728 2572 a
745 2541 869 2572 Manlio

185 2580 217 2612 in
239 2582 389 2625 triumpho
411 2586 484 2617 latae
507 2586 651 2616 dicuntur
672 2585 764 2616 fuisse
788 2584 864 2616 duo-

185 2623 285 2655 decim
317 2627 428 2667 pondo.
472 2629 617 2670 Superest
644 2638 726 2669 ergo,
756 2633 791 2658 ut
817 2627 864 2658 in-

186 2667 361 2708 telligamus
389 2669 563 2711 quindecim
594 2671 714 2702 talenta.
746 2670 865 2711 argenti

186 2709 262 2740 data
274 2721 394 2742 coronae
408 2713 541 2745 nomine.
563 2715 602 2745 Et
618 2725 689 2745 vero
702 2723 740 2746 ex
757 2714 864 2750 Suida,

184 2751 218 2782 in
251 2763 325 2784 voce
359 2758 545 2795 Στεφανικὶν,
575 2763 702 2799 apparet
736 2766 863 2787 corona-

185 2804 254 2825 rum
275 2797 399 2828 nomine
417 2798 607 2830 intellectum
624 2810 690 2831 esse
712 2799 863 2840 quidquid

185 2847 247 2868 non
279 2849 317 2869 ex
351 2839 457 2870 tributi
488 2841 679 2879 necessitate,
707 2842 761 2873 sed
793 2847 862 2873 tan-

184 2890 279 2921 quam
302 2891 321 2912 a
336 2882 507 2915 volentibus
527 2884 661 2917 muneris
684 2885 751 2916 loco
774 2884 862 2916 dare-

906 1510 965 1542 fert
984 1511 1172 1542 Antiochum
1196 1522 1215 1542 a
1238 1512 1394 1542 Gerrhaeis
1415 1517 1594 1543 coronatum

907 1564 973 1585 esse
998 1554 1174 1596 quingentis
1199 1555 1317 1596 argenti
1346 1555 1481 1591 talentis,
1507 1555 1593 1586 mille

909 1597 1016 1633 thuris,
1042 1597 1182 1628 ducentis
1209 1602 1338 1628 stactes:
1369 1598 1421 1628 ubi
1448 1598 1592 1629 manifes-

909 1649 974 1670 tum
999 1645 1045 1671 est
1075 1651 1112 1671 ex
1141 1641 1228 1671 thure
1254 1646 1284 1671 et
1310 1646 1416 1677 stacte,
1438 1652 1508 1682 quae
1536 1641 1593 1672 mi-

909 1684 992 1714 nime
1014 1684 1047 1713 in
1069 1694 1198 1714 coronas
1219 1683 1358 1726 impendi
1386 1690 1525 1726 possunt,
1549 1696 1595 1715 co-

908 1733 1044 1757 ronatum
1071 1726 1147 1756 nihil
1173 1726 1255 1757 aliud
1279 1737 1355 1762 esse,
1371 1737 1466 1768 quam
1488 1739 1597 1758 corona:

908 1772 1021 1800 nomine
1055 1771 1205 1800 donatum.
1251 1770 1324 1800 Non
1362 1775 1466 1801 tamen
1502 1781 1597 1812 nega-

908 1823 977 1843 mus
999 1823 1085 1843 veras
1113 1823 1234 1854 quoque
1262 1823 1389 1844 coronas
1417 1813 1507 1844 datas
1532 1824 1598 1845 esse

908 1855 1142 1897 imperatoribus
1166 1854 1319 1886 Romanis
1342 1866 1360 1886 a
1382 1856 1545 1898 provinciis
1568 1862 1600 1888 et

908 1899 1041 1940 regibus,
1077 1909 1145 1941 qua·¹
1181 1899 1214 1929 in
1248 1898 1403 1940 triumpho
1437 1899 1597 1936 ferrentur,

909 1947 943 1972 ut
966 1942 1079 1984 passim
1102 1942 1134 1972 in
1153 1941 1409 1983 descriptionibus
1428 1943 1599 1984 triumpho-

910 1995 977 2014 rum
1004 1985 1095 2026 hujus
1118 1985 1177 2015 aevi
1201 1990 1348 2015 memorat
1369 1984 1486 2016 Livius.
1531 1986 1598 2016 No-

909 2027 1009 2058 vimus
1044 2038 1166 2069 quoque
1201 2032 1401 2058 memoratum
1439 2029 1598 2066 Juvenali,

910 2071 974 2100 Sat.
1003 2071 1044 2101 X.
1069 2082 1098 2101 v.
1126 2071 1180 2102 40.
1209 2080 1319 2100 coronoe
1348 2076 1463 2100 tantum
1492 2072 1596 2108 orbem,

909 2120 1016 2153 quanto
1051 2115 1145 2143 cervix
1180 2124 1237 2143 non
1274 2112 1382 2153 sufficit
1414 2114 1496 2143 ulla:
1536 2125 1598 2155 quo

909 2155 1020 2186 referre
1056 2156 1130 2187 licet
1160 2156 1319 2186 Donaticas
1351 2156 1435 2197 apud
1470 2157 1597 2188 Festum

910 2210 1036 2234 coronas,
1068 2210 1139 2240 quae
1169 2203 1267 2234 erant,
1297 2203 1332 2229 ut
1364 2198 1416 2229 ille
1451 2199 1596 2240 loquitur,

909 2252 995 2282 super
1017 2244 1132 2272 modum
1151 2248 1289 2282 aptarum
1307 2243 1459 2281 capitibus.
1508 2243 1598 2274 Unde

911 2290 942 2315 et
973 2295 1086 2316 corona
1118 2285 1318 2326 triumphanti
1353 2286 1549 2316 sustinebatur
1578 2299 1598 2317 a

912 2334 1002 2368 tergo,
1029 2333 1107 2359 teste
1136 2328 1248 2364 Plinio,
1273 2328 1295 2358 l.
1322 2328 1486 2358 XXXIII.
1515 2339 1541 2358 c.
1568 2331 1598 2361 1.

911 2368 1055 2402 manibus
1077 2370 1154 2402 servi
1177 2371 1304 2413 publici,
1327 2376 1363 2400 ut
1385 2369 1475 2401 docet
1500 2372 1596 2403 Juve-

912 2413 1003 2444 nalis.
1049 2414 1110 2444 Sed
1142 2414 1214 2444 hinc
1248 2413 1461 2444 tantummodo
1494 2415 1596 2455 sequi-

912 2461 971 2492 tur,
998 2461 1030 2487 et
1055 2467 1183 2488 coronas
1207 2456 1312 2498 magni
1340 2456 1493 2487 interdum
1519 2468 1595 2498 pon-

913 2498 1004 2534 deris,
1019 2505 1049 2530 et
1071 2510 1179 2530 aurum
1202 2509 1323 2532 coronae
1346 2498 1469 2530 nomine
1489 2509 1507 2529 a
1521 2500 1596 2530 civi--

913 2542 1028 2573 tatibus
1057 2541 1122 2572 dari
1151 2542 1250 2573 solita.
1294 2542 1399 2582 Atque
1428 2541 1484 2572 hoc
1512 2543 1594 2582 quod

908 2584 1050 2619 dicimus,
1084 2584 1186 2616 firmat
1223 2585 1286 2615 Dio
1322 2583 1405 2625 apud
1435 2584 1540 2615 vales.
1572 2586 1593 2616 l.

910 2628 1083 2658 LXXVII.
1111 2639 1142 2670 p.
1167 2629 1240 2659 745.
1270 2627 1472 2667 distinguens,
1500 2627 1593 2667 plane

908 2675 942 2701 ut
965 2671 1116 2707 volumus,
1134 2670 1168 2701 ‘rb
1193 2671 1248 2702 τῶν
1267 2669 1392 2710 §aeduam
1417 2669 1540 2707 ποίημα.
1562 2676 1593 2700 et

908 2713 943 2744 ‘rb
963 2714 1018 2744 ’νῦν
1033 2713 1198 2756 χρημάτων
1213 2715 1329 2746 πλῆθος
1346 2712 1400 2741 τᾶν
1416 2713 1461 2742 ἔτ’
1476 2711 1592 2751 ὀνόματι

906 2757 984 2787 αὖτῧ
996 2755 1146 2796 διδομένων.
1192 2758 1365 2796 Utrumque
1382 2755 1524 2785 veniebat
1536 2766 1591 2786 no-

906 2799 989 2831 mine
1023 2802 1093 2829 auri
1134 2800 1287 2834 coronarii,
1323 2796 1409 2836 cujus
1447 2798 1591 2839 frequens

907 2842 990 2884 apud
1011 2842 1172 2882 scriptores
1197 2840 1323 2871 mentio.
1366 2840 1438 2871 Vid.
1462 2841 1548 2883 Lips.
1569 2842 1590 2872 l.

909 2885 955 2916 ΙΙ.
971 2885 1009 2917 de
1024 2883 1244 2924 Magnitudine
1260 2884 1354 2915 Rom.
1368 2893 1395 2915 c.
1411 2884 1442 2914 9.
