1947 3222
363 537 713 592 EPITOME
753 539 972 592 LIBRI
1011 539 1263 592 XXXII.

122 828 479 881 COMPLURA
505 839 703 893 prodigia
734 852 782 878 ex
802 838 971 879 diversis
996 837 1224 891 regionibus
1253 837 1448 878 nunciata
1477 851 1539 878 re-

102 895 324 949 feruntur:
357 897 464 937 inter
484 910 585 950 quae,
610 895 923 936 in.Macedonia
946 895 989 934 in
1005 895 1143 947 puppi
1161 896 1295 948 longae
1313 895 1430 935 navis
1449 895 1539 935 lau-

117 967 228 993 ream
259 968 338 994 esse
367 959 519 993 natam.
584 952 631 992 T.
658 951 872 1000 Quinctius
899 952 1159 995 Flamininus
1187 952 1323 991 consul
1351 953 1540 993 adversus

119 1011 363 1064 Philippum
378 1011 569 1065 feliciter
589 1010 795 1063 pugnavit
826 1009 869 1048 in
882 1008 1080 1062 faucibus
1107 1008 1250 1061 Epiri,
1265 1008 1541 1062 fligatumque

119 1069 249 1122 coe'git
279 1069 322 1108 in
352 1081 515 1121 regnum
549 1067 713 1107 reverti.
774 1066 867 1119 Ipse
902 1065 1168 1110 Thessaliam,
1199 1078 1288 1118 quae
1317 1071 1375 1106 est
1404 1066 1540 1106 vicina

119 1125 391 1173 Macedoniae,
413 1125 531 1165 sociis
551 1123 706 1164 AEtolis
725 1129 764 1164 et
785 1123 1090 1171 Athamanihus,
1108 1123 1283 1164 vexavit.
1317 1123 1368 1162 L.
1390 1123 1541 1170 Quinc-

116 1183 198 1222 tius
219 1182 476 1223 Flamininus
504 1182 676 1222 consulis
687 1181 851 1234 frater,
875 1180 1019 1221 Attalo
1048 1194 1142 1234 rege
1161 1186 1199 1220 et
1220 1179 1397 1221 Rhodiis
1424 1178 1540 1232 adju-

117 1238 316 1287 vantibus,
339 1237 353 1261 ¹
366 1240 409 1278 in
431 1238 626 1279 Euboeam
647 1244 685 1279 et
709 1238 953 1278 maritimam
973 1252 1084 1278 oram
1104 1237 1306 1292 trajectus,
1329 1237 1540 1280 Eretriam

117 1297 377 1351 expugnavit.
417 1296 564 1337 'Achaez'
584 1297 628 1336 in
649 1296 870 1336 amicitiam
891 1295 1038 1348 recepti
1057 1302 1161 1336 sunt.
1201 1293 1440 1347 Conjuratio,
1458 1309 1540 1337 ser-

118 1367 265 1402 vorum,
287 1354 414 1407 facta
450 1355 499 1393 de
532 1354 732 1394 solvendis
760 1352 1167 1407 Karthaginiensium
1202 1351 1413 1400 obsidibus,
1445 1350 1540 1391 2οό-

109 1425 254 1464 pressa
283 1417 339 1452 est
346 1434 360 1457 ‚·
394 1412 472 1451 duo
502 1411 633 1451 millia
663 1410 799 1451 necati
825 1416 928 1451 sunt.
994 1410 1220 1450 Praetorum
1251 1422 1431 1450 numerus
1460 1422 1542 1449 am-

110 1469 271 1521 pliatus
304 1474 374 1516 est,
411 1474 455 1508 ut
490 1469 578 1509 seni
615 1473 864 1508 crearentur.
928 1467 1139 1508 Cornelius
1175 1466 1369 1519 Cethegus
1407 1465 1542 1505 consul

122 1524 269 1566 Gallos
290 1525 475 1566 Insubres
488 1525 639 1577 proelio
649 1524 784 1578 fudit.
847 1524 943 1564 Cum
965 1523 1288 1563 Lacedaemoniis
1307 1529 1346 1562 et
1366 1528 1542 1576 tyranno

120 1596 252 1622 eorum
275 1582 440 1622 Nabide
467 1582 653 1622 amicitia
669 1580 819 1634 juncta
851 1587 919 1621 est.
980 1581 1192 1620 Praeterea
1222 1580 1542 1633 expugnationes

119 1639 275 1680 urbium
298 1640 342 1679 in
363 1638 612 1680 Macedonia
631 1638 876 1692 refiruntur.

168 1753 183 1782 l
209 1752 319 1783 Navali
349 1752 420 1782 bello
443 1774 452 1782 .
475 1775 484 1782 .
508 1774 517 1782 .

122 1797 300 1826 maritimam
342 1806 422 1825 oram
463 1797 613 1835 trajectus,
660 1794 809 1824 Eretriam

122 1838 315 1879 expugnavit]
361 1837 493 1878 Vulgati
528 1837 664 1868 habent:
710 1837 810 1867 navali

120 1882 226 1920 praelio
248 1904 256 1912 .
281 1903 289 1911 .
314 1881 452 1911 Euboeam
477 1887 504 1911 et
530 1882 708 1910 maritimam
730 1891 810 1910 oram

123 1927 208 1964 cepit.
252 1923 315 1955 Sed
350 1923 448 1965 primo
483 1923 604 1955 nullum
639 1923 697 1954 boc
731 1923 810 1954 libro

546 1753 577 1782 in
607 1751 743 1782 Euboeam
781 1759 809 1781 et
852 1749 982 1788 Quintio
1015 1748 1113 1792 captis
1146 1748 1330 1785 nominetur,
1366 1759 1420 1779 cur
1453 1749 1540 1780 nulla

852 1793 886 1823 fit
920 1791 1045 1824 alten‘us
1077 1792 1214 1823 mentio?
1245 1792 1320 1822 Non
1352 1801 1538 1834 magnopere

852 1845 1103 1878 repugnaremus,
1130 1834 1156 1865 si
1183 1834 1252 1876 quis
1278 1834 1446 1876 legendum
1474 1845 1541 1865 esse

852 1879 1010 1910 crederet:
1047 1880 1081 1909 in
1112 1878 1252 1908 Euboeam
1284 1881 1434 1917 trajectus,
1465 1877 1538 1908 Ere-

852 1924 940 1953 triam
954 1928 982 1952 et
999 1922 1156 1962 Carystum
1171 1922 1256 1960 cepit.

123 1972 309 1999 memoratur
331 1966 441 1997 navale
462 1966 602 2008 praelium
626 1967 662 1996 L.
678 1965 811 2002 Quintii.

125 2010 252 2041 Deinde
281 2020 343 2040 nou
365 2009 520 2040 Euboeam
554 2009 606 2040 ille
634 2008 728 2050 cepit,
756 2008 811 2039 sed

123 2053 203 2086 duas
227 2057 349 2085 tantum
372 2053 502 2083 Euboeae
527 2052 629 2086 urbes,
657 2051 810 2082 Eretriam

123 2103 155 2127 et
178 2096 356 2138 Carystum.
401 2094 474 2125 Vid.
497 2095 577 2125 infra
598 2105 688 2136 capp.
706 2095 756 2125 16.
780 2100 811 2125 et

128 2139 176 2170 17.
211 2139 259 2170 Ea
279 2137 369 2169 lectio
384 2148 478 2179 quam
493 2137 685 2176 admisimus,
698 2137 812 2168 hausta

125 2187 172 2213 est
196 2192 214 2213 e
237 2181 394 2212 codicibus
423 2191 441 2211 a
469 2180 625 2211 Gronovio
653 2179 810 2222 inspectis.

126 2224 194 2255 Etsi
213 2234 253 2255 ne
275 2224 318 2255 sic
341 2223 467 2265 quidem
490 2223 616 2254 fortasse
638 2222 724 2254 locus
744 2233 808 2253 om-

124 2266 197 2298 nino
219 2277 314 2298 sanus
327 2271 384 2298 est.
429 2265 604 2297 Offendunt
625 2266 708 2296 enim
723 2265 766 2297 τὰ
780 2267 810 2296 in

126 2310 264 2342 Euboeam
298 2316 325 2341 et
366 2311 543 2340 maritimam
579 2320 669 2339 oram.
725 2309 810 2339 Prae-

124 2357 219 2391 terea,
253 2363 347 2395 quum
384 2362 449 2384 una
485 2362 524 2383 ex
558 2351 685 2383 urbibus
721 2361 740 2382 a
772 2352 810 2384 L.

895 1967 914 1995 2
940 1965 1080 2004 Oppressa
1094 1965 1149 2005 est]
1177 1965 1250 1994 Post
1272 1962 1338 1993 haec
1358 1962 1452 1993 verba
1466 1963 1539 1994 MS.

854 2007 965 2043 Delrii,
988 2017 1068 2038 unus
1089 2017 1128 2037 ex
1152 2005 1284 2038 Hearnii
1307 2005 1397 2037 codd.
1417 2010 1449 2036 et
1471 2005 1538 2035 An-

853 2051 943 2082 dreas
967 2050 1102 2080 addunt:
1129 2050 1198 2080 Duo
1223 2049 1317 2079 millia
1342 2050 1436 2078 necati
1459 2055 1539 2078 sunt.

855 2094 923 2124 Nec
946 2093 1034 2123 aliter
1055 2093 1246 2134 Campanus,
1261 2090 1320 2121 nisi
1340 2090 1423 2132 quod
1445 2089 1540 2121 habet

853 2145 966 2167 necata.
1012 2135 1105 2172 Quod
1129 2134 1374 2165 additamentum
1399 2132 1456 2164 etsi
1478 2144 1539 2164 uon

855 2177 1007 2210 consentit
1033 2189 1104 2209 cum
1131 2177 1217 2208 Livio
1243 2176 1322 2207 infra
1342 2186 1370 2206 c.
1394 2177 1446 2207 26.
1477 2187 1539 2207 non

853 2221 922 2253 ideo
936 2221 1038 2252 minus
1054 2221 1092 2251 ab
1112 2226 1235 2251 auctore
1256 2219 1471 2261 epitomarum‚
1485 2219 1539 2260 qui

852 2264 1007 2296 interdum
1017 2262 1173 2294 discedere
1189 2273 1208 2293 a
1223 2262 1311 2293 Livio
1328 2272 1390 2292 nou
1405 2266 1538 2297 veretur,

853 2307 953 2350 potuit
966 2306 1127 2349 proficisci,
1141 2315 1198 2337 nec
1216 2304 1345 2348 proinde
1359 2304 1391 2335 in
1405 2304 1539 2346 vulgatis

852 2350 1038 2384 editionibus
1051 2348 1150 2381 omitti
1163 2349 1323 2380 debuerat.
