1947 3222
192 206 233 282 5²5³

245 209 265 280 ι-οι

288 209 319 281 >¹9

351 89 399 129 78
882 82 1024 122 ΤΙΤΙ
1070 81 1240 122 LIVII

350 193 477 234 aciem
513 192 769 244 eduxissent,
800 201 998 235 neutrum
1033 193 1082 234 iis
1112 208 1240 234 cornu
1276 192 1534 234 committere
1569 192 1673 243 ausi,
1702 208 1767 243 ne,

350 249 383 290 si
403 249 500 290 dolo
519 249 747 301 cessissent,
769 265 855 291 rem
886 258 1018 291 totam
1048 250 1308 300 inclinarent,
1330 257 1425 306 post
1456 249 1574 305 signa
1602 249 1644 290 in
1673 250 1770 291 sub-

349 305 465 348 sidiis
484 322 552 347 eos
583 306 836 348 locaverunt.
899 307 1056 348 Consul
1085 306 1289 363 principio
1318 321 1474 364 pugnae
1495 305 1611 347 vovit
1635 305 1768 347 aedem

349 363 528 419 Sospitae
548 364 579 403 J
583 363 724 414 unoni,
747 364 780 405 si
811 379 859 404 eo
885 362 952 403 die
982 363 1121 404 hostes
1149 363 1232 404 fusi
1263 364 1486 419 fugatique
1516 370 1664 404 essent.
1724 364 1769 403 A

345 419 551 461 militibus
580 419 735 461 clamor
765 420 970 468 sublatus,
992 427 1225 475 compotem
1255 420 1342 461 voti
1372 419 1581 460 consulem
1614 434 1655 460 se
1685 419 1769 460 fac-

344 484 478 526 turos,
501 485 543 527 et
572 475 739 532 inpetus
768 476 810 516 in
840 476 979 516 hostes
1000 484 1062 517 est
1091 476 1243 517 factus.
1302 477 1399 517 Non
1432 476 1621 518 tulerunt
1645 477 1768 517 Insu-

341 532 440 574 bres
465 533 648 588 primum
669 547 930 573 concursum.
961 531 1133 588 quidam
1155 541 1197 573 et
1226 549 1251 574 a
1272 533 1533 583 Cenomanis,
1556 541 1674 588 terga
1702 547 1768 574 re-

345 598 471 655 pente
500 589 543 630 in
579 589 668 645 ipso
695 589 919 630 certamine
951 589 1171 645 adgressis,
1193 590 1424 632 tumultum
1455 589 1677 646 ancipitem
1708 589 1770 630 in-

338 654 502 702 jectum
531 654 722 687 auctores
752 654 864 696 sunt,
886 661 1077 701 caesaque
1106 646 1148 686 in
1178 647 1315 688 medio
1335 648 1523 703 quinque
1547 655 1588 688 et
1619 645 1768 701 trigin-

343 711 390 744 ta
419 702 548 744 millia
576 702 774 754 hostium,
795 703 985 758 quinque
1014 702 1143 743 millia
1162 712 1203 744 et
1234 703 1516 759 septingentos
1537 703 1653 745 vivos
1674 719 1768 759 cap-

342 767 431 800 tos:
462 760 507 800 in
538 759 587 799 iis
615 758 939 801 2⁷Hamilcarem
972 761 1200 800 Poenorum
1228 759 1536 816 imperatorem,
1564 760 1638 815 qui
1668 760 1766 801 belli

343 831 488 857 caussa
516 815 688 857 fuisset:
722 816 840 870 signa
869 816 1065 857 militaria
1095 824 1263 857 centum
1293 816 1481 871 triginta,
1501 825 1544 857 et
1568 825 1765 873 carpenta

342 887 471 928 supra
505 872 697 914 ducenta.
756 872 982 929 ²⁸Oppida,
1013 888 1110 929 quae
1146 872 1419 914 defectionem
1455 881 1598 914 secuta
1629 881 1764 924 erant,

339 928 597 971 dediderunt
619 944 661 970 se
684 930 898 971 Romanis.

401 986 589 1029 XXXI.
624 985 842 1028 Minucius
876 986 1021 1028 consul
1061 987 1198 1043 primo
1234 987 1378 1028 effusis
1417 985 1764 1044 populationibus

338 1051 635 1099 peragraverat
667 1043 769 1084 fines
792 1043 1014 1085 Boiorum:
1047 1043 1212 1093 deinde,
1234 1052 1298 1094 ut,
1320 1043 1474 1085 relictis
1496 1043 1763 1093 Insubribus,

338 1099 394 1140 ad
425 1115 501 1141 sua
530 1100 689 1141 tuenda
718 1110 956 1157 receperant
989 1117 1089 1150 sese,
1111 1100 1255 1142 castris
1285 1116 1327 1142 se
1356 1101 1507 1151 tenuit,
1529 1101 1616 1142 acie
1640 1100 1764 1141 dimi-

337 1157 519 1198 candum
542 1172 638 1198 cum
667 1158 786 1198 hoste
806 1166 934 1199 ratus.
997 1159 1085 1199 Nec
1107 1157 1201 1198 Boii
1231 1157 1530 1199 detrectassent
1558 1172 1760 1213 pugnam,

337 1214 409 1254 nie
429 1214 542 1255 fama
570 1213 702 1255 victos
734 1215 934 1256 Insubres
964 1215 1105 1258 adlata
1138 1215 1296 1256 animos
1326 1215 1530 1270 fregisset.
1593 1215 1760 1272 Itaque,

337 1269 484 1312 relicto
504 1271 612 1314 duce
641 1271 885 1327 castrisque,
905 1271 1096 1328 dissipati
1124 1287 1200 1328 per
1226 1271 1352 1322 vicos,
1374 1272 1491 1317 ²9sua
1510 1279 1560 1313 ut
1579 1271 1760 1327 quisque

337 1327 626 1378 defenderent,
646 1329 851 1371 rationem
880 1329 1050 1384 gerendi
1080 1328 1179 1370 belli
1208 1328 1317 1370 hosti
1348 1336 1578 1371 mutarunt.
1609 1328 1762 1369 omissa

335 1383 447 1425 enim
484 1400 556 1441 spe
590 1400 666 1441 per
701 1400 825 1426 unam
859 1385 1166 1428 dimicationem
1200 1385 1259 1427 rei
1292 1385 1579 1435 decernendae,
1615 1399 1760 1426 rursus

335 1441 531 1497 populari
563 1457 700 1497 agros,
731 1449 773 1482 et
804 1457 926 1483 urere
959 1450 1083 1491 tecta,
1112 1442 1306 1497 vicosque
1341 1457 1583 1499 expugnare
1618 1441 1757 1498 coepit.

334 1497 421 1538 Per
452 1498 617 1540 eosdem
651 1498 738 1540 dies
771 1498 1021 1540 Clastidium
1057 1500 1281 1540 incensum.
1313 1498 1410 1540 inde
1439 1500 1483 1540 in
1514 1498 1758 1554 Ligustinos

339 1554 509 1605 Ilvates,
530 1555 607 1611 qui
638 1555 713 1596 soli
737 1570 821 1596 non
849 1556 1068 1612 parebant,
1090 1555 1271 1611 legiones
1288 1555 1442 1597 ductae.
1506 1555 1569 1596 Ea
1590 1570 1758 1611 quoque

333 1626 458 1667 gens,¹
483 1620 531 1653 ut
566 1613 764 1653 Insubres
799 1612 884 1653 acie
919 1613 1065 1663 victos,
1099 1613 1238 1662 Boios,
1268 1613 1330 1654 ita
1361 1621 1412 1654 ut
1447 1621 1608 1654 tentare
1641 1627 1758 1668 spem

335 1668 571 1710 certaminis
603 1677 854 1718 metuerent,
891 1669 1058 1710 territos
1092 1669 1270 1719 audivit,
1306 1669 1349 1709 in
1391 1669 1590 1710 ditionem
1630 1668 1757 1710 venit.

337 1724 494 1765 Literae
513 1725 732 1766 consulum
754 1724 802 1766 af
820 1725 960 1767 Gallia
980 1726 1032 1767 de
1051 1726 1179 1780 gestis
1203 1741 1398 1782 prospere
1419 1726 1498 1767 sub
1520 1726 1629 1766 idem
1652 1733 1757 1768 tem-

333 1796 415 1836 pus
447 1783 625 1823 Romam
655 1782 819 1824 adlatae.
873 1784 961 1823 M.g
984 1783 1152 1838 Sergius
1182 1790 1337 1839 praetor
1367 1782 1506 1824 urbisu
1537 1782 1579 1822 in
1609 1790 1755 1823 senatu

333 1853 417 1888 eaS,
444 1838 598 1880 deinde
631 1855 684 1880 ex
719 1839 968 1881 auctoritate
1008 1838 1180 1881 Patrun]
1217 1839 1269 1880 ad
1311 1839 1516 1895 populum
1551 1839 1754 1880 recitavit.

334 1895 584 1951 supplicatio
614 1896 655 1937 in
685 1896 962 1952 quatriduum
991 1896 1169 1938 decreta.
1229 1896 1420 1937 ³⁰Hiems
1448 1897 1537 1952 jam
1568 1912 1616 1937 eo
1651 1905 1756 1938 tem-

332 1965 434 2006 pore
455 1961 555 1993 erat.

454 2049 470 2067 ⁶
484 2047 540 2078 m'si
556 2047 655 2078 Gron.
743 2043 756 2066 f
770 2058 784 2077 e
800 2046 896 2079 Gron.
914 2048 1007 2078 Crev.
1093 2049 1109 2074 ἕ
1126 2046 1184 2078 Μ’.
1199 2047 1284 2082 Eaed.
1375 2047 1389 2071 h
1407 2049 1536 2079 urbanus
1551 2045 1640 2078 Eaed.

376 2146 416 2176 27
456 2147 630 2177 Amilcurem
671 2148 827 2179 Poenorum
870 2148 1022 2186 imperato-

333 2189 409 2229 rem]
450 2190 542 2220 Hunc
573 2190 605 2219 in
633 2190 738 2231 praelio
768 2191 807 2221 ad
836 2190 1023 2222 Cremonam

333 2231 481 2262 cecidisse
518 2232 683 2263 affirmavit
717 2243 810 2274 supra
849 2233 964 2264 Livius.
1000 2233 1020 2262 l.

331 2274 459 2305 xxxl.
472 2285 499 2305 c.
516 2275 570 2305 21.
614 2275 703 2307 Alios
721 2286 835 2318 nempe
859 2282 932 2307 tunc
949 2286 1021 2307 auc-

330 2322 415 2348 tores
440 2323 565 2348 secutus
587 2324 664 2354 erat,
686 2328 781 2359 quam
804 2329 934 2361 quorum
960 2319 1020 2354 hic,

331 2365 366 2391 et
387 2359 466 2391 infra
480 2360 502 2390 l.
519 2361 683 2392 XXXIII.
706 2372 733 2392 c.
749 2363 801 2392 ⁴23.
825 2363 950 2403 exponit
974 2362 1020 2392 di-

332 2413 453 2435 versam
477 2404 569 2445 plane
587 2404 626 2435 de
648 2404 757 2436 eodem
773 2404 929 2437 Amilcare
952 2416 1021 2436 nar-

330 2452 492 2479 rationem.

375 2490 416 2520 28
451 2490 565 2529 Oppida
601 2500 666 2529 quae
701 2490 889 2531 defectionem
924 2498 1022 2522 secuta

333 2533 433 2574 erant]
474 2532 620 2564 Insubres
655 2533 830 2564 rebellionis
867 2533 1022 2576 principes

332 2582 364 2607 et
401 2575 496 2607 duces
532 2575 672 2606 fuerant:
720 2576 892 2607 Cenomani
931 2578 1021 2608 Insu-

329 2618 434 2649 brium
449 2618 613 2650 defectioni
630 2628 696 2649 sese
713 2618 928 2659 adjunxerant.
977 2620 1020 2651 U-

328 2667 475 2704 numque
488 2667 611 2693 constat
627 2672 665 2692 ex
685 2660 721 2691 iis
739 2672 808 2702 quae
855 2662 1019 2693 raecedunt.

332 2704 434 2735 ‘Recte
463 2704 555 2746 igitur
575 2704 740 2735 -Fabrettus
766 2704 797 2735 in
853 2705 953 2746 polog.
982 2705 1021 2736 ad

335 2748 562 2783 Grunnovium,
583 2747 664 2778 hunc
686 2747 787 2778 locum
810 2747 853 2777 sic
876 2748 1019 2789 exponit:

329 2789 450 2829 ‘Oppida
487 2792 746 2826 Cenomanorum,
783 2802 849 2831 quoe
884 2791 1020 2832 deflectis»-

334 2843 397 2862 nem
438 2834 611 2864 Insubrium
647 2840 745 2864 secuta
780 2840 876 2870 erant,
903 2835 1019 2865 dedide-

1067 2154 1139 2177 runt
1154 2158 1190 2178 se.
1238 2147 1277 2178 Et
1292 2157 1362 2178 vero
1385 2157 1465 2178 anno
1483 2152 1629 2188 sequente
1652 2157 1753 2178 rursus

1067 2190 1182 2221 bellum
1218 2190 1333 2232 geritur
1365 2200 1435 2222 cum
1469 2189 1662 2227 Insubribus,
1692 2201 1754 2221 non

1067 2233 1199 2274 amplius
1224 2244 1293 2264 curn
1317 2233 1515 2264 Cenomanis.
1538 2232 1612 2264 Vid.
1633 2232 1712 2264 infra
1731 2233 1753 2266 l.

1067 2276 1232 2307 XXXIII.
1245 2287 1274 2308 c.
1290 2277 1342 2308 36.

1109 2320 1151 2350 29
1173 2319 1235 2350 Sua
1255 2327 1289 2350 ur
1310 2320 1427 2360 quisque
1443 2317 1646 2359 defenderem]
1672 2319 1752 2350 Gro-

1065 2362 1174 2393 novius
1197 2362 1329 2393 affirmat
1348 2361 1379 2391 in
1403 2358 1523 2402 scriptis
1544 2361 1687 2392 omnibus
1707 2362 1752 2392 le-

1065 2405 1095 2445 gi
1123 2417 1177 2435 sua
1202 2406 1319 2446 quisque
1347 2403 1515 2445 defendere:
1547 2403 1630 2444 quod
1656 2404 1751 2450 plane

1065 2448 1208 2479 vitiosum
1242 2453 1298 2478 est.
1354 2447 1469 2478 Noster
1503 2445 1619 2477 Victor.
1654 2453 1698 2478 ita
1733 2457 1752 2478 a

1064 2490 1198 2532 vulgatis
1221 2489 1361 2524 discedit,
1385 2495 1419 2520 ut
1442 2494 1546 2520 tamen
1570 2499 1626 2519 sna
1648 2491 1752 2522 sensui

1065 2532 1225 2574 integritas
1248 2538 1385 2564 constet:
1410 2543 1465 2573 qao
1485 2543 1539 2563 sua
1561 2533 1679 2573 quisque
1700 2536 1749 2564 de-

1054 2576 1228 2617 studerent.

1107 2620 1148 2650 30
1183 2619 1284 2649 Hiems
1325 2619 1391 2656 jam
1436 2628 1466 2648 eu
1511 2624 1633 2657 tempore
1676 2626 1751 2651 erat.

1066 2662 1165 2696 Quum
1192 2662 1225 2692 Τ.
1243 2662 1384 2695 Quintius
1407 2682 1415 2690 .
1433 2683 1440 2689 .
1457 2682 1465 2690 .
1482 2681 1490 2690 .
1514 2662 1542 2690 in
1570 2660 1695 2692 Phocide
1715 2674 1751 2693 ac

1062 2704 1190 2735 Locride
1224 2705 1344 2734 hiberna
1379 2705 1513 2741 disposita
1549 2704 1675 2739 haberet,
1708 2705 1748 2735 0-

1063 2754 1154 2786 punte
1173 2748 1274 2777 seditio
1296 2753 1358 2776 orta
1381 2746 1437 2786 est]
1463 2745 1523 2776 Hic
1547 2746 1632 2778 locus
1654 2757 1750 2788 prava

1059 2789 1259 2820 distinctione
1288 2789 1461 2819 laborabat.
1504 2789 1555 2820 Sic
1584 2789 1665 2820 enim
1699 2800 1747 2820 m-

1058 2833 1322 2874 -terpungebaturz
1365 2832 1461 2863 Hiems
1478 2833 1546 2871 jam
1571 2843 1602 2863 eo
1628 2839 1750 2872 tempane
