1947 3222
544 158 663 196 LIB.
693 157 890 195 XXXIX.
932 157 1009 194 CA
1025 158 1065 194 P.
1096 158 1139 195 V.
1474 163 1545 197 401

123 266 308 310 braciam
338 284 419 310 non
449 268 581 310 videri
610 266 651 307 vi
676 274 867 322 captam;
899 279 988 319 quce

127 332 228 366 nata
248 328 324 373 sit,·
349 327 430 376 ubi,
453 324 624 366 incensis
644 323 844 377 operibus,
866 324 954 363 alia
976 324 1025 363 de
1041 325 1210 377 integm
1211 324 1331 375 foeta
1350 326 1456 372 sint‚-
1480 327 1549 367 ubi

122 384 233 423 circa
254 398 382 424 muros
400 396 524 437 supra
543 381 752 436 subterque
771 387 923 422 terram
941 395 1016 434 per
1035 381 1123 422 dies
1142 382 1366 434 quindecim
1384 396 1548 437 pugna-

125 446 229 487 tum;
263 440 369 481 uubi
395 455 422 480 a
443 440 584 493 prima
615 440 714 489 luce,
737 453 852 493 quum
869 437 963 492 jam
993 438 1302 479 transcendisset
1324 453 1456 480 muros
1475 442 1548 481 mi-

124 498 194 547 les,
225 512 345 551 usque
373 498 430 537 ad
457 503 607 537 noctem
641 498 712 536 diu
742 511 889 550 anceps
913 496 1103 550 proelium
1132 496 1328 541 tenuerit‚·
1361 495 1430 536 ubi
1451 499 1548 549 plus

123 556 209 594 tria
243 555 374 594 millia
408 555 578 595 hostium
612 555 695 594 sint
727 567 844 595 ccesa.
919 554 1016 596 Jam
1051 554 1100 593 de
1135 553 1316 593 Deorum
1350 556 1550 595 inmorta·'

122 612 223 652 lium
250 612 421 665 templis,
449 613 639 665 spoliatis
668 612 712 651 iu
742 617 864 664 capta
893 610 1004 661 urbe,
1035 611 1190 665 qualem
1219 611 1462 651 calumniam
1492 611 1550 651 ad

115 669 326 721 pontifices
354 670 580 710 adtulerit?
625 669 721 710 Nisi
752 669 1041 723 Syracusarum
1075 674 1373 722 ceterarumque
1405 674 1548 721 capta-

121 739 207 765 rum
228 726 455 767 civitatium
476 727 724 767 ornamentis
742 726 875 766 urbem
902 726 1098 766 exornari
1109 725 1192 779 fas
1202 725 1358 780 suerit,
1381 725 1425 766 in
1446 726 1547 766 Am-

120 782 300 823 braciam
332 798 452 824 uuam
483 790 644 837 captam
674 797 755 824 uon
786 784 961 824 valuerit
993 783 1090 824 belli
1101 782 1189 836 jus.
1248 783 1299 824 Se
1327 788 1366 824 et
1395 783 1547 824 Patres

119 842 362 893 conscriptos
392 855 525 890 orare,
550 849 586 882 et
607 840 698 881 ¹²ob
729 841 922 882 tribunis⁰
939 847 1094 894 petere,
1117 854 1167 881 ue
1194 855 1235 881 se
1263 839 1546 894 superbissimo

119 896 282 938 inimico
301 899 480 939 ludibrio
500 913 581 940 esse
599 900 751 939 sinaut.

178 955 226 995 V.
259 955 463 1011 Undique
501 971 658 1006 omnes,
693 955 764 996 alii
802 955 1017 1012 deprecari
1053 955 1286 1006 tribunum,
1319 953 1389 996 alii
1425 954 1548 998 casti-

118 1027 231 1067 gare.
295 1012 363 1053 Ti.
388 1013 567 1054 Gracchi
590 1013 760 1068 collegae
779 1012 1008 1069 plurimum
1029 1013 1162 1054 oratio
1181 1012 1333 1054 movit:
1367 1013 1435 1053 Ne
1453 1027 1547 1054 suas

121 1071 278 1122 quide-m
307 1071 528 1111 simultates
550 1085 632 1123 pro
661 1071 905 1124 magistratu
934 1084 1118 1110 exercere
1137 1069 1234 1109 boui
1253 1071 1425 1123 exempli
1443 1085 1543 1112 esse.-

121 1126 387 1168 matteum-um
409 1141 501 1169 vero
520 1128 782 1168 simultatium
801 1126 1003 1167 tribunum
1019 1126 1151 1179 plebis
1169 1127 1413 1180 cognitorem
1421 1128 1544 1180 fieri,

119 1190 238 1238 turpe
258 1191 295 1226 et
316 1186 525 1238 indignum
545 1184 703 1239 collegii
717 1183 799 1238 ejus
812 1190 1014 1237 potestate
1032 1190 1072 1224 et
1091 1185 1265 1225 sacratis
1284 1185 1437 1238 legibus
1451 1199 1545 1226 esse.

119 1243 199 1283 Suo
219 1256 408 1296 quemque
422 1241 588 1295 judicio
616 1249 653 1283 et
673 1242 851 1282 homines
869 1243 997 1282 odisse
1017 1247 1089 1282 aut
1109 1243 1297 1296 diligere,
1318 1248 1357 1282 et
1377 1256 1440 1282 res
1448 1257 1546 1295 pro-

119 1299 218 1340 bare
244 1306 319 1340 aut
346 1300 563 1353 inprobare
593 1300 754 1345 debere,·
788 1313 866 1339 11011
890 1300 1068 1351 pendere
1097 1313 1147 1339 ex
1176 1300 1346 1340 alterius
1366 1301 1476 1340 vultu
1497 1314 1545 1341 ac

118 1366 231 1405 nutu,
269 1371 341 1397 nec
375 1358 508 1397 alieni
541 1358 746 1397 momentis
784 1357 915 1396 animi
949 1357 1183 1410 circumagi,
1219 1358 1546 1410 adstipularique
1581 1403 1586 1407 ,

120 1415 230 1455 irato
254 1416 410 1455 consuli
438 1414 640 1455 tribunum
664 1414 816 1468 plebei:
849 1420 900 1463 et,
923 1415 1023 1467 quid
1037 1414 1234 1466 privatim
1258 1414 1324 1454 ΛΜ.
1347 1414 1546 1455 AEmilius

120 1473 390 1521 mandaverit,
424 1473 667 1518 memz'uisse,·
713 1471 961 1512 tribunatum
996 1471 1075 1512 sibi
1109 1485 1135 1511 α
1168 1472 1322 1524 populo
1357 1472 1545 1512 Romano

121 1531 352 1570 mandatum
385 1529 588 1576 oblivisci;
633 1535 669 1568 et
700 1529 932 1568 mandatum
964 1542 1043 1582 pro
1081 1529 1240 1569 auxilio
1275 1543 1324 1569 ac
1355 1529 1546 1570 libertate

114 1601 171 1639 pr
174 1587 306 1627 avator
308 1600 385 1636 um,
408 1601 489 1626 non
503 1601 582 1639 pro
607 1586 808 1627 consulari
830 1599 967 1640 reguo.
1026 1585 1095 1626 Ne
1113 1586 1187 1626 hoc
1205 1587 1363 1649 quidem
1383 1600 1546 1627 cernere

119 1658 218 1695 eum,
224 1645 305 1698 f0⁷
307 1659 340 1694 e,
356 1650 400 1683 ut
420 1644 619 1684 memorice
637 1657 685 1684 ac
698 1649 839 1697 poster
842 1644 944 1683 itate
957 1644 1178 1690 mandetur,
1196 1642 1367 1708 ejusdem
1384 1644 1546 1698 collegii

118 1703 289 1742 alterum
311 1716 332 1741 e
352 1701 501 1742 duobus
520 1702 695 1742 tribunis
716 1700 852 1754 plebis
869 1714 962 1742 suas
989 1701 1229 1741 inimicitias
1248 1701 1443 1742 remisisse
1463 1702 1545 1742 rei-

110 1759 302 1812 publicae,
324 1759 492 1799 alterum
514 1760 673 1800 alienas
699 1765 738 1799 et
766 1759 983 1799 mandatas
1012 1759 1241 1799 exercuisse.
1304 1759 1386 1799 His
1406 1758 1544 1800 victus
1555 1766 1742 1809 Triumphus

116 1815 461 1872 castigationibus
490 1816 702 1866 tribunus,
724 1830 859 1871 quum
879 1815 1036 1871 templo
1063 1816 1318 1866 excessisset,
1339 1816 1544 1857 referente
1555 1810 1729 1883 {lweclefnitur

122 1873 208 1914 Sor.
220 1850 419 1929 Sulpicio
453 1881 647 1936 praetore,
684 1873 926 1936 triumphus
961 1873 1025 1913 Μ.
1050 1872 1204 1913 Fulvio
1238 1882 1300 1913 est
1336 1871 1541 1914 decretus.
1582 1864 1676 1885 uv10.

106 1930 166 1971 'Is
195 1945 329 1986 quum
358 1930 514 1985 glutias
545 1930 745 1971 Patribus
774 1929 1017 1985 conscriptis
1047 1929 1212 1984 egisset,
1240 1929 1420 1984 adjecit;
1455 1930 1544 1971 Lu-

119 1988 190 2028 dos
224 2001 387 2041 magnos
421 2001 462 2027 se
487 1987 584 2030 Jove·
612 1988 762 2040 optimo
790 1987 964 2027 maximo
993 2001 1038 2027 eo
1067 1987 1147 2034 die,
1179 2000 1256 2040 quo
1287 1986 1544 2028 Ambraciam

117 2045 297 2097 cepisset,
320 2045 481 2085 vovisse.
511 2045 557 2084 1“11
587 2058 673 2084 eam
702 2058 784 2084 16111
803 2044 884 2084 sibi
902 2042 1110 2084 “centum‘
1123 2044 1262 2096 pondo
1282 2043 1377 2084 auri
1396 2058 1421 2084 a
1442 2045 1543 2085 civi-

119 2101 271 2143 tatibus
290 2102 503 2142 conlatum.
554 2102 714 2149 Petere,
732 2107 776 2141 ut
796 2115 846 2141 ex
865 2115 912 2141 ea
926 2100 1116 2153 pecunia,
1134 2114 1252 2154 quam
1274 2101 1317 2140 in
1337 2101 1543 2155 triumpho

119 2160 246 2200 latam
278 2159 322 2200 in
354 2159 507 2200 aerario
535 2153 744 2212 positurus
771 2164 881 2207 esset,
918 2158 965 2197 icl
996 2172 1138 2198 aurum
1167 2158 1326 2199 secerni·
1334 2156 1539 2211 juberent

1018 280 1167 320 aggere
1186 281 1234 306 ac
1253 267 1382 308 vineis
1401 268 1549 323 obpug-
1568 273 1605 347 [ΧΥ-
1617 273 1656 347 g.
1668 273 1744 346 333.

1564 329 1574 348 l

465 2246 480 2263 e
495 2249 523 2272 tr
526 2243 612 2273 ibuno
627 2242 717 2273 Crev.

167 2320 203 2349 ll
232 2319 288 2349 Ula·
324 2331 342 2349 a
376 2320 474 2358 prima
509 2319 583 2354 luce,
621 2329 710 2358 quum
739 2319 809 2356 jam

120 2364 353 2402 transscendisset
374 2373 471 2392 muros
491 2361 586 2402 miles]
623 2361 701 2391 Haec
723 2360 807 2391 vide-

124 2409 228 2435 rentur
255 2404 403 2436 denotare
430 2405 575 2435 ultimum
606 2403 734 2444 aliquod
768 2403 808 2434 ad

125 2446 326 2478 Ambraciam
359 2447 512 2490 praelium,
543 2456 604 2488 quo
633 2447 674 2477 ad
709 2451 809 2477 extre-

124 2499 210 2519 mum
247 2490 334 2521 urbs
353 2495 532 2532 expugnata
568 2489 686 2520 fuisset.
747 2489 808 2520 Sed

122 2537 245 2562 constat
267 2533 348 2564 exl.
364 2534 557 2565 XXXVIII.
581 2543 609 2564 c.
626 2534 657 2564 9.
674 2532 810 2563 Ambra-

123 2575 242 2605 cieuses
277 2585 343 2606 sese
381 2576 511 2613 consuli,
550 2580 715 2618 postquam
752 2574 809 2606 ali-

123 2617 273 2658 quamdiu
296 2617 484 2655 obsidionem
505 2619 698 2653 tolerassent,
723 2617 810 2648 dedi-

125 2660 219 2691 disse
262 2661 374 2701 Itaque
390 2661 594 2702 intelligenda
609 2667 656 2693 est
678 2660 745 2691 hic
752 2661 810 2692 ali-

126 2714 190 2744 qua
204 2714 319 2751 pugna,
335 2713 399 2744 qua
418 2713 490 2745 pars
510 2715 664 2736 murorum
687 2709 811 2735 tantum

127 2752 221 2787 capta
235 2746 285 2782 sit,
301 2756 358 2777 nec
377 2750 481 2777 tamen
503 2752 733 2789 penetratum»
719 2746 758 2777 sit
780 2747 812 2778 in

121 2790 238 2820 urbem.

172 2833 209 2862 12
233 2833 276 2861 Ab
304 2831 436 2872 tribuno]
473 2831 577 2872 Vulgo
603 2834 638 2862 ab
675 2834 811 2864 tribunis.

127 2874 188 2905 Sed
211 2874 242 2904 id
268 2874 351 2915 quod
376 2874 539 2911 edidimus,
561 2879 636 2905 vett.
661 2875 810 2906 editorum

123 2922 192 2953 θεν,
214 2916 327 2957 quibus
350 2917 469 2949 accedit
492 2927 570 2948 unus
586 2927 602 2947 e
619 2917 713 2949 MSS,
731 2918 810 2951 Gro-

182 2974 275 3001 VOL.
302 2974 369 3000 111„

854 2237 976 2272 faecem
992 2241 1088 2273 Gron.
1102 2241 1196 2272 Crev.

852 2316 1003 2353 novianis,
1019 2322 1049 2348 et
1064 2322 1165 2347 noster
1181 2315 1267 2347 Vict.
1313 2317 1354 2347 Et
1374 2327 1446 2348 vero
1460 2328 1541 2348 unus

852 2371 870 2390 e
887 2359 1018 2390 tribunis
1031 2361 1082 2391 M.
1096 2359 1234 2391 Aburius
1250 2360 1359 2391 Fulvio
1382 2360 1540 2401 negotium

852 2403 1035 2434 facessebat.

897 2446 937 2476 13
965 2447 1139 2476 Alienarum
1163 2468 1171 2475 .
1187 2467 1196 2475 .
1213 2467 1223 2477 .
1238 2467 1247 2476 .
1268 2447 1452 2477 simultatum
1473 2458 1541 2487 cog-

850 2490 973 2519 nitorem
989 2489 1080 2530 fieri]
1122 2488 1293 2519 Mandatus
1320 2495 1351 2520 et
1379 2490 1539 2530 delegatas

853 2541 994 2562 exercere
1025 2532 1142 2563 alienas
1161 2530 1342 2563 simultates.
1402 2533 1540 2572 (Ing-nitor

853 2581 903 2611 est,
932 2579 1057 2605 auctore
1089 2575 1193 2610 Festo,
1221 2576 1271 2614 qui
1304 2576 1384 2606 litem
1419 2576 1540 2604 alterius

853 2619 974 2657 suscipit
1002 2628 1099 2648 coram
1126 2628 1167 2652 eo,
1195 2619 1244 2647 cui
1265 2619 1351 2648 (latus
1380 2623 1437 2647 est:
1471 2627 1538 2655 pro-

854 2666 973 2691 curator
1006 2667 1105 2691 autem
1140 2657 1262 2690 absentis
1294 2662 1407 2690 nomine
1437 2665 1539 2688 (ructor

845 2704 900 2744 fit.
943 2703 1005 2734 Sed
1027 2708 1156 2744 apparet
1177 2712 1217 2733 ex
1240 2703 1298 2733 hoc
1320 2703 1388 2733 loco
1410 2703 1538 2740 cwnito-

854 2758 915 2778 rem
928 2757 995 2777 esse
1010 2757 1081 2777 eum
1100 2755 1222 2787 quoque
1244 2745 1296 2785 qui
1321 2744 1455 2774 absentis
1476 2754 1538 2774 rem

856 2789 932 2831 agit

876 2815 938 2862 ο14
964 2831 1088 2862 Centum
1099 2832 1193 2861 decem
1204 2830 1391 2870 pondoauri]
1416 2829 1542 2859 Marcas

855 2879 1006 2905 nostrates
1023 2875 1092 2904 171.
1110 2872 1216 2903 uncias
1230 2872 1260 2902 7.

924 2958 1000 2998 Dd
