1947 3222
295 126 368 159 488
817 110 965 157 T'1T1
1014 119 1187 158 leil

88 233 263 270 [ficem.
297 227 477 271 Romani
499 227 664 278 sociive,
686 227 726 268 in
751 228 999 285 Hispaniam
1020 227 1291 284 transportati
1313 236 1463 278 essent,
1480 236 1522 270 et
1542 236 1720 285 praeter'.>

84 282 262 313 A.C.180.
293 303 355 338 ea,
388 285 678 342 supplemento
708 285 907 339 adducto,
929 293 1033 341 quot
1059 284 1238 341 amplius
1268 284 1433 326 duabus
1463 285 1712 341 legionibus,

293 359 420 401 quam
452 343 593 384 decem
624 341 768 393 millia,
790 351 831 384 et
861 342 1157 398 quadringenti
1186 341 1361 397 pediteS‚
1385 343 1567 384 sexcenti
1597 343 1715 399 equi-

293 410 356 442 tes
396 407 556 447 essent3
607 407 650 441 et
690 399 846 441 socium
890 398 1032 439 Latini
1071 398 1248 440 nominis
1286 399 1508 440 duodecim
1544 399 1713 450 milliax,

294 456 477 499 sexcenti
499 456 676 512 equites,
699 470 879 512 quorum
905 455 1005 496 forti
1026 470 1153 512 opera
1173 455 1340 497 duobus
1364 456 1564 497 adversus
1586 456 1715 498 Celti-

294 515 415 556 beros
443 513 602 570 proeliis
623 529 724 554 usus
746 514 794 563 Q.
815 511 994 552 Fulvius
1021 520 1142 562 esset,
1164 527 1247 562 eos,
1270 512 1302 553 si
1324 512 1551 563 videretur,
1574 527 1719 555 secum·

293 572 546 628 deportaret.
606 571 665 611 Et
700 568 1025 625 supplicationes
1064 569 1258 620 deeretae,
1294 569 1409 625 quod
1444 569 1479 611 is
1517 585 1716 626 prospere

290 628 592 685 rempublicam
633 625 848 681 gessisset:
911 633 952 667 et
992 625 1118 668 ceteri
1158 633 1358 682 praetores
1397 626 1440 667 in
1479 627 1715 683 provincias

290 685 415 727 missi.
478 686 526 734 Q.
561 683 694 724 Fabio
725 682 906 724 Buteoni
936 691 1210 739 prorogatum
1242 682 1286 723 in
1317 682 1458 724 Gallia
1490 683 1714 740 imperium

291 751 364 784 cst.
427 743 534 783 Octo
554 740 750 797 legioneS,
772 748 927 796 praeter
957 740 1187 781 exercitum
1207 747 1405 791 veterem,
1423 739 1497 796 qui
1517 740 1559 780 in
1582 740 1714 796 Ligu-

292 800 409 841 ribus
444 799 488 839 in
520 812 591 854 spe
623 798 862 854 propinqua
893 796 1098 838 missionis
1133 805 1237 847 erat,
1273 813 1322 838 eo
1353 812 1462 838 anno
1501 812 1588 838 esse
1626 797 1716 853 pla-

83 861 183 909 Pestis
197 861 227 891 in
294 857 394 898 cuit.
426 864 467 897 et
496 854 571 896 94is
605 854 694 911 ipse
724 854 932 895 exercitus
960 868 1070 908 aegre
1100 854 1351 911 explebatur
1384 862 1558 910 propter
1589 853 1716 910 pesti-

82 905 187 936 ltalia.
293 913 478 964 lentiam,
510 927 606 969 quae
633 912 721 968 jam
753 912 923 953 tertium
952 925 1108 953 annum
1139 911 1287 953 urbem
1323 912 1557 953 Romanam
1587 919 1716 967 atque

294 970 460 1013 Italiam
481 969 686 1011 vastabat.
726 1022 729 1024 Ι

352 1027 608 1069 XXXVII.
643 1027 806 1068 Praetor
833 1025 901 1066 Ti.
926 1024 1157 1075 Minucius,
1179 1031 1220 1065 et
1240 1025 1358 1066 haud
1377 1025 1438 1068 ita
1466 1025 1601 1067 multo
1621 1033 1716 1082 post

82 1087 271 1143 Qalpurnigxs
293 1084 438 1126 consul
471 1084 518 1124 C.
545 1083 803 1141 Calpurnius
832 1083 1026 1133 moritur,
1047 1081 1258 1137 multique
1287 1082 1357 1123 alii
1387 1083 1574 1124 omnium
1604 1082 1715 1123 ordi-

83 1133 156 1206 fisss·
173 1142 262 1162 ‘⁰⁰¹¹‘
292 1150 394 1184 num
424 1141 620 1182 inlustres
640 1141 743 1181 viri':
775 1148 986 1196 postremo
1016 1138 1198 1194 prodigii
1226 1139 1316 1181 loco
1337 1155 1384 1180 ea
1405 1139 1542 1181 clades
1570 1139 1716 1180 haberi

134 1197 142 1207 ⁹
292 1206 431 1255 coepta
470 1206 543 1239 est.
607 1198 657 1239 C.
701 1196 902 1238 Servilius
947 1195 1139 1252 pontifex
1179 1197 1388 1237 maximus
1436 1196 1602 1252 piacula
1640 1196 1716 1237 irae

292 1257 433 1297 Deum
464 1253 709 1310 conquirere
733 1255 892 1310 jussus,
921 1252 1145 1294 decemviri
1175 1251 1303 1294 libros
1332 1253 1548 1310 inspicere,
1571 1253 1716 1295 consul

293 1312 497 1370 Apollini,
536 1310 798 1367 AEsculapio,
834 1309 969 1351 Saluti
1001 1308 1152 1350 25dona
1185 1325 1351 1360 vovere,
1387 1318 1429 1351 et
1464 1309 1563 1351 dare
1597 1310 1716 1366 signa

291 1372 509 1417 inaurata3
548 1383 646 1425 quae
677 1367 791 1409 vovit
821 1366 1034 1422 deditque.
1095 1366 1333 1407 Decemviri
1369 1366 1715 1423 supplicationem

292 1428 335 1468 in
355 1427 535 1468 biduum
557 1425 810 1466 valetudinis
840 1438 986 1466 caussa
1005 1423 1047 1464 in
1069 1423 1174 1464 urbe
1194 1431 1235 1465 et
1255 1438 1331 1480 per
1350 1425 1489 1465 omnia
1508 1424 1599 1465 fora
1619 1439 1716 1465 con-

293 1483 573 1540 ciliabulaque
613 1482 859 1523 edixerunt:
920 1481 1098 1537 majores
1138 1480 1359 1522 duodecim
1400 1480 1532 1531 annis,
1572 1495 1716 1523 omnes

295 1540 479 1582 coronati
520 1548 561 1582 et
611 1539 794 1580 lauream
845 1539 888 1579 in
937 1553 1063 1579 manu
1115 1546 1316 1589 tenentes,
1359 1533 1714 1594 supplicaverunt.

296 1598 479 1639 Fraudis
509 1612 678 1654 quoque
708 1596 903 1636 humanae
933 1595 1216 1636 insinuaverat
1247 1595 1428 1651 suspicio
1456 1594 1630 1643 animis;
1673 1603 1716 1638 et

82 1655 220 1704 Quaestiq
236 1655 274 1687 de
295 1655 482 1696 veneficii
513 1653 691 1710 quaestio
721 1662 772 1695 'ex
804 1651 1177 1701 senatusconsulto,
1208 1652 1324 1708 quod
1353 1653 1396 1693 in
1427 1652 1545 1703 urbe,
1576 1652 1718 1709 propi-

84 1700 247 1730 veneficus.
296 1727 397 1753 usve
428 1712 576 1753 urbem
606 1711 748 1752 decem
780 1709 964 1750 millibus
994 1723 1194 1765 passuum
1225 1717 1329 1750 esset
1361 1706 1641 1760 commissum,
1665 1711 1714 1751 C.

83 1777 245 1809 Cos.Ca1-
298 1768 477 1810 Claudio
507 1767 693 1825 praetori,
715 1766 789 1822 qui
820 1766 862 1807 in
883 1767 1021 1808 locum
1050 1765 1118 1806 Ti.
1143 1765 1322 1806 Minucii
1352 1774 1441 1807 erat
1471 1766 1713 1815 subfectus;

81 1820 275 1881 purniinmors
295 1826 408 1867 ultra
437 1825 646 1866 decimum
667 1823 848 1879 lapidem
873 1838 948 1879 per
968 1823 1059 1863 fora
1088 1822 1447 1877 conciliabulaque
1469 1823 1517 1863 C.
1541 1823 1715 1873 Maenio,

81 1868 235 1906 suspecta.
295 1882 540 1938 priusquam
589 1881 630 1922 in
683 1880 916 1921 Sardiniam
966 1878 1222 1936 provinciam
1273 1880 1495 1935 trajiceret,
1537 1878 1714 1921 decreta.

298 1941 501 1995 Suspecta
540 1937 719 1979 consulis
767 1945 856 1978 erat
895 1951 1006 1977 mors
1045 1936 1238 1977 maxime.
1278 1945 1451 1978 necatus
1490 1951 1515 1976 a
1555 1937 1718 1986 Quarta

82 1995 245 2037 Privignus
256 1996 282 2028 ei
296 1996 481 2038 Hostilia
509 2011 640 2037 uxore
671 1994 901 2036 dicebatur.
924 2001 972 2034 ut
1002 1992 1173 2048 quidem
1204 1992 1316 2034 filius
1346 1993 1436 2049 ejus
1464 1993 1513 2043 Q.
1538 1993 1718 2035 Fulvius

79 2039 246 2070 subfectus.
296 2053 472 2094 Flaccus
494 2053 536 2093 in
557 2052 693 2093 locum
716 2051 853 2092 vitrici
875 2050 1017 2092 consul
1039 2058 1101 2091 est
1122 2049 1371 2100 declaratus,
1393 2050 1610 2106 aliquanto
1630 2065 1716 2091 map

293 2111 357 2165 gis
388 2110 552 2151 infamis
583 2124 693 2150 mors
725 2108 886 2159 Pisonis
916 2107 1044 2164 coepit
1074 2122 1183 2148 esse:
1216 2117 1258 2148 et
1289 2115 1413 2148 testes
1443 2106 1712 2158 exsistebant,

293 2168 367 2222 qui
398 2176 492 2223 post
523 2166 752 2207 declaratos
782 2164 971 2206 consules
1002 2163 1208 2206 Albinum
1244 2172 1284 2205 et
1319 2163 1527 2213 Pisonem,
1559 2163 1714 2219 quibus

293 2223 469 2265 comitiis
492 2223 668 2264 Flaccus
689 2222 841 2264 tulerat
865 2221 1088 2278 repulsam,
1105 2229 1147 2262 et
1167 2220 1468 2278 exprobratum
1490 2222 1527 2262 ei
1544 2235 1569 2261 a
1582 2229 1715 2262 matre

295 2280 494 2331 dicerent,
520 2279 634 2336 quod
665 2279 752 2335 jam
789 2279 824 2319 ei
863 2279 1034 2320 tertium
1070 2286 1247 2334 negatus
1281 2277 1521 2319 consulatus
1555 2276 1713 2333 petenti

293 2346 413 2389 esset,
437 2346 478 2379 ct
499 2337 712 2394 adjecisse,
722 2343 898 2389 pararet
919 2351 960 2376 se
980 2337 1037 2376 ad
1048 2336 1265 2388 petendum
1275 2357 1289 2381 ;
1323 2336 1436 2375 intra
1453 2335 1549 2375 duos
1569 2347 1716 2374 meuses

295 2395 537 2450 ff'cturam,
560 2401 602 2435 ut
624 2394 911 2447 consulfieret.
974 2393 1090 2433 Inter
1120 2392 1254 2433 multa
1281 2391 1359 2432 alia
1390 2390 1638 2439 testimonia,
1660 2389 1714 2431 ad

295 2467 480 2493 caussam
517 2451 784 2508 pertinentia,
815 2450 903 2491 haec
940 2463 1110 2505 quoque
1141 2464 1238 2499 vox,
1271 2449 1394 2490 nimis
1427 2462 1526 2488 vero
1560 2455 1713 2489 eventu

87 2514 168 2542 onr
184 2512 249 2552 ejus
295 2509 578 2565 comprobata,
603 2507 748 2557 valuit,
771 2522 845 2548 cur
876 2505 1060 2547 Hostilia
1079 2506 1360 2547 damnaretur.
1424 2503 1538 2545 Veris
1559 2503 1714 2560 princi—

82 2556 240 2587 ‘¹⁷⁴¹¹¹¹¹³¹⁴¹·
294 2566 365 2622 pio
393 2566 535 2621 liujus,
557 2565 658 2605 dum
690 2563 878 2604 consules
900 2578 1028 2604 novos
1057 2562 1243 2604 delectus
1274 2563 1421 2603 Romae
1453 2569 1580 2612 tenet,
1602 2576 1713 2603 mors

293 2623 444 2665 deinde
474 2622 658 2670 alterius,
691 2629 732 2662 ct
763 2619 929 2661 creandi
960 2619 1128 2660 comitia
1156 2619 1336 2660 consulis
1366 2618 1408 2658 in
1439 2616 1576 2659 locum
1607 2618 1712 2673 ejus,

781 2704 797 2721 Χ
814 2701 888 2731 add.
903 2702 1010 2740 pedites
1025 2701 1122 2731 (iton.
1138 2700 1245 2730 Crev.'

338 2764 377 2793 ⁴24
395 2765 414 2785 θ
429 2763 453 2793 Is
469 2765 525 2802 ipse
541 2761 696 2803 merenas]
733 2761 809 2791 llaec
828 2760 918 2790 verba
934 2769 977 2790 rc·
1066 2759 1108 2789 25
1134 2759 1219 2787 Dona
1251 2768 1345 2788 rosere
1373 2764 1398 2787 cl
1423 2759 1494 2788 darc
1519 2759 1601 2797 signa
1627 2759 1711 2787 inau-

297 2807 339 2837 ser
367 2807 404 2836 ad
429 2813 488 2836 octo
511 2806 641 2845 legiones.
690 2804 720 2835 ls
743 2802 808 2846 ipse
837 2813 981 2833 numerus
1024 2802 1106 2842 rata]
1141 2801 1259 2831 vovere
1296 2807 1325 2832 et
1364 2800 1438 2833 darc
1473 2801 1565 2837 dona,
1604 2810 1712 2843 nempe

297 2849 460 2889 legionum,
485 2849 539 2879 etsi
570 2860 627 2879 non
658 2858 798 2889 magnus,
827 2857 906 2888 mgrc
935 2850 978 2876 ta-
1025 2844 1279 2886 signainauiata.

297 2903 364 2923 men
380 2892 566 2934 explebatur.
