1947 3222
365 105 441 144 256
867 106 1013 144 TITI
1062 105 1239 143 lell

323 251 331 260 .
364 215 514 265 fectus,
533 215 536 218 ’
552 215 719 256 Tenum
758 215 894 272 primo
934 215 1093 256 tenuit:
1139 215 1237 256 inde
1278 213 1496 270 Ephesum
1532 214 1770 257 transmisit.

322 295 330 302 -
367 271 538 313 Consuli
579 271 819 313 Chalcidem
855 272 1035 313 venienti
1068 280 1202 328 portae
1242 279 1484 328 patuerunt,
1522 287 1670 327 quum,
1703 272 1775 312 ad-

364 328 672 385 propinquante
702 345 764 379 eo,
798 328 1058 377 Aristoteles,
1090 329 1313 384 praefectus
1343 328 1467 384 regiS,
1500 328 1604 370 urbe
1638 343 1776 369 exces-

365 385 494 426 sisset.
531 393 572 427 et
607 394 754 427 ceterae
786 385 911 426 urbes
940 385 984 425 in
1014 385 1182 425 Euboea
1214 385 1299 426 sine
1334 386 1557 426 certamine
1592 384 1773 434 traditae,

363 449 458 497 post
488 457 727 498 paucosque
763 441 885 490 diesh,
920 440 1114 482 omnibus
1148 442 1395 497 perpacatis,
1433 442 1518 483 sine
1548 441 1676 482 ullius
1704 456 1777 482 no-

364 513 419 539 xa
446 498 563 540 urbis
590 499 798 539 exercitus
827 497 1136 560 Thermopylas
1164 498 1377 547 reductus,
1409 499 1544 540 multo
1573 498 1778 539 modestia

363 563 457 610 post
488 555 718 603 victoriam,
741 569 868 610 quam
899 553 989 609 ipsa
1017 554 1206 604 victoria,
1228 554 1493 597 laudabilior.
1556 554 1660 595 Inde
1681 570 1776 595 eon-

363 611 428 652 sul
450 612 512 651 M.
538 612 755 660 Catonem,
776 610 889 666 7⁷per
911 625 1052 665 quem,
1075 625 1172 665 quae
1199 618 1317 666 gesta
1345 619 1494 662 essent,
1517 619 1684 653 senatus
1703 626 1777 667 po-

151 679 229 709 Cato
244 689 323 710 nun-
361 668 573 723 pulusque
596 668 812 708 Romanus
827 666 943 708 haud
959 666 1089 708 dubio
1110 675 1279 708 auctore
1294 667 1432 717 sciret,
1451 669 1629 709 Romam
1651 667 1776 709 misit.

148 721 214 768 ejus
228 722 324 754 victo-
364 725 407 764 Is
429 739 453 764 a
470 725 628 764 Creusa
651 723 995 780 (Thespiensium
1017 724 1248 779 emporium
1267 731 1342 774 est,
1359 723 1402 765 in
1417 723 1564 765 intimo
1580 725 1673 766 sinu
1697 726 1777 765 Co-

147 774 210 795 nae.
360 779 565 821 rinthiaco
584 783 833 836 retractum)
858 782 1005 821 Patras
1034 779 1207 820 Achaiae
1236 780 1366 835 petit:
1399 796 1424 821 a
1452 781 1590 822 Patris
1623 783 1778 838 Corcy-

360 851 448 877 ram
472 852 604 893 usque
622 837 794 878 AEtoliae
815 846 943 893 atque
960 837 1210 878 Acarnaniae
1226 837 1350 878 litora
1365 837 1482 892 legit,
1499 845 1627 894 atque
1643 837 1702 878 ita
1722 838 1776 879 ad

362 893 644 949 Hydruntum
676 894 813 935 Italiae
834 893 1008 950 trajecit.
1041 894 1191 949 quinto
1212 893 1280 934 die
1299 893 1396 935 inde
1417 894 1601 950 pedestri
1631 893 1776 935 itinere

362 950 538 991 Romam
573 950 732 1006 ingenti
767 966 892 992 cursu
924 951 1126 1006 pervenit.
1167 959 1263 992 ante
1297 950 1431 992 lucem
1467 950 1678 1007 ingressus
1709 965 1779 991 ur-

361 1006 471 1057 bem,
507 1022 533 1047 a
566 1015 690 1063 porta
724 1007 778 1047 ad
809 1014 1030 1063 praetorem
1062 1007 1126 1047 M.
1149 1008 1329 1048 Junium
1358 1007 1438 1049 iter
1466 1007 1659 1049 intendit.
1734 1008 1778 1048 Is

361 1063 498 1119 prima
526 1063 619 1104 luce
649 1074 839 1105 senatum
869 1064 1044 1105 vocavit.
1077 1079 1163 1119 quo
1195 1065 1245 1104 L.
1271 1064 1489 1105 Cornelius
1519 1065 1673 1120 Scipio,
1705 1063 1779 1104 ali-

362 1128 467 1175 quot
487 1119 635 1161 diebus
656 1128 752 1161 ante
772 1135 797 1160 a
816 1120 983 1161 consule
1005 1120 1214 1171 dimissus,
1237 1136 1370 1176 quum
1392 1121 1616 1162 adveniens
1637 1120 1776 1161 audis-

363 1184 439 1225 set,
465 1191 745 1239 praegressum
778 1178 979 1218 Catonem
1009 1176 1052 1217 in
1082 1186 1227 1218 senatu
1258 1192 1358 1227 esse,
1382 1177 1622 1233 supervenit
1653 1193 1779 1233 expo-

363 1241 492 1282 nenti,
515 1249 611 1288 quae
631 1241 747 1288 gesta
776 1241 921 1274 essent.
983 1234 1083 1275 Duo
1113 1233 1208 1274 inde
1238 1233 1364 1289 legati
1389 1235 1511 1290 jussu
1543 1242 1710 1275 senatus
1734 1234 1778 1275 in

363 1289 601 1344 concionem
632 1298 729 1331 sunt
759 1290 978 1345 producti:
1011 1299 1139 1346 atque
1163 1290 1222 1332 ibi
1243 1290 1401 1341 eadem,
1424 1291 1582 1346 quaein
1615 1298 1776 1340 senatu,

363 1345 415 1386 de
436 1346 561 1387 rebus
587 1346 630 1387 in
659 1347 820 1388 AEtolia
847 1347 974 1403 gestis
1001 1355 1296 1403 exposuerunt.
1360 1347 1620 1403 Supplicatio
1640 1347 1683 1388 in
1705 1347 1778 1388 tri-

362 1402 496 1443 duum
518 1403 685 1444 decreta
704 1411 791 1451 est;
825 1412 866 1445 et
887 1412 935 1445 ut
956 1404 1238 1460 quadraginta
1256 1404 1402 1446 hostiis
1423 1405 1653 1460 majoribus
1673 1419 1779 1460 prae-

362 1467 442 1508 tor,
465 1460 620 1515 quibus
642 1460 735 1501 Diis
756 1459 792 1501 ei
822 1460 1050 1510 videretur,
1073 1461 1330 1502 sacrificaret.
1392 1462 1474 1501 Per
1504 1460 1670 1502 eosdem
1691 1461 1780 1501 dies

363 1524 403 1556 et
427 1514 490 1556 M.
515 1516 694 1557 Fulvius
716 1516 923 1567 Nobilior,
945 1517 1018 1573 qui
1048 1517 1214 1558 biennio
1244 1526 1339 1558 ante
1360 1526 1516 1574 praetor
1542 1518 1599 1558 ini
1623 1518 1778 1574 Hispaf

360 1571 471 1613 niam
502 1581 590 1615 erat
619 1574 848 1629 profectus,
879 1589 1006 1615 ovans
1037 1575 1184 1615 urbem
1215 1582 1277 1616 est
1306 1574 1540 1630 ingressus:
1573 1574 1776 1631 ⁷⁸argenti

360 1629 494 1685 bigati
515 1645 603 1685 prae
625 1647 666 1671 se
694 1630 792 1672 tulit
813 1631 1005 1672 centumk
1026 1631 1200 1686 triginta
1229 1631 1382 1672 millia:
1414 1639 1456 1672 et
1486 1640 1606 1673 extra
1634 1647 1779 1672 nume-

362 1694 501 1727 ratum
522 1686 780 1728 7⁹duodecim
811 1687 940 1728 millia
968 1687 1108 1743 pondo
1138 1689 1323 1743 argenti:
1356 1687 1487 1729 ⁸⁰auri
1514 1688 1657 1745 pondo
1686 1703 1778 1729 cen-

363 1750 454 1784 tum
476 1743 638 1798 viginta
660 1753 830 1800 septem.

422 1800 586 1841 XXII.
610 1801 774 1841 Acilius
795 1800 937 1841 consul
959 1801 1011 1842 ab
1035 1801 1332 1857 Thermopylis
1358 1801 1605 1842 Heracleam
1627 1801 1680 1842 ad
1702 1801 1776 1841 AE-

364 1856 470 1898 tolos
490 1857 706 1912 praemisit,
723 1865 767 1898 ut
787 1864 880 1898 tunc
899 1859 1052 1908 saltem,
1070 1860 1229 1911 experti
1248 1860 1401 1912 regiam
1423 1860 1658 1906 vanitatem,
1676 1859 1776 1898 resi-

154 1928 276 1959 AEtolos
289 1927 328 1959 ad
355 1915 558 1966 piseerent
568 1937 581 1959 ,·
605 1916 841 1968 traditaque
853 1915 1076 1964 Heraclea,
1093 1916 1318 1969 cogitarent
1340 1917 1389 1955 de
1403 1917 1581 1968 petenda
1595 1916 1646 1955 ab
1665 1930 1780 1956 sena-

151 1971 329 2020 resipiscep-
363 1977 406 2011 tu
426 1985 492 2011 seu
513 1970 708 2025 ⁸¹ficr0ris
726 1973 801 2018 sui,
825 1987 892 2012 seu
912 1973 1061 2012 erroris
1077 1974 1209 2013 venia.
1240 1979 1278 2013 et
1298 1972 1500 2013 82ceteras¹
1527 1972 1703 2014 Graeciae
1723 1973 1779 2013 ci-

152 2014 227 2087 ἓζῒ
242 2019 352 2045 ¹¹¹V¹t³t
364 2029 508 2069 vitales
528 2027 717 2081 defecisse
737 2043 782 2069 eo
797 2029 897 2069 bello
916 2030 968 2069 ab
988 2031 1135 2082 optime
1156 2031 1205 2069 de
1224 2044 1264 2070 se
1284 2031 1433 2071 meritis
1453 2030 1663 2071 Romanis.-
1695 2031 1777 2079 sed,

217 2080 225 2088 ⁹
364 2087 461 2139 quia
476 2086 725 2140 postfugam
747 2087 862 2139 regis,
878 2086 1154 2140 czgjusfidzccia
1175 2088 1305 2143 (fficio
1321 2088 1584 2136 decessissent,
1603 2101 1682 2127 non
1703 2088 1778 2127 ad·

364 2144 561 2184 didissent
582 2145 858 2195 pertinaciam
882 2145 1024 2197 culpae,
1046 2145 1089 2184 in
1102 2145 1233 2197 fidem
1263 2152 1444 2198 receptas
1463 2159 1556 2186 esse.
1616 2144 1780 2185 AEtolos

364 2214 530 2253 quoque,
554 2214 790 2254 quamquam
818 2215 895 2241 non
926 2202 1050 2241 secuti
1077 2202 1160 2241 siut
1189 2216 1332 2255 regem,
1356 2203 1425 2242 sed
1451 2201 1718 2249 arcessierinss
1742 2208 1777 2241 et

364 2257 479 2297 duces
499 2257 606 2305 belli,
625 2272 703 2297 non
725 2258 836 2307 socii,
842 2257 1023 2311 fuerint,
1040 2257 1112 2299 ⁸³si
1125 2262 1324 2312 poenitere
1336 2260 1510 2312 possint,
1526 2272 1642 2312 posse
1662 2264 1700 2298 et
1716 2258 1777 2297 in-

154 229 196 301 2⁰2²

205 228 244 302 φφ

257 228 298 302 ΕΞ

303 229 315 302 ›at-

407 2352 422 2376 h
437 2363 595 2392 paucosque
606 2364 658 2391 per·
671 2354 730 2383 dies
745 2354 843 2384 Gron.
859 2354 951 2385 Crev.
1082 2349 1092 2374 i
1106 2354 1163 2385 ins.
1178 2355 1343 2385 ulteriorem
1360 2354 1448 2385 Eaed.
1578 2352 1595 2375 k
1611 2360 1636 2383 et
1653 2355 1776 2393 triginta

366 2395 454 2425 Eaed.
542 2394 549 2418 1
566 2402 668 2425 cetera·
683 2396 770 2426 Eoed.

408 2465 448 2495 77
474 2464 532 2493 Per
554 2476 636 2504 quem
652 2487 660 2494 .
678 2487 685 2494 .
703 2465 781 2495 haud
805 2467 893 2495 dubio
915 2466 1048 2507 auctore]
1095 2467 1193 2498 unciis
1207 2468 1237 2498 7.

367 2509 449 2548 Lege
464 2517 534 2537 cum
559 2507 733 2537 Gronovio:
757 2520 808 2547 per
830 2520 909 2549 quem
924 2533 932 2540 .
949 2533 956 2540 .
971 2510 1051 2539 Ῐιιιιιιί
1137 2512 1173 2540 81
1187 2512 1205 2531 *ι
1221 2510 1354 2550 mnan-is]
1379 2508 1542 2540 Amentiae.

365 2552 486 2581 dubium
501 2555 659 2579 auctorem.
1138 2555 1176 2583 82
1203 2554 1313 2583 Celet-ce
1352 2554 1476 2582 (ἱνα-εὰν
1515 2552 1659 2592 civitates]
1706 2552 1776 2583 Sive

408 2594 448 2623 78
472 2593 598 2633 Argenti
624 2593 713 2632 bigati
737 2614 745 2622 .
770 2616 776 2622 .
800 2600 914 2624 centum
942 2601 969 2624 et
995 2596 1048 2624 tri·
1093 2595 1135 2625 sic
1159 2596 1254 2635 legas,
1277 2601 1311 2625 ut
1335 2594 1489 2635 intelligas
1511 2602 1613 2625 celcroe
1637 2596 1774 2631 Groeciae.

363 2638 449 2677 ginta
470 2635 580 2676 millia]
606 2635 758 2665 Denarios
782 2637 916 2666 130000.
961 2639 1048 2668 Mar·
1093 2638 1124 2668 id
1162 2643 1217 2672 est,
1255 2644 1424 2668 ceterarum
1459 2638 1588 2668 (iraeciae
1623 2638 1775 2679 partium:

366 2689 418 2710 cas
434 2683 583 2708 nostrates
597 2678 692 2708 2031.
707 2688 776 2708 cum
793 2679 891 2709 unciis
905 2680 935 2708 2.
1093 2680 1157 2711 sive
1172 2680 1260 2710 malis
1283 2690 1353 2711 cum
1372 2680 1453 2711 Υἱοὶ.
1471 2681 1575 2712 codice
1597 2686 1627 2711 et
1649 2681 1776 2722 quibus-

409 2722 449 2751 79
474 2722 633 2751 Duodecim
667 2722 760 2750 millia
797 2724 889 2760 pondo
916 2722 1048 2763 urgenti]
1094 2722 1167 2753 dam
1199 2722 1299 2757 editis,
1327 2730 1434 2753 ceteras
1472 2724 1597 2753 Gnrcir
1634 2725 1775 2758 civitates,

366 2764 494 2794 Marcas
508 2769 658 2793 nostrates
679 2764 788 2794 18750.
1093 2775 1200 2807 parum
1218 2766 1333 2796 scilieet
1348 2766 1483 2797 imm-est.

409 2807 449 2835 80
474 2807 549 2835 Auri
575 2808 667 2845 pondo
702 2812 817 2836 centum
849 2808 953 2847 viginti
989 2818 1049 2845 sep·
1137 2809 1179 2837 8:ss
1202 2810 1233 2837 δί
1250 2812 1387 2848 pnmstere
1404 2810 1524 2849 possint]
1550 2810 1627 2839 Haec
1650 2809 1776 2849 loquen-

368 2849 437 2889 tem]
463 2850 589 2879 Marcas
614 2854 761 2880 nostrates
786 2850 855 2879 198.
879 2859 947 2879 cum
971 2860 1049 2879 scm-
1093 2849 1125 2879 ‹li
1151 2851 1257 2884 forma,
1277 2863 1417 2892 quamvis
1440 2863 1546 2893 parum
1571 2852 1693 2884 usitata.
1718 2861 1777 2881 non
