1947 3222
177 234 218 265 U.
232 233 269 265 C.
282 235 356 266 552.

177 277 221 308 A.
233 277 269 308 C.
282 278 356 307 200.

179 319 293 359 Reguli
309 318 363 348 ad-

178 362 253 392 colae
267 363 376 392 Mace-

177 404 293 433 donum
305 403 376 444 jun-

176 452 254 486 gunt
267 457 300 477 se
314 447 377 478 Ro-

177 488 290 521 manis.

178 857 315 900 Philippi
325 859 378 890 ad-

177 907 311 943 paratus

178 1260 278 1294 Mittit
296 1267 335 1297 ad

178 1305 311 1339 AEtolos.

178 1661 286 1692 Oratio
296 1663 369 1692 Ma—

174 1703 326 1734 cedonum
336 1704 366 1734 in

175 1747 304 1777 concilio
317 1749 375 1778 ΛΕ-

174 1789 305 1820 tolosum

171 1838 281 1864 contra
296 1834 360 1863 Ro-

171 1884 290 1907 :manos-

388 122 440 161 26
876 124 1068 189 'T1T1
1106 120 1271 164 LI'Vll

447 230 678 272 XXVIII.
712 232 806 273 Hac
836 232 934 273 satis
963 233 1074 274 felici
1103 233 1367 290 expeditione
1396 235 1506 276 bello
1533 234 1800 288 14οοῐηῐῐιίεςεο,

388 287 523 342 reguli
555 303 603 328 ac
632 287 839 344 principes
874 289 1030 330 adcolae
1064 291 1346 332 Macedonum
1377 291 1419 332 in
1447 300 1582 333 castra
1614 292 1803 334 Romana

388 344 576 395 veniunt,
609 344 833 385 Pleuratus
870 345 1108 387 Scerdilaedi
1138 347 1262 397 filius,
1294 356 1335 389 et
1365 348 1638 404 Amynander
1669 349 1803 390 Atha„

389 415 558 441 manum
587 415 676 451 rex,
697 408 740 441 et
769 416 821 441 ex
852 401 1060 442 Dardanis
1092 404 1214 453 Bato,
1241 404 1425 460 Longari
1454 405 1575 446 filius.
1637 405 1800 446 Bellum

390 471 466 497 suo
495 456 659 497 nomine
691 457 912 513 Longarus
933 473 1028 498 cum
1059 459 1274 501 Demetrio
1306 461 1491 517 Phih’ppi
1522 469 1641 517 patre
1670 477 1804 517 gesse-

388 521 466 554 rat.
529 513 826 555 Pollicentibus
865 513 1023 555 auxilia
1061 516 1274 572 respondit
1314 518 1471 568 consul,
1508 518 1804 559 Dardanorum

389 577 430 610 et
453 570 639 611 Pleurati
660 585 799 626 opera,
821 585 954 626 quum
984 571 1212 613 exercitum
1242 573 1285 613 in
1317 573 1607 615 Macedoniam
1637 574 1805 615 induce-

388 633 467 676 ret,
491 642 532 667 se
554 642 742 667 usurum.
803 627 1079 682 Amynandro
1101 629 1266 670 AEtolos
1286 630 1553 671 concitandos
1573 631 1626 671 ad
1646 631 1803 672 bellum

389 682 606 724 adtribuit.
667 683 804 724 Attali
826 683 972 739 legatis
995 684 1109 736 (nam
1129 684 1158 725 ii
1179 701 1347 741 quoque
1368 701 1443 741 per
1471 686 1511 727 id
1542 695 1707 743 tempus
1736 703 1804 728 ve-

389 743 555 794 nerant)
592 740 778 790 mandat,
812 748 859 781 ut
901 739 1071 796 AEginae
1103 756 1191 791 rex,
1228 742 1301 782 ubi
1342 743 1602 793 hibernabat,
1635 744 1804 785 classem

391 795 623 836 Romanam
653 797 928 852 opperiretur.
960 812 1045 853 qua
1074 797 1287 852 adjuncta,
1314 798 1424 839 bello
1452 799 1674 850 maritimo,
1698 801 1806 842 sicut

389 860 498 901 ante,
525 852 770 909 Philippum
792 861 1003 908 urgueret.
1046 854 1118 894 Ad
1141 854 1330 895 Rhodios
1346 869 1514 910 quoque
1531 856 1640 897 missi
1662 857 1805 913 legati,

390 916 438 949 ut
473 919 731 964 capesserent
766 919 927 965 partem
959 910 1069 951 belli.
1131 911 1219 951 Nec
1254 911 1475 967 Philippus
1505 912 1671 966 segnius
1693 914 1805 969 (jam

388 965 498 1006 enim
532 966 574 1006 in
613 966 903 1007 Macedoniam
939 970 1204 1023 pervenerat)
1241 967 1470 1023 adparabat
1505 968 1674 1009 bellum.
1736 971 1806 1010 Fi-

390 1021 491 1063 lium
525 1023 688 1073 Persea,
720 1022 937 1078 ¹⁵puerum
968 1023 1213 1072 admodum,
1244 1024 1353 1064 datis
1387 1040 1437 1064 ex
1469 1025 1695 1065 amicorum
1731 1040 1807 1066 nu-

389 1094 516 1129 mero,
539 1080 613 1134 qui
645 1087 810 1121 aetatem
831 1081 922 1135 ejus
941 1088 1148 1135 regerent,
1170 1095 1265 1121 cum
1285 1088 1404 1137 parte
1425 1081 1637 1136 copiarum
1659 1081 1712 1122 ad
1733 1082 1806 1123 ob-

390 1135 580 1176 sidendas
609 1138 838 1191 angustias,
859 1152 955 1192 quae
984 1137 1037 1177 ad
1070 1136 1335 1193 Pelagoniam
1357 1145 1469 1187 sunt,
1490 1138 1632 1178 mittit.
1696 1139 1806 1179 Scia-

389 1192 510 1233 thum
531 1203 572 1234 et
597 1193 888 1249 Peparethum,
909 1193 1024 1234 haud
1039 1194 1243 1250 ignobiles
1258 1194 1397 1244 urbes,
1410 1209 1462 1234 ne
1482 1194 1599 1235 classi
1619 1194 1802 1235 hostium

388 1249 543 1304 praedae
563 1265 610 1290 ac
631 1250 803 1305 praemio
823 1259 971 1301 essent,
993 1250 1135 1292 diruit.
1196 1251 1269 1291 Ad
1290 1250 1456 1291 AEtolos
1479 1250 1609 1292 mittit
1629 1251 1802 1306 legatos,

388 1321 439 1346 ne
459 1322 560 1360 gens
581 1306 766 1361 inquieta
786 1307 970 1348 adventu
993 1308 1278 1347 Romanorum
1299 1307 1424 1347 fidem
1445 1315 1639 1349 mutaret.

448 1364 634 1403 XXIX.
669 1364 901 1405 Concilium
924 1364 1160 1405 *Etolorum
1185 1371 1342 1404 statuta
1363 1363 1444 1413 die,
1466 1364 1580 1419 quod
1614 1363 1805 1405 Panaeto-

390 1420 490 1460 lium
512 1428 674 1468 vocant,
696 1420 889 1461 futurum
919 1428 1019 1461 erat.
1082 1420 1196 1461 Huic
1222 1428 1270 1460 ut
1299 1420 1583 1470 obcurrereut,
1605 1429 1645 1461 et
1677 1420 1802 1475 legati

388 1476 497 1532 regis
517 1477 596 1517 iter
616 1477 918 1526 adcelerarunt,
940 1484 981 1518 et
1002 1477 1054 1517 ab
1075 1476 1242 1517 consule
1271 1476 1420 1517 missus
1443 1478 1493 1517 L.
1518 1477 1674 1518 Furius
1698 1477 1804 1518 Pur-

388 1548 520 1588 pureo
552 1534 714 1590 legatus
750 1535 873 1575 venit.
949 1533 1269 1573 Atheniensium
1305 1548 1475 1588 quoque
1510 1533 1635 1588 legati
1671 1534 1725 1574 ad
1760 1533 1803 1574 id

388 1590 605 1631 concilium
646 1591 935 1631 obcurrerunt.
1015 1589 1162 1630 Primiy
1204 1589 1470 1638 Macedones,
1511 1604 1607 1630 cum
1648 1590 1804 1645 quibus

388 1647 715 1688 recentissimum
736 1647 876 1687 foedus
896 1654 999 1693 erat,
1021 1646 1155 1686 auditi
1178 1654 1286 1687 sunt.
1319 1645 1408 1700 qui,
1431 1645 1582 1686 ¹⁶nulla
1613 1661 1717 1687 nova
1746 1661 1805 1694 re,

388 1704 494 1743 nillil
522 1719 562 1743 se
591 1705 685 1743 novi
713 1704 871 1751 habere,
895 1705 1001 1756 quod
1029 1704 1254 1756 adferrent,
1276 1702 1496 1743 dixerunt:
1531 1703 1671 1756 quibus
1700 1705 1806 1744 enim

386 1761 435 1800 de
455 1761 615 1807 caussis,
639 1766 806 1813 experta
827 1761 968 1800 inutili
993 1761 1182 1801 societate
1207 1760 1410 1808 Romana,
1427 1773 1568 1812 pacem
1595 1774 1680 1800 cum
1700 1761 1804 1800 Phi-

385 1818 498 1870 lippo
501 1818 713 1870 ficissent,
731 1818 990 1870 compositam
1009 1818 1127 1858 semel
1145 1830 1306 1857 servare
1322 1829 1385 1856 eos
1407 1816 1558 1856 dehere.
1618 1817 1686 1857 An
1709 1817 1800 1857 imi·

386 1876 487 1924 tari,
508 1875 644 1930 inquit
666 1890 773 1915 unus
795 1889 845 1915 ex
866 1873 1027 1929 legatis,
1050 1874 1321 1914 Romanorum
1342 1874 1561 1921 licentiam,
1583 1887 1639 1913 an
1659 1875 1802 1915 levita-

386 1939 465 1972 tem
486 1933 630 1982 dicam,
653 1933 838 1972 mavultis
851 1935 872 1970 ‚9
904 1931 985 1984 qui,
1009 1945 1125 1985 quum
1151 1931 1298 1984 legatis
1317 1932 1458 1971 vestris
1479 1931 1621 1970 Romoe
1639 1945 1802 1984 respon-

387 1990 478 2029 deri
490 1989 548 2029 ita
552 1988 782 2042 jussissent,
803 1989 915 2036 Quid
927 1989 984 2028 ad
999 2002 1069 2029 nos
1082 1988 1243 2039 venitis,
1262 1987 1412 2038 AEtoli,
1426 1988 1513 2028 sine
1531 2001 1695 2041 quorum
1711 2002 1805 2028 auc-

388 2048 557 2086 toritate
571 2061 712 2099 pacem
731 2060 814 2086 cum
850 2046 1049 2098 Philippo
1061 2045 1228 2099 fecistis
1245 2047 1266 2082 Ρ
1299 2045 1419 2084 iidem
1451 2058 1566 2093 nunc,
1589 2051 1633 2084 ut
1663 2045 1803 2085 bellum

384 2118 509 2144 secum
530 2105 719 2144 adversus
737 2104 974 2156 Philippum
985 2103 1157 2156 geratis,
1167 2102 1390 2155 postulant.
1407 2108 1445 2142 et
1460 2109 1582 2142 antea
1598 2101 1805 2155 1⁷propter

386 2175 467 2210 vos,
489 2167 528 2200 et
543 2175 619 2213 pro
649 2160 754 2201 vobis
780 2175 898 2200 arma
917 2166 1046 2200 sumta
1076 2161 1265 2200 adversus
1286 2173 1373 2198 eum
1401 2159 1667 2205 sz'mulahant‚·
1700 2173 1805 2199 nunc

386 2233 452 2258 vos
472 2219 514 2257 in
531 2232 634 2270 pace
654 2232 734 2258 esse
753 2231 837 2257 cum
862 2217 1061 2270 Philippo
1074 2216 1305 2270 prohibent.
1365 2216 1570 2256 IVIessance
1586 2222 1628 2255 ut
1644 2217 1803 2256 auxilio

386 2281 525 2323 essent,
543 2276 679 2328 primo
695 2274 777 2314 ¹⁸in
793 2275 976 2316 Siciliam
994 2275 1324 2314 conscenderunt:
1346 2274 1504 2321 iterum,
1522 2279 1564 2313 ut
1585 2273 1804 2327 Syracusas

387 2333 593 2386 obpressus
613 2332 664 2372 ab
684 2331 1093 2386 Karthaginiensibus
1123 2332 1165 2371 in
1196 2330 1420 2371 libertatem
1452 2331 1680 2370 eximerent.
1742 2331 1803 2371 Et

914 2434 930 2458 Υ
949 2431 1049 2461 Primo
1064 2430 1161 2462 Gron.
1179 2429 1270 2460 Crev.

436 2526 500 2556 14⁸·
514 2527 679 2567 Commisso]
705 2527 844 2567 incepto.
866 2524 940 2555 Yid.
964 2531 1027 2556 not.
1043 2526 1074 2556 4.
1117 2535 1177 2565 quo
1201 2528 1288 2566 crant
1313 2532 1409 2563 quum
1432 2520 1534 2552 fredus
1557 2521 1636 2551 inter
1659 2527 1804 2563 utrosque.

390 2569 431 2601 ad
448 2569 492 2599 11.
509 2570 560 2600 36.
1119 2577 1217 2609 nuper
1243 2565 1338 2596 ictum
1368 2565 1477 2595 fuerat.
1537 2563 1650 2595 Confer
1676 2564 1800 2597 clausu-

434 2612 503 2643 15*
518 2612 647 2642 Puerum
681 2611 851 2651 admodum]
889 2611 915 2640 T
918 2621 969 2640 um
1000 2609 1075 2641 duo·
1119 2610 1181 2641 lam
1197 2608 1289 2649 hujus
1303 2607 1460 2639 orationis.

391 2655 491 2686 «lecim
508 2664 604 2685 annos
627 2660 745 2689 natum,
761 2664 856 2694 quum
880 2653 1000 2683 decimo
1023 2663 1074 2684 oc·
1164 2652 1228 2682 17·
1242 2652 1366 2690 Propter
1389 2661 1443 2685 ros,
1466 2656 1493 2680 et
1507 2660 1561 2689 pro
1584 2649 1672 2690 vobis]
1697 2649 1748 2680 Ita
1770 2654 1805 2680 ut

391 2704 462 2729 tavo
483 2703 552 2740 post
573 2698 654 2729 hunc
677 2707 769 2733 anno,
793 2695 871 2726 infra
893 2696 963 2726 XL.
978 2697 1009 2727 6.
1030 2695 1076 2726 di·
1119 2700 1221 2726 vestra
1235 2693 1373 2724 defensio
1386 2692 1446 2723 illis
1460 2698 1490 2724 et
1512 2702 1605 2723 causa
1619 2691 1695 2723 belli
1710 2696 1802 2727 esset,

390 2746 478 2771 catur
495 2741 679 2772 tricesimum
697 2750 811 2771 annum
827 2748 928 2779 agere.
1121 2743 1152 2768 et
1164 2737 1243 2768 finis.

435 2785 605 2815 16¹*anla
641 2795 711 2814 πηνα
755 2784 801 2825 re]
848 2782 953 2818 Quum
998 2780 1073 2811 nihil
1163 2781 1201 2811 18
1228 2779 1262 2809 In
1291 2779 1419 2809 Siciliam
1442 2777 1686 2820 conscenderunt]
1716 2776 1801 2808 Mal-

391 2826 460 2857 novi
488 2827 661 2865 accidisset,
684 2837 778 2868 quum
805 2823 911 2856 eodem
939 2824 968 2853 in
992 2829 1074 2854 statu
1120 2823 1494 2854 lcmustranat-cuderunt.

390 2880 437 2899 res
461 2876 561 2901 essent
584 2870 660 2902 inter
684 2869 862 2911 Philippum
887 2872 918 2898 ct
942 2866 1073 2902 :Etolos
