1947 3222
125 218 168 248 U.

126 260 168 292 A.

179 217 217 248 C.

181 260 220 292 C.

335 99 412 135 258
858 90 1005 130 ΤῙΤῙ
1045 90 1209 129 LIVII

229 217 305 248 561.
338 205 457 255 solet,
499 209 695 259 exceptos
733 200 996 243 declinabant
1034 201 1170 247 ictus;
1221 200 1332 242 ⁸⁹sed
1372 200 1521 242 armati
1555 200 1749 256 frequen-

233 261 305 292 ¹9¹·
340 270 418 312 tes,
453 260 626 317 quidam
658 259 775 316 ignes
809 258 950 323 etiarn,
983 274 1089 314 quos
1123 259 1348 314 aggeribus
1379 258 1609 321 injicerent,
1643 257 1748 298 fere-

340 318 455 360 bant.
494 317 671 358 fornices
710 331 881 372 quoque
919 329 962 355 1n
1001 330 1123 355 muro
1156 323 1274 356 erant
1308 322 1395 371 aptl
1435 314 1490 355 ad
1529 328 1750 355 excurren-

343 375 470 416 dum:
502 381 544 415 et
564 373 577 414 i
610 373 657 423 si,
680 387 813 429 quum
834 387 911 428 pro
931 371 1084 412 dirutis
1103 371 1318 413 reficerent
1347 386 1503 421 muros,
1524 370 1752 412 crebriores

342 447 426 481 eos,
461 439 508 472 ut
543 389 737 487 pliilribus
770 435 1060 483 erumperetur
1098 426 1141 467 in
1179 427 1337 470 hostem
1379 428 1492 477 locis,
1527 427 1748 468 faciebant.

345 489 440 528 Hoc
469 488 616 544 primis
643 486 805 534 diebus,
827 484 929 524 dum
950 483 1125 539 integrae
1155 484 1264 525 vires
1287 493 1419 535 erant,
1440 492 1480 525 et
1510 485 1752 539 frequentes

342 553 382 586 et
415 544 578 600 inpigre
610 543 822 583 fecerunt:
867 540 909 580 in
941 540 1029 580 dies
1060 540 1224 590 deinde,
1259 541 1472 596 pauciores
1499 549 1538 582 et
1571 541 1750 596 segnius.

341 602 527 649 Etenim,
549 613 681 655 quum
703 596 847 638 multis
867 605 1150 652 urguerentur
1164 596 1303 647 rebus,
1319 598 1436 639 nulla
1450 613 1519 639 eos
1534 613 1598 638 res
1615 612 1751 653 aeque,

340 673 388 699 ac
417 656 573 712 vigiliae
602 653 901 701 conficiebant;
940 654 1142 694 Romanis
1172 653 1214 693 in
1243 669 1396 709 magna
1424 655 1543 710 copia
1570 653 1751 695 militum

340 712 657 755 succedentibus
692 710 782 751 aliis
816 711 860 751 in
895 710 1116 752 stationem
1154 709 1345 760 aliorum,
1382 711 1548 752 AEtolos
1579 718 1754 767 propter

340 770 594 825 paucitatem
630 767 796 809 eosdem
831 766 919 808 dies
953 774 1179 822 noctesque
1213 766 1381 808 assiduo
1417 767 1557 808 labore
1591 775 1750 808 urente.

343 827 424 867 Per
461 833 645 881 quatuor
680 832 721 865 et
761 823 910 879 viginti
951 823 1054 874 dies,
1089 823 1150 864 ita
1187 831 1235 865 ut
1275 824 1440 865 nullum
1479 832 1646 879 tempus
1683 838 1755 864 va-

340 898 466 924 cuum
502 881 766 923 dimicatione
801 888 923 930 esset,
958 880 1159 921 adversus
1197 889 1381 936 quatuor
1415 886 1437 920 e
1471 880 1663 936 partibus
1703 879 1755 920 si-

341 939 431 980 mul
451 940 765 995 obpugnantem
785 937 947 978 hostem
977 945 1207 978 nocturnus
1228 937 1379 978 diurno
1408 937 1677 978 continuatus
1696 935 1754 976 la-

341 996 418 1037 bor
447 1004 520 1037 est.
594 997 736 1045 Quum
766 994 964 1049 fatigatos
988 994 1077 1049 jam
1111 993 1278 1035 AEtolos
1307 994 1427 1035 sciret
1457 993 1601 1035 consul
1631 1001 1672 1034 et
1702 1007 1753 1033 ex

341 1052 500 1094 ratione
531 1051 742 1108 temporis,
771 1059 813 1092 et
848 1050 964 1106 quod
992 1051 1053 1091 ita
1087 1051 1317 1106 transfugae
1348 1051 1639 1100 adfirmabant,
1671 1048 1754 1090 tale

341 1109 559 1150 consilium
588 1108 693 1150 iniit.
730 1107 868 1148 media
896 1115 1016 1148 nocte
1048 1107 1235 1163 receptui
1268 1108 1433 1163 signum
1464 1107 1596 1157 dedit,
1627 1114 1668 1147 et
1700 1106 1754 1147 ab

341 1165 654 1221 obpugnatione
686 1163 808 1205 simul
838 1178 979 1204 omnes
1011 1163 1162 1204 milites
1194 1163 1397 1205 deductos
1429 1179 1563 1219 usque
1589 1163 1643 1204 ad
1673 1171 1755 1204 ter-

342 1222 443 1263 tiam
473 1222 555 1263 diei
585 1222 731 1262 horam
761 1221 926 1276 quietos
955 1219 997 1260 in
1028 1220 1173 1261 castris
1207 1221 1353 1261 tenuit.
1390 1221 1486 1262 inde
1515 1228 1654 1276 coepta
1681 1219 1756 1260 ob-

343 1279 548 1334 pugnatio
583 1278 635 1318 ad
671 1276 850 1318 mediam
885 1291 1031 1318 rursus
1063 1285 1227 1318 noctem
1261 1278 1466 1333 perducta
1500 1285 1585 1318 est:
1629 1276 1756 1317 inter-

342 1336 467 1377 missa
496 1334 646 1375 deinde
676 1349 810 1390 usque
840 1333 893 1374 ad
924 1333 1089 1374 tertiam
1120 1333 1200 1374 diei
1228 1333 1385 1375 horam.
1445 1333 1755 1389 Fatigationem

342 1392 422 1433 rati
439 1406 624 1433 caussam
641 1406 727 1432 esse
745 1390 879 1432 AEtoli
900 1405 982 1430 non
999 1389 1290 1431 continuandae
1305 1389 1643 1447 obpugnationis,
1657 1404 1756 1445 quae

343 1458 385 1490 et
418 1449 534 1504 ipsos
568 1448 792 1498 adfecerat,
829 1446 902 1488 ubi
941 1446 1141 1487 Romanis
1175 1447 1320 1488 datum
1361 1446 1547 1503 receptui
1588 1446 1754 1502 signum

342 1514 464 1555 esset,
497 1504 614 1546 velut
646 1503 726 1560 ipsi
758 1518 931 1560 quoque
965 1503 1044 1544 hoc
1078 1503 1274 1554 revocati,
1306 1519 1383 1560 pro
1416 1520 1457 1545 se
1489 1503 1669 1559 quisque
1701 1517 1753 1543 ex

342 1562 592 1603 stationibus
622 1561 896 1602 decedebant:
928 1575 1003 1601 nec
1023 1568 1119 1602 ante
1146 1561 1310 1602 tertiam
1332 1561 1415 1602 diei
1434 1561 1580 1603 horam
1607 1559 1755 1601 armati

342 1619 385 1660 in
406 1619 537 1660 muris
558 1617 826 1673 adparebant.

402 1676 578 1716 XXIV.
613 1675 786 1724 Consul,
808 1688 940 1730 quum
967 1681 1087 1715 nocte
1112 1673 1249 1714 media
1278 1674 1561 1716 intermisisset
1591 1674 1755 1730 obpug-

341 1731 568 1781 nationem,
585 1739 738 1787 quarta
757 1730 900 1785 vigilia
919 1745 1064 1771 rursus
1084 1731 1137 1771 ab
1159 1731 1295 1771 tribus
1316 1731 1508 1786 partibus
1530 1746 1693 1772 summa
1711 1730 1753 1771 vi

342 1789 578 1844 adgressus,
609 1788 662 1829 ab
695 1803 779 1828 una
809 1788 878 1828 Ti.
903 1786 1195 1842 Sempronium
1226 1795 1365 1828 tenere
1394 1787 1575 1829 intentos
1603 1787 1757 1828 milites

343 1846 595 1901 signumque
625 1852 912 1900 exspectantes
927 1843 1069 1900 jussit,
1091 1843 1144 1883 ad
1165 1858 1214 1884 ea
1242 1843 1283 1884 in
1314 1852 1518 1885 nocturno
1548 1843 1753 1893 tumultu,

342 1901 454 1942 unde
475 1900 629 1942 clamor
649 1900 934 1949 exaudiretur,
951 1899 1067 1940 haud
1088 1899 1215 1940 dubie
1235 1908 1352 1941 ratus
1371 1901 1511 1942 hostes
1532 1915 1756 1941 concursu-

342 1974 420 1999 ros.
483 1957 618 1999 AEtoli
654 1972 750 2014 pars
785 1956 908 2013 sopiti
944 1956 1109 1997 adfecta
1142 1956 1282 1997 labore
1314 1972 1360 1998 ac
1394 1957 1548 2013 vigiliis
1582 1971 1757 2013 corpora

341 2031 393 2057 ex
415 2031 558 2056 somno
578 2014 880 2055 moliebantur:
913 2028 1009 2069 pars
1039 2013 1260 2068 vigilantes
1294 2013 1419 2055 tdhuc
1446 2014 1501 2055 ad
1531 2013 1753 2071 strepitum

342 2071 621 2128 pugnantium
647 2070 688 2111 in
722 2070 904 2112 tenebris
933 2079 1121 2111 currunt.
1194 2071 1351 2112 Hostes
1380 2072 1533 2127 partim
1566 2085 1641 2126 per
1670 2070 1755 2111 rui-

342 2144 415 2169 nas
430 2128 606 2185 jacentis
627 2127 736 2169 muri
767 2126 1056 2169 transcendere
1087 2135 1318 2174 conantur;
1383 2127 1505 2169 artim
1535 2127 1654 2169 scalis
1683 2127 1755 2167 ad-

343 2200 508 2226 scensus
539 2192 715 2226 tentant.
747 2183 946 2225 adversus
976 2198 1081 2239 quos
1111 2183 1300 2240 undique
1324 2143 1380 2225 ad)
1398 2199 1518 2240 opem
1540 2183 1752 2224 ferendam

341 2242 574 2283 obcurrunt
597 2240 744 2282 AEtoli.
804 2240 948 2281 ⁹⁰Pars
970 2255 1066 2290 una,
1088 2240 1130 2281 in
1152 2255 1238 2296 qua
1257 2240 1432 2282 aedificia
1460 2250 1580 2282 extra
1606 2239 1754 2281 urbem

342 2306 474 2347 erant,
492 2313 626 2354 neque
643 2296 898 2347 defenditur,
916 2312 1052 2352 neque
1067 2297 1340 2353 obpugnatur
1355 2314 1363 2338 :
1397 2297 1483 2347 sed,
1500 2296 1574 2352 qui
1590 2296 1755 2352 obpug-

343 2362 503 2404 narent,
524 2355 673 2396 intenti
696 2354 859 2410 signum
889 2354 1212 2410 exspectabant;
1245 2354 1437 2395 defensor
1456 2368 1577 2394 nemo
1596 2352 1753 2394 aderat.

343 2520 385 2552 sic
402 2517 527 2551 Gelenii
551 2518 639 2555 liber,
654 2529 724 2550 cum
743 2528 804 2549 uno
823 2528 839 2549 e
855 2517 1026 2550 Gronovia-
1071 2528 1126 2549 suo
1153 2517 1322 2559 exemplari
1358 2517 1525 2550 Gelenius:
1558 2529 1654 2560 quum
1682 2523 1755 2550 ante

345 2563 392 2594 nis
406 2568 437 2593 nt
452 2567 554 2593 nostro
571 2561 653 2592 vict.
1071 2571 1142 2592 eum
1166 2561 1333 2601 legeretur:
1362 2572 1430 2601 pars
1451 2573 1523 2597 una,
1547 2574 1604 2601 qua
1622 2573 1754 2604 progres-

389 2607 430 2637 89
461 2606 517 2636 Sed
549 2606 657 2634 armati
682 2603 871 2645 frequentes]
916 2603 1028 2645 Adjice
1070 2605 1094 2634 si
1122 2610 1218 2634 erant.
1271 2604 1344 2640 Qua.
1380 2604 1410 2634 in
1446 2604 1660 2637 emendatione
1698 2605 1755 2635 hoc

346 2649 471 2679 omnino
492 2649 688 2687 erumpebant,
711 2647 759 2677 vel
781 2646 865 2676 aliud
886 2646 960 2687 quid
989 2645 1029 2676 si·
1074 2656 1171 2677 unum
1193 2645 1277 2676 haud
1299 2647 1423 2677 omnino
1438 2647 1553 2688 placet,
1568 2648 1650 2689 quod
1666 2647 1755 2679 addi-

347 2692 429 2722 mile.
1074 2693 1123 2719 tur
1144 2687 1296 2731 particula
1319 2691 1360 2726 in,
1383 2690 1523 2731 ignorata
1546 2691 1615 2722 aliis
1636 2690 1756 2733 scriptis

390 2735 432 2765 90
458 2732 531 2764 Pars
560 2744 633 2768 una,
659 2732 691 2761 in
713 2742 769 2771 qua
798 2730 923 2771 oedificia
948 2737 1029 2761 extra
1072 2737 1104 2762 et
1126 2738 1200 2762 vett.
1214 2731 1323 2762 editis:
1347 2743 1415 2775 quae
1434 2733 1561 2775 quidem
1581 2734 1754 2776 elegantius

346 2778 446 2807 urbem
468 2777 568 2818 erant]
599 2775 692 2807 Hunc
713 2774 815 2806 locum
837 2773 969 2805 restituit
991 2784 1027 2805 ex
1072 2774 1203 2806 abesset.
