1947 3222
336 129 412 165 404
857 123 1009 162 -TITI
1056 124 1228 162 LIVlI

338 237 454 277 mfim
486 231 680 277 Atticum
711 243 877 276 eentum
899 230 1047 289 'viginti
1070 242 1227 289 septem
1248 233 1399 274 millia:
1432 233 1761 291 ³⁰cistophorfim

339 293 521 334 ducenta
549 292 879 349 quinquaginta:
922 290 1281 346 ³¹Philippe0rum
1314 306 1535 332 aureorum
1570 306 1761 332 nummo-

339 365 433 391 rum
470 350 647 391 sedecim
687 349 817 389 millia
851 354 1057 389 trecentos
1094 346 1266 402 viginti:
1313 357 1355 389 et
1395 364 1510 389 arma
1545 348 1763 404 spoliaque

340 407 474 448 multa
504 406 683 456 Gallica,
715 404 922 460 carpentis
952 411 1197 445 transvecta.
1234 404 1361 445 duces
1390 405 1574 446 hostium
1605 404 1694 445 duo
1723 412 1767 446 et

338 463 647 520 quinquaginta
682 462 797 503 ducti
834 468 929 501 ante
965 475 1148 500 currum.
1194 460 1398 502 militibus
1429 461 1765 518 ³2quadragenos

321 520 459 561 -binos
498 519 688 561 denarios
729 516 885 566 divisit,
920 516 1077 572 duplex
1118 516 1377 565 centurioni;
1425 527 1466 560 et
1508 518 1764 574 stipendium

339 576 398 617 du
431 577 497 618 lex
519 577 561 617 in
582 575 744 632 pedites
771 573 904 623 dedit,
928 572 1080 628 triplex
1111 573 1153 614 in
1183 574 1357 628 equites.
1418 575 1550 616 Multi
1576 574 1763 616 omnium

339 593 549 683 ordinum,
591 631 734 673 donati
775 629 1027 671 militaribus
1077 629 1211 680 donis,
1252 645 1421 672 currum
1473 632 1602 673 secuti
1652 640 1763 673 sunt.

340 691 606 745 carminaque
635 704 659 730 a
689 687 895 729 militibus
929 702 977 728 ca
1006 685 1049 727 in
1084 686 1376 743 imperatorem
1407 687 1534 738 dicta,
1565 696 1612 729 ut
1645 688 1767 729 facile

340 747 575 802 adpareret,
597 746 639 786 in
670 745 820 786 ducem
852 743 1141 799 indulgentem
1160 743 1554 800 53ambitiosumque
1576 760 1624 785 ea
1652 745 1763 792 dici;

341 803 602 859 triumphum
635 817 722 843 esse
752 800 922 842 militari
952 800 1085 856 magis
1106 800 1262 850 favore,
1285 816 1412 856 quam
1433 800 1643 857 populari,
1664 801 1768 843 cele-

339 860 468 900 brem.
532 859 614 900 Sed
644 859 698 900 ad
729 857 875 914 populi
906 872 1077 913 quoquc
1106 857 1284 913 gratiam
1317 857 1615 899 conciliandam
1646 858 1768 900 amici

340 915 494 958 Manlii
534 916 770 957 valuerunt.
822 914 980 970 quibus
1024 913 1312 956 adnitentibus
1361 914 1788 966 senatusconsultum,

339 973 500 1015 factum
521 981 598 1024 est,
628 973 683 1014 Ut
709 987 758 1013 ex
781 972 972 1025 pecunia,
995 984 1084 1025 qna?
1114 972 1158 1011 in.
1189 972 1392 1025 triumpho
1422 973 1628 1013 translata
1658 978 1769 1022 esset,
1786 971 1801 1031 ’ξ

339 1029 639 1084 ³⁴stzpendz·um,
662 1031 862 1071 conlatum
894 1042 919 1069 α
943 1029 1097 1081 populo
1127 1029 1170 1069 in
1197 1029 1414 1083 publicum,
1437 1030 1544 1083 quod
1562 1028 1645 1083 ejus
1663 1030 1770 1070 solu-
1807 1071 1809 1075 ,

340 1094 422 1128 tum
452 1096 575 1128 antea
606 1101 686 1127 non
715 1093 826 1135 esset,
849 1087 1082 1127 solveretur.
1145 1086 1320 1127 Vicenos
1341 1086 1492 1142 quinos
1512 1094 1553 1128 et
1585 1086 1770 1127 semisses

341 1144 383 1185 in
404 1145 535 1185 millia
555 1144 649 1185 aeris
670 1151 900 1200 quaestores
921 1142 1071 1183 urbani
1101 1157 1196 1182 cum
1227 1142 1309 1183 fide
1339 1151 1381 1184 et
1411 1158 1512 1184 cura
1542 1143 1769 1185 solverunt.
1812 1146 1818 1150 ⁴

343 1202 426 1242 Per
445 1201 555 1242 idem
578 1210 744 1256 tempus
765 1199 924 1241 tribuni
945 1198 1128 1240 militum
1159 1199 1244 1240 duo
1272 1215 1324 1240 ex
1355 1200 1521 1241 duabus
1552 1199 1770 1256 Hispaniis

342 1273 437 1298 cum
468 1257 599 1299 literis
623 1259 669 1299 C.
694 1256 830 1298 Atinii
860 1264 901 1297 et
934 1255 983 1296 L.
1008 1255 1173 1305 Manlii,
1196 1255 1270 1311 qui
1301 1271 1368 1296 eas
1397 1256 1632 1312 provincias
1661 1257 1770 1298 obti-

340 1315 511 1365 nebant,
542 1322 758 1355 venerunt.
835 1314 904 1354 Ex
935 1312 985 1353 iis
1015 1312 1148 1354 literis
1177 1312 1391 1368 cognitum
1423 1321 1500 1360 est,
1534 1313 1768 1354 Celtiberos

343 1371 653 1427 Lusitanosque
683 1371 725 1412 in
757 1369 881 1411 armis
903 1384 1003 1419 csse,
1026 1377 1066 1410 ct
1088 1368 1291 1410 sociorum
1321 1385 1443 1424 agros
1473 1369 1681 1426 populari.
1713 1369 1767 1410 de

342 1443 389 1468 ea
419 1443 463 1469 re
493 1427 835 1469 consultationem
872 1426 1076 1483 integram
1108 1434 1276 1468 senatus
1306 1427 1361 1468 ad
1389 1441 1519 1467 novos
1549 1426 1765 1483 magistra-

1073 1556 1148 1587 buto
1183 1566 1282 1586 sermo
1319 1560 1410 1589 esset.
1444 1566 1506 1586 non
1543 1555 1671 1598 privatis
1707 1555 1765 1588 ali-

341 1558 418 1589 etin
432 1558 660 1600 exemplaribus
683 1564 754 1589 ante
777 1568 848 1589 eum
868 1557 958 1590 editis
982 1567 1028 1588 re-

1075 1598 1149 1640 quid
1173 1598 1354 1630 solvendum
1378 1609 1416 1629 ex
1441 1599 1548 1630 aerario
1571 1599 1689 1634 suisset,
1713 1599 1770 1631 sed

342 1602 456 1642 peritur
478 1601 543 1632 haec
566 1601 669 1637 lectio,
694 1611 789 1642 quam
815 1601 867 1631 ille
890 1600 1031 1643 plurimis

342 1644 443 1675 verbis
466 1645 552 1675 velut
574 1654 687 1674 novam
711 1655 728 1674 a
752 1653 784 1675 se
807 1644 960 1686 proditam
984 1653 1031 1673 as-

341 1687 445 1718 seruit.
499 1687 568 1718 Nec
595 1693 699 1718 tamen
729 1686 785 1717 illa
817 1687 913 1718 altera
935 1685 1030 1727 scrip-

342 1735 422 1765 tura,
437 1740 531 1771 quam
554 1730 684 1760 damnat
705 1729 798 1764 idem,
822 1737 905 1760 caret
928 1738 1029 1760 exeni-

342 1772 412 1813 plis.
458 1773 540 1804 Vide
554 1783 646 1814 supra
663 1773 684 1803 l.
701 1773 877 1803 XXXVII.
894 1783 922 1803 c.
938 1772 990 1804 59.
1002 1776 1032 1802 et

340 1816 362 1846 l.
378 1816 516 1846 XXXV.
532 1826 560 1845 e.
573 1816 628 1846 20.

384 1859 426 1888 30
442 1857 642 1897 Cis-zophorum
657 1859 783 1887 ‹Ine-mita
799 1856 1031 1898 quinquaginta]

342 1900 459 1941 Supple
515 1900 623 1931 millia.
691 1899 844 1930 Denarios
897 1899 1030 1941 amplius

347 1944 479 1974 133333.
516 1944 644 1974 Marcas
659 1941 778 1983 argenti
795 1947 946 1973 nostrates
961 1942 1031 1984 plus

340 1987 434 2017 2073.

384 2030 421 2059 31
473 2029 690 2068 Philippeorum
737 2039 892 2057 aureorum
944 2038 1029 2057 num—

341 2083 454 2102 morum
479 2074 597 2102 sedecim.
623 2072 715 2101 mmm
746 2071 913 2111 CCCXX]
950 2070 1031 2100 Pon-

342 2114 400 2145 dus
419 2114 476 2145 erit
499 2124 668 2145 marcarum
694 2113 877 2144 nostratium
900 2112 1033 2156 amplius

341 2157 416 2187 509.

385 2200 426 2230 32
451 2198 660 2240 Quadragmms
682 2200 759 2228 binos
780 2197 928 2238 denarios]
964 2198 1033 2229 Un-

342 2241 406 2273 cias
428 2242 547 2282 argenti
573 2246 723 2272 nostrates
750 2243 780 2272 5.
803 2251 873 2271 eum
897 2239 1029 2278 duobus,

343 2291 377 2316 ut
392 2290 518 2323 vocant,
534 2284 656 2326 grossis.

386 2327 669 2367 33⁴*llmbitios1mfl
695 2325 759 2363 Qui
773 2325 869 2356 nimia
884 2325 1032 2356 facilitate

343 2369 473 2411 gratiam
490 2371 572 2412 apud
589 2370 702 2401 milites
714 2374 879 2411 captasset.

385 2414 425 2444 34
449 2413 633 2451 Stipendium
661 2412 799 2443 collatum
827 2424 846 2442 a
872 2412 975 2451 populo
1000 2413 1031 2441 in

342 2456 508 2496 publicum]
533 2455 617 2492 Quid
633 2454 785 2496 significet
807 2453 864 2485 hoc
887 2454 956 2485 loco
980 2453 1031 2484 Li-

343 2497 421 2533 vius,
446 2497 530 2529 haud
554 2498 642 2529 facile
668 2503 715 2528 est
736 2502 881 2528 statuere.
927 2495 1033 2527 Prima

343 2541 510 2572 difficultas
531 2540 664 2571 occurrit
689 2540 720 2570 in
745 2550 820 2571 voce
843 2541 1031 2578 stipendium.

343 2595 413 2624 qum
436 2594 494 2615 nec
525 2594 578 2625 pro
604 2582 728 2613 militari
754 2581 906 2623 stipendio
932 2581 1032 2623 accipi

343 2632 455 2668 potest,
486 2626 525 2657 de
562 2636 623 2667 quo
650 2625 699 2655 liic
730 2625 815 2655 nullo
844 2623 936 2654 inodo
966 2625 1031 2663 agi-

345 2675 412 2705 tur3
449 2679 548 2710 neque
574 2679 629 2710 pro
651 2667 765 2698 tributo
786 2677 804 2697 a
829 2666 948 2697 civibus
969 2667 1031 2697 col-

343 2712 417 2747 lato,
435 2711 596 2753 (quamvis
611 2709 763 2741 interdum
786 2709 844 2740 hoc
867 2719 958 2739 seusu
981 2719 1032 2739 su-

344 2761 456 2790 matur,
486 2760 519 2784 ut
540 2755 560 2784 l.
582 2754 629 2785 ΙΙ.
653 2764 681 2784 c.
703 2752 752 2791 9.)
776 2750 1028 2793 quandoquidem

343 2803 512 2837 qua-stores
540 2796 649 2828 urbani
678 2806 748 2827 mox
780 2794 925 2826 dicuntur
959 2804 1029 2824 eum

342 2851 414 2870 vura
437 2845 464 2869 et
494 2839 552 2871 lide
577 2838 703 2870 solvisse
724 2837 897 2882 pecuniam.
921 2846 1031 2878 nempe

343 2883 467 2923 privatis
500 2893 535 2913 ex
566 2882 692 2913 mario:
726 2881 750 2911 si
779 2886 880 2911 autem
911 2879 949 2909 de
979 2879 1030 2909 tri-

1075 1640 1185 1683 privati
1215 1642 1367 1673 immunes
1397 1641 1532 1672 faciendi
1568 1653 1588 1673 a
1617 1642 1770 1674 solvendo

1075 1696 1111 1715 co
1139 1684 1222 1725 quod
1259 1685 1366 1716 aerario
1404 1685 1562 1716 deberent.
1621 1686 1768 1727 Superest

1076 1737 1148 1768 ergo
1171 1732 1205 1757 ut
1233 1727 1283 1758 liic
1306 1738 1405 1758 sermo
1429 1738 1496 1759 esse
1518 1727 1710 1759 existimetur
1729 1728 1773 1759 de

1076 1769 1209 1811 pecunia
1236 1780 1254 1800 a
1285 1769 1413 1811 privatis
1441 1771 1556 1800 collata
1586 1771 1626 1801 ad
1651 1770 1766 1812 juvan-

1077 1812 1149 1843 dam
1172 1811 1270 1842 aerarii
1293 1812 1441 1854 inopiam.
1486 1813 1546 1843 Sed
1572 1823 1629 1844 nec
1656 1823 1769 1845 nomen

1076 1856 1212 1894 stipendii
1250 1854 1293 1885 sic
1331 1865 1468 1896 unquam
1505 1861 1668 1897 acceptum
1702 1866 1770 1889 esse

1074 1898 1226 1932 novimus,
1242 1902 1273 1928 et
1295 1904 1442 1939 praeterea
1465 1903 1533 1938 post
1556 1898 1674 1929 finitum
1697 1899 1764 1929 bel'-

1073 1940 1138 1970 lum
1157 1940 1309 1971 Punicum
1327 1940 1499 1972 secundum
1523 1941 1608 1972 nullo
1631 1941 1686 1972 tali
1709 1952 1765 1973 au-

1075 1983 1148 2014 xilio
1184 1983 1359 2025 respublica
1399 1983 1519 2024 eguisse
1560 1989 1770 2024 memoratur;

1075 2036 1144 2067 quae
1172 2032 1276 2057 autem
1303 2027 1441 2068 pecuniae
1469 2036 1522 2067 pei·
1548 2027 1626 2058 illud
1649 2027 1766 2059 bellum

1077 2078 1096 2100 a
1125 2068 1253 2110 privatis
1282 2069 1403 2100 collatae
1430 2075 1528 2104 erant.
1559 2080 1665 2101 earum
1693 2070 1767 2101 urti-

1077 2121 1158 2142 mam
1197 2112 1374 2153 pensionem
1403 2113 1535 2143 solutam
1567 2123 1633 2144 esse
1662 2122 1768 2144 narra-

1077 2154 1120 2185 vit
1137 2154 1254 2190 Livius,
1272 2155 1294 2185 l.
1311 2155 1474 2186 XXXIII.
1488 2164 1516 2186 e.
1531 2155 1584 2186 42.
1622 2155 1766 2187 Secundo

1077 2197 1163 2238 quod
1199 2197 1342 2228 (licuntur
1371 2202 1537 2239 quaestores
1563 2200 1673 2230 vicenos
1701 2200 1766 2239 qui-

1075 2251 1124 2270 vos
1151 2246 1177 2270 et
1207 2242 1330 2271 semisses
1357 2242 1389 2271 in
1419 2242 1513 2271 millia
1539 2243 1604 2271 aeris
1629 2239 1767 2275 solvisse.

1075 2282 1183 2313 horum
1199 2283 1325 2324 quidem
1349 2283 1509 2314 verborum
1524 2283 1568 2314 sic
1584 2283 1666 2315 nude
1679 2284 1763 2327 posi-

1076 2330 1176 2355 torum
1203 2335 1310 2357 sensus
1336 2336 1397 2357 non
1425 2327 1574 2357 obscurus
1595 2332 1652 2357 est.
1709 2327 1766 2357 In-

1077 2368 1258 2407 telliguntur
1295 2369 1384 2400 facile
1420 2368 1453 2398 in
1489 2368 1611 2409 singula
1649 2369 1764 2401 assium

1075 2410 1174 2441 millia
1188 2410 1288 2442 viceni
1303 2417 1334 2442 et
1357 2410 1441 2452 quini
1457 2421 1540 2442 asses
1554 2421 1625 2442 cum
1640 2412 1767 2445 semisse

1075 2453 1166 2485 soluti
1180 2463 1246 2485 esse
1263 2464 1281 2485 a
1295 2454 1507 2494 qums-toribus.
1541 2454 1603 2484 Sed
1618 2465 1762 2496 quaenam

1075 2502 1147 2527 sunt
1174 2496 1229 2527 illa
1255 2497 1368 2527 assium
1398 2496 1517 2526 millia‘!
1553 2508 1614 2538 quo
1639 2499 1765 2530 nomine

1075 2539 1235 2570 solvuntur
1269 2539 1368 2570 viceni
1396 2544 1428 2569 et
1462 2539 1547 2579 quini
1577 2550 1661 2572 asses
1688 2551 1763 2573 cum

1075 2581 1222 2614 semisse?
1257 2581 1309 2612 An
1345 2591 1506 2612 usurarum
1545 2582 1689 2615 nomine!
1727 2589 1764 2615 ut

1076 2635 1130 2665 pro
1159 2623 1287 2664 singulis
1320 2623 1432 2655 assium
1467 2625 1603 2656 millibus
1637 2637 1707 2668 quae
1744 2637 1763 2658 a

1076 2667 1194 2697 civibus
1223 2667 1336 2697 collata
1368 2667 1474 2703 forent,
1504 2674 1614 2710 praeter
1649 2674 1763 2700 sortem

1076 2709 1169 2740 etiam
1184 2708 1282 2739 viceni
1297 2714 1327 2739 et
1346 2709 1431 2750 quini
1455 2720 1538 2742 asses
1550 2722 1621 2742 cum
1636 2712 1764 2743 semisse

1072 2751 1171 2782 usuris
1185 2760 1427 2784 numerarentur.
1473 2754 1522 2785 lta
1546 2754 1764 2796 interpretatur

1074 2794 1266 2826 Glareanus:
1297 2806 1352 2825 nes
1375 2807 1435 2827 rem
1459 2807 1580 2828 omnem
1603 2797 1635 2828 in
1658 2797 1765 2830 medio

1075 2837 1286 2878 relinquimus
