1947 3222
347 108 419 148 160
753 111 756 113 ’
872 107 1013 147 ΤῙΤΙ
1058 106 1229 147 LIVII

129 224 306 265 U.C.557.
344 217 501 259 Sosilao
531 217 715 269 Rhodio,
738 225 780 260 et
811 217 1026 260 Aristaeno
1052 217 1302 259 Achaeorum
1333 223 1526 273 praetore,
1557 214 1757 258 tribunis-

128 268 170 299 Α·
183 269 222 299 C.
236 268 306 299 195.
341 289 425 330 que
445 274 627 317 militum
647 274 791 332 paucis
812 274 1037 317 descendjt.

124 333 261 382 Tyranni
399 332 586 373 XXXI.
620 332 689 374 Ibi
717 329 961 388 3permisso,
989 340 1054 382 ut,
1083 347 1155 373 seu
1187 330 1323 373 dicere
1353 329 1485 387 prius,
1509 342 1581 370 seu
1611 327 1759 370 audire

123 382 231 407 ⁰1²⁰&
340 388 496 438 mallet,
517 388 578 430 ita
595 388 723 445 coepit
745 396 959 444 tyrannus.
1020 388 1068 429 Si
1087 389 1173 441 ipse
1191 402 1272 441 per
1291 402 1364 438 me,
1391 389 1445 428 T·
1469 387 1649 435 Quinctia
1671 399 1758 426 '00⁸-

341 459 427 499 que,
449 446 520 499 qui
548 446 708 495 adestis,
730 458 908 485 caussam
928 446 1172 499 excogitare,
1193 459 1263 485 cur
1288 446 1389 485 mihi
1408 450 1480 485 aut
1508 443 1761 484 indixissetis

341 502 496 551 bellum,
524 508 597 542 aut
626 502 848 557 inferretiS,
870 514 1024 554 possem
1031 516 1048 550 ,·
1078 502 1226 542 tacitus
1254 507 1431 543 eventum
1444 501 1636 555 =fortuna>
1664 512 1761 540 meae

340 565 636 613 exspectassem.
667 572 773 598 nunc
800 558 1002 611 imperare
1029 560 1167 599 animo
1196 559 1372 612 nequivi,
1394 559 1504 613 quin,
1519 559 1762 611 priusquam

332 617 528 670 perirem,
549 630 619 656 cur
631 616 842 668 periturus
856 629 989 665 essem,
1008 617 1162 657 scirem.
1220 616 1294 665 Et,
1316 616 1509 664 Hercule,
1526 616 1563 656 si
1581 616 1683 655 tales
1702 628 1762 655 es-

337 674 448 720 setis,
469 673 607 727 quales
625 686 707 713 esse
727 672 1092 726 Karthaginienses
1093 673 1221 726 fama
1242 679 1311 722 est,
1334 674 1447 726 apud
1461 686 1556 727 quos
1575 673 1682 712 nihil
1700 685 1762 712 so-

337 731 499 771 cietatis
511 730 624 784 fides
641 730 774 770 sancti
792 729 958 770 liaberet
963 752 979 777 ,·
1011 730 1058 770 in
1076 744 1136 770 me
1155 743 1309 783 quoque
1327 727 1343 752 ⁴
1356 730 1465 771 vohis
1485 730 1584 784 quid
1594 729 1762 784 facere-

338 789 393 829 tis
413 787 545 828 minus
565 788 689 840 pensi
716 800 811 837 esse,
832 800 912 827 non
941 787 1129 827 mirarer.
1189 786 1324 837 Nunc,
1346 801 1462 841 quum
1491 800 1557 827 vos
1586 787 1759 835 intueor,

337 845 545 885 Romanos
565 857 645 885 esse
663 844 792 892 video,
815 844 886 898 qui
904 858 1037 884 rerum
1058 844 1291 885 divinarum
1294 843 1481 898 soedera,
1498 843 1761 884 humanarum

323 901 453 955 fidem
480 901 664 942 socialem
685 901 976 942 sanctissimam
995 901 1192 942 habeatis.
1256 901 1382 948 Quum
1403 915 1464 941 me
1484 901 1568 954 ipse
1587 901 1762 954 respexi,

340 973 425 999 eum
446 972 527 1000 esse
554 972 685 1011 spero,
702 959 778 1000 cui.
787 964 827 999 et
846 958 1024 1011 publice,
1046 960 1149 1000 sicut
1177 959 1320 999 ceteris
1340 958 1674 1008 Lacedaemoniis,
1696 971 1762 998 vo-

339 1015 485 1057 biscum
505 1016 809 1057 vetustissimum
823 1016 967 1070 soedus
986 1017 1061 1057 sit.-
1093 1022 1132 1056 et
1160 1029 1244 1056 meo
1263 1016 1418 1056 nomine
1438 1015 1641 1069 privatim
1662 1014 1762 1055 ami-

339 1073 441 1114 citia
463 1086 510 1114 ac
529 1074 710 1122 societas,
733 1087 861 1126 nuper
875 1074 1072 1126 Philippi
1090 1073 1193 1113 bello
1213 1079 1422 1114 renovata.
1482 1071 1541 1113 At
1561 1073 1668 1112 enim
1689 1085 1762 1126 ego

340 1144 427 1170 eam
446 1131 600 1171 violavi
618 1136 657 1171 et
682 1131 821 1180 everti,
844 1131 952 1184 quod
970 1130 1212 1185 Argivorum
1239 1130 1442 1171 civitatem
1463 1136 1592 1170 teneo.
1654 1130 1761 1177 Quo-

339 1188 456 1228 modo
485 1187 557 1227 hoc
583 1190 730 1228 tuear?
761 1201 819 1237 re,
841 1201 896 1227 an
928 1190 1129 1241 tempore?
1164 1187 1244 1228 Res
1272 1187 1374 1228 mihi
1402 1188 1598 1241 duplicem
1626 1188 1674 1227 de
1695 1201 1762 1227 en-

339 1244 488 1286 sionem
510 1244 682 1298 prcebet.
713 1258 804 1284 nam
825 1250 878 1295 et,
899 1244 999 1297 ipsis
1019 1244 1249 1286 vocantibus
1267 1259 1317 1285 ac
1337 1244 1603 1293 tradentibus,
1626 1244 1760 1285 urbem

339 1316 426 1342 eam
447 1302 599 1355 accepi,
619 1315 699 1342 non
729 1303 932 1355 occupavi.
963 1308 1002 1342 et
1031 1302 1181 1354 accepi,
1203 1316 1320 1356 quum
1344 1302 1538 1355 Philippi
1558 1303 1759 1355 partium,

340 1372 420 1399 non
450 1360 495 1399 in
515 1365 647 1400 vestra
673 1358 860 1400 societate
879 1365 990 1400 esset.
1047 1358 1248 1412 ⁵Tempus
1276 1364 1407 1399 autem
1437 1373 1481 1400 eo
1511 1374 1571 1399 me
1599 1359 1762 1410 liberat,

339 1416 459 1470 quod,
485 1429 601 1470 quum
616 1414 712 1469 jam
738 1415 871 1470 Argos
899 1416 1098 1467 haberem,
1122 1417 1290 1457 societas
1320 1416 1422 1457 mihi
1449 1416 1642 1458 vobiscum
1672 1431 1763 1457 con-

339 1473 471 1514 venit.-
503 1479 555 1523 et,
577 1478 623 1513 ut
651 1473 762 1513 vobis
791 1474 985 1514 mitterem
1016 1474 1072 1513 ad
1100 1473 1241 1514 bellum
1267 1474 1440 1522 auxilia,
1462 1487 1542 1514 non
1570 1479 1615 1514 ut
1634 1473 1762 1528 Argis

331 1530 574 1584 praesidium
589 1531 833 1580 deducerem,
849 1531 1081 1585 pepigistis.
1142 1531 1212 1579 At,
1226 1530 1394 1580 Hercle,
1409 1531 1454 1570 in
1474 1545 1522 1571 ea
1538 1537 1762 1573 controver-

339 1588 420 1638 sia,
440 1601 529 1641 quoe
554 1588 606 1628 de
623 1586 750 1642 Argis
769 1593 840 1636 est,
861 1589 1048 1641 superior
1066 1601 1148 1628 sum
1169 1594 1207 1628 et
1227 1588 1421 1642 aequitate
1448 1589 1524 1638 rei,
1547 1589 1655 1643 quod
1681 1603 1762 1630 non

340 1650 511 1686 vestram
540 1644 689 1694 urbem,
709 1646 780 1685 secl
805 1645 994 1692 hamum,-
1026 1646 1133 1699 quod
1160 1646 1363 1693 volentem,
1386 1659 1465 1685 non
1497 1647 1539 1686 vi
1566 1652 1758 1697 coactam,

338 1702 499 1754 accepi,·
531 1707 570 1742 et
605 1707 736 1742 vestra
770 1703 1031 1756 confessione,
1057 1703 1164 1756 quod
1194 1702 1236 1743 in
1267 1702 1563 1744 conditionibus
1595 1705 1762 1745 societa-

341 1759 396 1800 tis
424 1759 522 1799 milii
542 1760 673 1813 Argos
701 1759 936 1812 reliquistis.
1000 1759 1180 1800 Ceterum
1210 1772 1349 1799 nomen
1385 1760 1551 1813 tyranni
1580 1767 1618 1801 et
1631 1761 1760 1816 facta

342 1824 421 1856 mec
445 1822 652 1869 premunt,
674 1817 779 1870 quod
806 1831 933 1858 servos
961 1817 1019 1856 ad
1045 1816 1271 1857 libertatem
1301 1830 1408 1865 v0c0,
1431 1818 1539 1870 quod
1564 1817 1607 1858 in
1635 1832 1762 1873 agros

343 1873 499 1926 inopem
530 1873 686 1926 plebem
716 1874 878 1914 deduco.
938 1873 1008 1914 De
1036 1874 1194 1914 nomine
1221 1873 1294 1913 Izoc
1322 1874 1563 1926 respondere
1583 1888 1761 1928 possum,

342 1944 415 1980 me,
451 1931 746 1984 qualiscumque
782 1944 879 1980 sum,
911 1931 1082 1971 eumdem
1116 1944 1209 1980 esse,
1241 1931 1312 1984 qui
1326 1930 1419 1985 fui,
1450 1945 1565 1986 quum
1599 1938 1644 1973 tu
1679 1933 1765 1986 ipse

342 2001 500 2036 mecum,
549 1987 596 2028 T.
631 1987 815 2038 Quincti,
854 1989 1079 2029 societatem
1111 1988 1328 2042 pepigisti.
1394 1987 1495 2029 Tum
1534 2002 1605 2030 me.
1632 2003 1762 2045 regem

343 2045 551 2098 adpellari
587 2059 613 2085 a
659 2045 769 2087 vobis
810 2045 991 2086 memini.-
1043 2059 1147 2085 nunc
1184 2051 1403 2100 tyrannum
1450 2046 1589 2087 vocari
1633 2048 1762 2088 video.

343 2102 490 2155 Itaque
527 2103 565 2143 si
601 2116 672 2157 ego
711 2116 850 2143 nomen
890 2103 1056 2155 imperii
1096 2108 1317 2152 mutassem,
1352 2103 1454 2144 mihi
1492 2116 1588 2144 meae
1625 2104 1762 2145 incon-

343 2160 529 2205 stantice‚-
581 2173 698 2213 quum
738 2173 806 2200 vos
846 2160 1016 2210 mutetis,
1057 2159 1165 2201 vobis
1209 2166 1350 2201 vestrae
1394 2161 1601 2202 reddenda
1649 2163 1761 2202 ratio

345 2222 412 2256 est.
476 2215 596 2265 Quod
639 2218 697 2257 ad
741 2217 1035 2258 multitudinem
1080 2217 1204 2258 servis
1245 2217 1470 2259 liberandis
1507 2222 1679 2267 auctam,
1720 2224 1759 2258 et

344 2273 551 2326 egentibus
580 2273 748 2315 divisum
781 2288 923 2328 agrum
957 2275 1127 2323 adtinet,
1152 2288 1311 2327 possum
1344 2275 1502 2329 quidem
1536 2280 1575 2315 et
1609 2274 1653 2315 in
1687 2275 1760 2315 hoc

343 2344 404 2370 me
428 2328 529 2383 jure
561 2332 752 2384 temporis
789 2331 931 2372 tutari.
988 2332 1084 2375 Jam
1106 2331 1293 2385 feceram
1326 2332 1425 2383 lzaec,
1459 2332 1763 2386 qualiacumque

343 2393 448 2436 sunt,
471 2401 587 2442 quum
607 2389 833 2430 societatem
853 2403 997 2431 mecum
1009 2388 1243 2444 pepigistis,
1266 2394 1303 2429 et
1324 2388 1483 2429 auxilia
1505 2389 1548 2429 in
1569 2387 1670 2428 bello
1689 2389 1762 2429 ad-

868 2501 884 2519 e
897 2508 941 2529 me
953 2497 1015 2530 del.
1030 2498 1126 2530 Gron.
1143 2498 1234 2531 Crev.

389 2597 408 2627 3
434 2596 573 2627 Per-misso
599 2603 644 2631 ut,
667 2607 716 2627 seu
740 2598 835 2627 dicere
857 2599 953 2638 prius,
981 2609 1032 2629 seu.
1115 2597 1257 2629 vvobis
1283 2598 1355 2639 quid
1377 2596 1522 2639 faceretis
1549 2599 1646 2629 minus
1672 2600 1757 2640 pensi

347 2641 452 2670 audire
473 2639 588 2680 mallet]
616 2640 718 2670 Vacat
740 2639 874 2680 profecto
895 2640 1031 2681 particu-
1073 2641 1144 2682 esse]
1169 2640 1242 2672 Vid.
1256 2645 1321 2671 not.
1335 2639 1376 2670 ad
1391 2640 1517 2670 XXVI.
1537 2641 1584 2671 15.

348 2683 380 2713 la
404 2689 449 2717 ut,
472 2681 533 2712 imo
558 2682 673 2718 turbat,
696 2692 791 2723 quum
821 2682 895 2713 nihil
924 2683 964 2714 sit
990 2683 1030 2714 ad
1116 2685 1135 2714 5
1161 2683 1280 2723 Tempus
1308 2689 1406 2713 autem
1432 2694 1462 2713 eo
1489 2694 1532 2713 me
1557 2684 1676 2726 liberat]
1713 2683 1758 2715 Eo

350 2725 432 2797 {quod
455 2724 612 2757 referatur.
655 2725 767 2766 Itaque
792 2735 861 2756 eam
888 2736 1030 2757 resecan-
1073 2725 1209 2767 intellige
1243 2737 1276 2756 ea
1311 2727 1434 2761 ratione,
1469 2725 1532 2756 sive
1568 2728 1638 2757 ideo.
1683 2726 1754 2758 Nisi

373 2778 422 2798 am
445 2778 510 2799 esse
536 2768 753 2800 censuerimus.
798 2768 979 2803 *Permissa
997 2768 1029 2799 id
1073 2768 1162 2799 malis
1183 2769 1316 2799 recidere
1341 2768 1426 2799 illam
1447 2768 1588 2800 voculam
1615 2769 1753 2800 additam

349 2816 407 2846 est,
422 2821 516 2851 quum
539 2811 597 2853 ipsi
622 2811 803 2855 permissum
825 2817 904 2843 esset
928 2819 1029 2843 utrum
1073 2820 1091 2841 a
1105 2811 1352 2852 Gelenio.quam
1365 2812 1482 2843 Victor.
1497 2811 1607 2847 codex,
1621 2818 1662 2846 et.
1675 2817 1752 2843 teste

350 2853 466 2889 mallet,
483 2865 536 2885 seu
553 2877 561 2886 .
577 2876 586 2885 .
601 2877 609 2886 .
1073 2855 1143 2886 Jac.
1161 2855 1516 2891 Gronovi0,'1'huanaeus
1530 2855 1680 2896 ignorant.
