1947 3222
511 126 635 162 LIB.
665 123 840 159 XXXII.
881 124 954 159 CA
969 123 1008 159 P.
1040 124 1230 161 XXXVI.
1529 129 1576 162 83

162 233 233 285 qui
253 239 378 273 essent
396 233 560 286 captivi.

623 232 765 272 Attalo
787 245 921 282 naves,
942 237 980 271 et
999 245 1083 271 cum
1105 232 1158 272 iis
1177 239 1314 285 captos
1334 236 1496 275 navales
1514 248 1576 274 so·
1592 243 1631 274 U.
1647 244 1682 273 C.
1695 243 1768 274 555.

159 289 262 337 cios;
294 291 467 332 Rhodiis
486 289 701 343 regionem,
724 302 841 342 quam
867 289 1050 329 Petoeam
1072 294 1228 337 vocant,
1249 291 1436 331 reddere.-
1457 285 1629 334 JassoA·
1643 285 1680 318 C·
1698 286 1770 316 197.

159 352 198 387 et
225 348 437 404 Bargyliis
462 361 539 387 non
571 360 777 387 cessurum
839 345 994 386 AEtolzs
1021 346 1263 387 Pharsalum
1289 347 1578 402 Larissamque

159 407 338 452 reddere,
361 405 393 429 ⁴⁸
405 405 562 444 Thebas
582 418 661 443 non
680 404 857 443 reddet-‚e
917 403 1088 452 Achaeis,
1112 417 1191 443 non
1213 403 1344 458 Argzs
1363 407 1488 451 modo,
1510 407 1580 446 sed

161 465 282 503 eliam
311 462 503 503 Corintho
537 474 742 501 cessurum.
805 460 922 501 Nulli
955 460 1140 501 omnium
1175 460 1351 515 placere,
1377 462 1576 526 partium,

158 519 329 584 quibu-s
334 534 536 584 cessurus,
560 527 634 559 aut
656 532 737 558 non
758 533 949 558 cessurus
969 526 1089 568 esset,
1111 516 1345 558 destinatio.
1360 519 1457 570 plus
1477 519 1578 558 enim

160 577 297 616 amitti
315 575 357 615 in
379 577 444 624 iis,
467 590 588 629 quam
609 576 788 629 adquiri.
822 589 890 614 nec
918 589 1113 628 umquam,
1134 575 1218 615 nisi
1246 581 1333 615 tota
1354 576 1580 616 deduxisset

164 632 330 674 Graecza
346 647 401 685 p)
402 634 561 683 cesidia,
584 632 783 672 ⁴⁹caussas
802 647 867 672 cer
869 634 1060 673 tammum
1083 633 1289 684 deponere.

220 690 448 730 XXXVI.
482 691 623 740 Quum
661 689 752 730 haec
792 698 882 730 toto
916 704 966 730 ex
1003 688 1175 729 concilio
1209 689 1399 731 certatim
1438 703 1579 730 omnes

162 747 504 797 vociferarentur,
532 746 586 787 ad
620 745 865 809 Philippum
898 761 1068 810 quoque
1102 745 1250 801 procul
1284 754 1462 788 stantem
1496 762 1579 787 vox

161 812 223 845 est
253 803 425 860 perlata
455 804 600 867 itaque
620 818 646 843 a
667 802 862 853 Quinctio
891 803 1012 858 petit,
1034 810 1081 843 ut
1103 818 1190 843 rem
1211 811 1343 844 totam
1373 803 1416 844 in
1444 811 1581 859 poste-

162 876 256 901 rum
288 860 398 901 diem
423 860 632 901 differret:
665 860 853 916 profecto
883 868 956 900 aut
985 874 1284 915 persuasurum
1305 875 1361 910 se,
1383 869 1458 902 aut
1486 875 1581 916 per-

163 917 328 958 suaderi
359 918 437 959 sibi
467 932 700 974 passurum.
764 917 889 956 Litus
915 915 968 956 ad
992 915 1231 956 Thronium
1261 916 1482 972 conloquio
1512 917 1582 958 de-

164 973 358 1016 stinatur.
379 990 428 1015 eo
447 982 610 1016 mature
630 980 882 1013 conventum
902 980 975 1012 est.

165 1031 410 1080 Quinctium
445 1039 485 1072 et
520 1045 676 1079 omnes,
709 1029 784 1085 qui
817 1028 1004 1079 aderant,
1040 1043 1202 1084 rogare,
1233 1044 1285 1069 110
1320 1045 1436 1085 spem
1467 1030 1581 1086 pacis

165 1088 334 1129 turbare
381 1087 546 1128 vellent.
608 1088 826 1128 Postremo
874 1094 1016 1142 petere
1060 1094 1242 1142 tempus,
1288 1102 1374 1142 quo
1422 1086 1581 1143 legatos

162 1144 341 1185 Romam
370 1144 424 1185 ad
455 1151 644 1185 senatum
673 1143 839 1184 mittere
871 1150 1021 1198 posset.
1084 1145 1166 1184 Aut
1195 1144 1254 1184 his
1286 1145 1582 1185 conditionibus

157 1215 200 1241 se
212 1215 353 1253 pacem
375 1202 696 1254 impetraturum,
710 1206 795 1249 aut,
818 1214 1080 1253 quascumque
1098 1207 1260 1241 senatus
1279 1201 1464 1249 dedisset,
1479 1202 1583 1256 leges

154 1259 270 1310 pacis
303 1265 568 1311 accepturum.
629 1257 683 1298 Id
718 1256 863 1298 ceteris
894 1257 1227 1313 haudquaquam
1260 1258 1464 1314 placebat.
1507 1273 1583 1300 nec

160 1314 269 1355 enim
290 1315 422 1365 aliud,
444 1331 572 1371 quam
594 1329 752 1355 moram
773 1322 814 1355 et
836 1313 1077 1354 dilationem
1099 1314 1153 1355 ad
1173 1314 1439 1371 conligendas
1460 1315 1582 1366 11105,

159 1372 304 1427 quaeri.
367 1372 604 1422 Quinctius,
626 1386 756 1412 verum
789 1371 832 1411 id
845 1372 1038 1425 ficturum
1051 1371 1204 1426 fuisse,
1227 1371 1378 1423 dicere,
1400 1373 1437 1413 si
1465 1379 1585 1414 (estas

159 1436 198 1480 et
218 1435 369 1483 tempus
389 1444 520 1469 rerum
547 1430 814 1483 gerendarum
834 1434 942 1469 esset.
975 1443 1090 1477 mmc,
1113 1429 1240 1469 hieme
1264 1430 1455 1479 instante,
1478 1431 1584 1471 nihil

158 1487 307 1535 amitti,
326 1488 421 1527 dato
440 1487 574 1539 spatio
587 1488 644 1526 ad
661 1487 814 1540 legatos
835 1487 1058 1526 mittendos.
1105 1486 1215 1526 Nam
1237 1501 1361 1540 neque
1380 1488 1469 1528 sine
1489 1502 1583 1528 auc-

158 1545 327 1584 toritate
355 1551 516 1584 senatus
546 1544 763 1596 quidquam
798 1556 930 1583 eorum
961 1549 1092 1583 ratum
1105 1543 1220 1597 jore,
1248 1557 1338 1596 quce
1371 1558 1455 1584 cum
1491 1559 1584 1598 rege

159 1601 241 1666 ipsi
262 1602 532 1654 pepigissent.-
564 1607 604 1641 et
623 1600 832 1653 explorari
853 1599 963 1651 (dum
995 1600 1094 1640 bello
1115 1601 1382 1641 necessariam
1414 1602 1583 1655 quietem

162 1659 253 1709 ipsa
273 1659 394 1698 hiems
413 1658 548 1708 daret)
569 1664 728 1698 senatus
749 1658 1028 1697 auctoritatem
1042 1671 1173 1709 posse.
1222 1658 1275 1697 In
1294 1657 1401 1698 hanc
1423 1667 1583 1700 senten-

1039 971 1107 1012 Ibi
1129 971 1354 1028 Philippus
1382 989 1518 1029 primo
1539 981 1580 1016 et
1592 986 1722 1018 Tertius.

164 1715 263 1755 tiam
289 1722 330 1756 et
358 1715 483 1756 ceteri
511 1714 714 1755 sociorum
742 1713 949 1770 principes
974 1716 1285 1755 concesserunt:
1317 1714 1581 1772 induciisque
1596 1729 1756 1761 Indumae
1750 1741 1781 1760 m

161 1771 306 1812 datis
298 1786 339 1812 1n
367 1771 474 1813 duos
503 1787 677 1821 menses,
699 1779 739 1812 et
775 1786 888 1826 ipsos
922 1770 1087 1812 mittere
1120 1771 1304 1827 singulos
1339 1771 1498 1827 legatos
1528 1773 1582 1813 ad
1594 1773 1670 1804 duos
1684 1784 1770 1804 men

159 1828 418 1870 edocendum
440 1837 644 1878 senatum,
665 1843 717 1869 ne
737 1827 886 1868 fraude
907 1827 1016 1883 regis
1031 1842 1154 1884 caper
1156 1836 1264 1878 etur,
1286 1828 1457 1883 placuit.
1491 1829 1582 1870 Ad-

158 1885 295 1927 ditum
335 1884 598 1926 induciarum
641 1894 780 1941 pactO,
822 1893 870 1925 ut
914 1885 1030 1940 regia
1075 1885 1269 1940 praesidia
1310 1885 1494 1926 Phocide
1534 1903 1580 1927 ac

161 1942 339 1984 Locride
379 1942 589 1998 extemplo
624 1942 943 1983 deducerentur.
1004 1942 1064 1982 Et
1104 1957 1191 1997 lpse
1228 1941 1451 1992 Quinctius
1485 1958 1579 1984 cum

161 1999 365 2040 sociorum
400 1999 547 2055 legatis
583 1998 908 2055 Amynandrum
946 1998 1232 2040 Athamanum
1269 2014 1423 2055 regem,
1460 1999 1495 2023 ⁵⁰
1509 2007 1582 2042 ut'

704 2117 715 2134 ¹·
733 2118 820 2153 utque
837 2112 935 2143 Gron.
952 2112 1043 2143 Crev.

203 2230 242 2259 48
253 2231 272 2250 ¹⁹
284 2229 404 2270 Thebas]
422 2228 568 2259 Phthias:
584 2228 772 2260 maritimum
784 2239 847 2260 em·
890 2228 982 2258 ἔντα.
1019 2251 1026 2258 .
1044 2227 1246 2268 φαντασίανδὲ
1260 2241 1306 2260 πο
1311 2229 1414 2261 imm
1427 2231 1478 2261 καὶ
1496 2243 1581 2274 προσ·

1593 1827 1652 1849 ses.

159 2271 291 2313 porium,
307 2283 368 2314 quo
383 2271 473 2303 facile
488 2282 593 2303 carere
609 2271 771 2314 Philippus
785 2282 847 2303 non

183 2321 273 2346 osset.

161 2325 180 2355 p
204 2358 244 2388 49
270 2359 379 2388 Causas
390 2364 581 2388 certaminum
593 2358 746 2398 [legionem]
764 2358 847 2399 Lege

161 2410 233 2431 cum
257 2400 432 2432 Gronoxioz
457 2411 558 2431 causas
580 2402 774 2431 certaminum
798 2403 848 2431 de-

175 2454 233 2474 Ure-

151 2443 182 2484 s
203 2488 244 2517 50
273 2487 368 2526 l'lqne
399 2487 518 2526 speciem
552 2487 705 2527 legationis
741 2488 851 2525 adjice-

160 2529 218 2569 ret]
248 2529 353 2559 Primo
376 2528 532 2559 verissime
556 2528 702 2560 emendat
729 2530 850 2561 Grono-

160 2571 228 2601 vius
256 2572 405 2613 legationi.
449 2572 564 2602 Sensus
589 2571 672 2603 enim
701 2582 769 2603 esse
795 2571 850 2603 de-

161 2613 230 2644 bet:
261 2621 296 2646 ut
321 2614 449 2645 adderet
474 2614 601 2655 aliquod
624 2614 771 2655 legationi
796 2615 851 2646 de-

162 2666 226 2687 cus.
270 2657 331 2688 Sed
357 2663 508 2705 praeterea
534 2657 704 2688 notandum
730 2663 777 2689 est
801 2658 851 2688 hic

161 2698 364 2739 detorqueri'
357 2711 389 2731 in
414 2700 546 2731 Fabium
569 2706 601 2731 et
625 2700 760 2741 collegas
787 2701 854 2742 ejus

161 2741 194 2772 id
206 2743 288 2782 quod
303 2742 376 2784 Pol)
376 2743 452 2773 ·bius
467 2753 541 2774 sane
557 2743 670 2774 rectius
695 2743 734 2774 de
751 2744 850 2785 Amy-

162 2783 281 2815 nandro
311 2755 503 2816 intellectum
533 2786 644 2817 voluit.
689 2786 740 2817 Sic
771 2787 853 2818 enim

162 2827 267 2858 habet
285 2828 336 2858 καὶ
359 2842 406 2858 'rm
426 2829 477 2867 μὲν
496 2828 687 2872 Αμῦνανδρον
710 2829 854 2869 {gimpa-e

159 2882 286 2913 roeeoexg
291 2884 365 2911 rapam,
382 2884 413 2910 γι
418 2870 526 2902 νώσκων
541 2873 612 2903 αὐτο
617 2887 627 2903 ν
641 2873 790 2912 ενοίγωγον
804 2886 839 2913 με
845 2887 855 2904 ν

891 2270 987 2302 δαΐαν
998 2270 1045 2302 διὰ
1061 2283 1095 2302 το
1113 2285 1164 2306 της
1179 2272 1358 2320 fioef‘Mfoef'
1349 2272 1446 2311 onopaoe
1479 2275 1581 2305 Dubi-

891 2315 949 2345 tari
973 2325 1035 2344 non
1050 2319 1159 2362 potest
1181 2315 1257 2356 quin
1285 2316 1351 2346 haec
1376 2317 1470 2347 verba
1494 2327 1581 2359 spec-

891 2357 1003 2388 taverit
1022 2356 1138 2393 Livius,
1155 2357 1230 2388 dum
1253 2358 1372 2400 scripsit
1392 2366 1452 2389 ut.
1497 2371 1581 2399 Uspe

892 2402 964 2431 ciem
1001 2401 1139 2442 legationi
1173 2403 1325 2440 adjiceret.
1391 2402 1504 2443 Itaque
1542 2403 1582 2433 ad

892 2453 998 2474 eorum
1019 2448 1156 2474 mentem
1172 2443 1295 2474 videtur
1316 2444 1512 2486 refingendus
1533 2445 1583 2475 hic

893 2485 990 2521 locus,
1017 2485 1050 2516 in
1086 2486 1169 2516 hunc
1200 2485 1310 2517 fortass
1297 2497 1329 2517 e
1362 2487 1506 2518 modum:
1545 2488 1582 2517 Et

893 2530 952 2568 ipse
998 2528 1140 2563 Quintius
1187 2540 1254 2559 cum
1297 2531 1438 2560 sociorum
1483 2532 1584 2572 legatis

894 2573 1120 2612 Amynandrum
1162 2572 1362 2602 Athamanum
1401 2584 1508 2614 regem,
1550 2579 1584 2603 ut

893 2616 1012 2654 speciem
1041 2615 1179 2657 legationi
1205 2617 1355 2653 adjiceret,
1382 2627 1443 2645 mox
1473 2616 1508 2649 Q.
1525 2615 1585 2645 Fa-

895 2659 974 2688 bium
997 2679 1006 2688 .
1031 2679 1039 2688 .
1062 2659 1151 2688 misit.
1194 2658 1370 2699 Adjicimus
1402 2658 1585 2699 particulam

896 2712 968 2736 mox,
992 2701 1066 2742 quia
1092 2699 1241 2741 Polybius
1263 2700 1501 2743 Amynaiidium
1523 2706 1585 2732 sta-

896 2743 951 2774 tim
981 2754 1107 2774 missum
1136 2753 1223 2782 esse3
1252 2750 1321 2785 post
1349 2744 1442 2778 hune,
1468 2744 1508 2780 Q.
1525 2744 1585 2774 Fa-

895 2787 994 2822 bium,
1026 2768 1305 2824 Q.Fulviu1i1,et
1334 2786 1395 2827 Ap.
1416 2785 1585 2817 Claudium

897 2835 1058 2860 memorat.
1104 2830 1170 2860 Res
1158 2838 1296 2860 secamus
1332 2840 1396 2869 que,
1431 2836 1586 2861 annuente

900 2873 926 2902 Χ
932 2872 983 2903 iet.
999 2872 1117 2902 codice.

971 2928 995 2953 G
1019 2916 1044 2939 0
