1947 3222
167 760 299 792 Moritur

166 805 249 844 regio
263 804 354 835 filius.

168 2232 334 2274 Conloqui-

167 2286 219 2305 um
234 2277 350 2316 legato-

167 2328 234 2348 rum
250 2319 345 2351 Rom.

166 2370 235 2390 cum
251 2361 314 2392 Mi-

166 2402 267 2434 nione.

385 144 464 178 202
891 141 1056 193 V'AI'ITI
1100 140 1275 178 LIVII

341 279 350 289 .
383 248 577 289 obortum
601 246 795 304 Scipioni,
817 256 858 290 et
879 248 1111 314 subjecisse.
1175 248 1379 298 Quidnam
1411 255 1451 290 tu
1481 249 1643 298 diceres,
1665 251 1702 290 si
1731 265 1790 291 me

342 323 351 333 ·
381 306 568 345 vic-esses?
605 307 708 346 Tum
738 320 796 346 me
825 320 929 354 vero,
951 306 1103 361 inquit,
1125 312 1163 346 et
1191 313 1286 346 ante
1317 307 1606 355 Alexandrum,
1628 313 1666 346 et
1695 314 1789 348 ante

381 362 599 416 Pyrrhum,
617 369 654 402 et
675 369 770 402 ante
789 377 918 402 omnes
935 363 1038 402 aleos
1059 364 1318 415 imper.atoree
1334 377 1427 403 esse.
1470 364 1527 404 Et
1544 363 1788 419 perplexum

382 418 542 459 Punico
571 427 664 460 astu
694 433 949 474 responsum,
976 429 1017 458 et
1047 418 1302 473 inprovisum
1332 419 1626 461 adsentationis
1655 435 1786 474 genus

384 474 615 530 Scipionem
655 490 843 523 mowsse,
879 474 994 529 quod
1033 490 1054 514 e
1093 489 1218 531 grege
1258 491 1299 517 se
1338 476 1636 532 imperatorum
1671 476 1786 518 velut

380 531 707 573 inaestimabilem
732 530 978 571 secrevisset.

438 589 536 628 XV.
560 587 708 627 Villius
738 587 790 627 ab
813 587 982 642 Epheso
1007 587 1235 642 Apameam
1258 589 1466 644 processit.
1498 604 1545 629 eo
1566 597 1606 630 et
1637 589 1786 631 Antio-

379 643 498 694 chus,
539 643 684 683 audito
734 644 1018 683 Romanorum
1063 643 1294 699 legatorum
1334 645 1532 694 adventu,
1573 645 1781 687 obcurrit:

380 701 581 756 Apameae
611 699 839 754 congressis
868 678 1127 754 disceptatiob
1141 700 1283 741 eadem
1312 701 1439 742 ferme
1460 701 1556 751 fuit,
1578 717 1673 757 quae
1701 703 1787 743 Ro-

380 772 458 797 mae
487 757 595 796 inter
617 755 859 804 Quinctium
890 764 931 797 et
962 755 1118 818 legatos
1148 757 1255 811 regis
1282 757 1430 798 fuerat
1462 773 1571 798 mors
1593 759 1787 800 nunciata

379 812 593 861 Antiochi,
625 811 699 852 filii
728 812 851 867 regis,
883 827 1007 867 quem
1038 827 1207 853 missum
1238 812 1379 868 paullo
1409 821 1503 855 ante
1528 813 1713 855 dixeram
1743 816 1785 856 in

382 868 557 925 Syriam,
588 868 754 909 diremit
785 869 1015 924 conloquia.
1076 870 1260 924 Magnus
1296 869 1433 932 luctus
1467 870 1508 910 in
1545 871 1658 925 regia
1686 871 1782 921 fuit,

378 939 661 988 magnumque
682 925 771 981 ejus
795 926 962 988 juvenis
983 903 1245 966 desiderium.
1276 926 1321 966 id
1341 925 1448 966 enim
1473 927 1559 990 jain
1582 927 1785 990 specimen

380 998 443 1023 sul
446 960 649 1031 dederat,
667 990 728 1031 ut,
748 983 779 1022 si
802 982 887 1023 vita
907 981 1067 1036 longior
1087 982 1339 1037 contigisset,
1361 998 1499 1038 magni
1515 983 1704 1038 justique
1724 999 1786 1024 re-

377 1039 442 1094 gis
473 1038 514 1078 in
547 1054 595 1079 eo
625 1038 802 1079 indolem
832 1039 959 1079 fuisse
989 1038 1220 1103 adpareret.
1282 1041 1375 1089 Quo
1404 1040 1535 1079 carior
1564 1040 1786 1095 acceptior-

379 1111 462 1151 que
482 1095 674 1136 omnibus
695 1110 739 1135 ei
741 1104 797 1145 at,
819 1111 867 1135 eo
887 1110 996 1135 mors
1017 1096 1107 1158 ejus
1128 1096 1356 1150 suspectior
1376 1095 1472 1144 fuit,
1494 1111 1544 1150 (η
1546 1111 1662 1136 avem
1693 1112 1784 1137 suc-

377 1167 576 1192 cessorem
607 1167 701 1192 eum
729 1152 880 1193 instare
906 1151 1105 1192 senectuti
1135 1167 1219 1192 stre
1242 1161 1408 1215 panem
1440 1152 1686 1201 credentem,
1710 1168 1783 1209 per

378 1208 579 1264 spadones
619 1208 836 1263 quosdam,
874 1208 1018 1248 talium
1054 1207 1289 1248 ministeriis
1329 1209 1557 1249 Ρ101110111111
1593 1218 1782 1264 acceptos

376 1265 559 1320 regibus,
581 1280 737 1305 veneno
763 1265 987 1306 sustulisse.
1049 1265 1153 1304 Eam
1186 1279 1354 1319 quoque
1385 1280 1569 1305 caussam
1601 1264 1782 1306 clandes-

378 1321 465 1362 tino
485 1321 655 1362 facinori
683 1321 947 1377 adjiciebant,
970 1321 1099 1376 quod,
1121 1336 1251 1376 quum
1277 1321 1446 1362 Seleuco
1476 1321 1561 1360 filio
1593 1321 1782 1376 Lysima-

377 1377 510 1418 chiam
540 1378 735 1427 dedisset,
764 1378 975 1418 Antiocho
1006 1393 1132 1432 quam
1163 1377 1335 1417 similem
1369 1377 1485 1418 daret
1517 1377 1668 1426 sedem,
1691 1378 1723 1404 ‘¹7
1735 1387 1782 1419 ut

376 1434 522 1489 procul
551 1435 603 1475 ab
634 1450 675 1475 se
704 1434 858 1474 honore
889 1449 983 1474 eum
1005 1449 1172 1488 quoque
1203 1433 1426 1489 ablegaret,
1449 1449 1528 1474 non
1556 1433 1782 1476 habuisset.

379 1491 526 1546 Magni
549 1499 685 1531 tamen
708 1491 846 1531 luctus
868 1490 1020 1545 species
1049 1505 1124 1545 per
1152 1469 1321 1544 aliquot
1341 1490 1427 1530 dies
1452 1491 1607 1544 regiam
1629 1490 1781 1532 tenuit:

377 1524 623 1602 legatusque
661 1548 890 1596 Romanus,
925 1561 976 1586 ne
1009 1546 1140 1586 alieno
1176 1554 1360 1601 tempore
1394 1545 1678 1586 incommodus
1712 1547 1784 1588 ob-

378 1612 625 1652 versaretur,
664 1605 914 1658 Pergamum
950 1603 1158 1644 concessit.
1221 1604 1312 1643 Rex
1352 1603 1582 1665 Ephesum,
1618 1603 1782 1654 omisso,

378 1659 493 1713 quod
514 1660 792 1707 inchoaverat,
813 1659 936 1709 bello,
960 1659 1094 1700 rediit.
1126 1659 1198 1708 ibi,
1221 1674 1294 1715 per
1315 1659 1474 1700 luctum
1495 1674 1609 1714 regia
1628 1659 1780 1710 clausa,

378 1731 472 1756 cum
496 1716 683 1756 Minione
704 1715 900 1771 quodam,
923 1715 995 1770 qui
1017 1715 1206 1771 princeps
1227 1716 1451 1756 amicorum
1473 1717 1562 1771 ejus
1593 1724 1694 1765 erat,
1724 1732 1783 1757 se-

379 1779 491 1812 creta
523 1772 691 1813 consilia
725 1772 909 1827 agitavit.
986 1772 1136 1820 Minio,
1173 1772 1340 1826 ignarus
1375 1773 1560 1812 omnium
1594 1781 1783 1814 externo-

378 1843 486 1877 rum,
507 1828 697 1884 viresque
727 1828 933 1869 aestimans
961 1829 1070 1883 regis
1090 1827 1180 1869 ‘³⁸ex
1210 1828 1334 1869 rebus
1363 1828 1404 1868 in
1437 1829 1557 1883 Syria
1583 1836 1655 1869 aut
1677 1829 1781 1874 Asia

377 1885 517 1939 gestis,
539 1900 621 1925 non
651 1900 795 1925 caussa
823 1884 946 1925 modo
971 1884 1221 1940 superiorem
1252 1899 1337 1925 esse
1368 1885 1639 1933 Antiochum,
1666 1885 1781 1940 quod

379 1940 482 1980 nihil
503 1941 613 1997 aequi
634 1941 892 2004 postularent
923 1942 1117 1989 Romani,
1140 1941 1211 1981 sed
1237 1941 1346 1981 bello
1367 1956 1534 1996 quoque
1565 1950 1782 1996 superatu-

379 2012 472 2037 rum
504 1998 710 2039 credebat.
772 1997 968 2053 Fugienti
1000 1998 1088 2052 regi
1121 1997 1459 2053 disceptationem
1491 2012 1586 2037 cum
1619 1997 1780 2053 legatis,

379 2069 450 2094 seu
475 2055 563 2110 jam
584 2063 755 2110 expelto
776 2069 864 2095 eam
887 2055 1022 2095 minus
1049 2069 1301 2109 piosperam,
1325 2070 1395 2094 seu
1426 2069 1599 2094 moerore
1629 2054 1781 2094 receuti

379 2111 564 2161 confuso,
586 2112 795 2167 professus
826 2111 976 2160 Minio,
999 2126 1054 2160 se,
1077 2125 1173 2166 quae
1202 2125 1279 2166 pro
1306 2126 1449 2151 caussa
1478 2119 1625 2161 essent,
1647 2109 1781 2151 dictu-

377 2181 486 2217 rum,
507 2168 726 2222 persuasit,
751 2176 794 2209 ut
817 2183 841 2207 a
862 2169 943 2208 Per
944 2182 1066 2222 gamo
1086 2176 1386 2208 arcesserentur
1407 2167 1543 2222 legati.

435 2224 560 2263 XVI.
582 2225 611 2263 J
614 2240 679 2265 am
700 2224 964 2265 convaluerat
996 2223 1226 2279 Sulpicius:
1259 2224 1400 2279 itaque
1421 2223 1542 2264 ambo
1563 2223 1779 2278 Ephesum

375 2288 589 2321 venerunt.
651 2281 744 2321 Rex
766 2296 790 2321 a
812 2281 999 2320 Minione
1020 2288 1255 2329 excusatus,
1278 2288 1318 2321 ct
1348 2281 1515 2321 absente
1545 2294 1592 2319 eo
1618 2295 1682 2320 res
1712 2280 1779 2335 agi

375 2344 513 2400 coepta
541 2345 613 2378 est.
677 2338 743 2382 Ibi
774 2345 1006 2393 piaeparata
1035 2337 1218 2377 oratione
1250 2337 1404 2383 Minio,
1437 2337 1620 2389 Specioso
1646 2337 1778 2384 tilulo,

375 2391 528 2447 inquit,
551 2395 611 2433 uti
639 2408 718 2443 vos,
743 2394 932 2441 Romani,
967 2394 1202 2433 Gr‘d'catzcm
1227 2394 1450 2433 civztatium
1479 2392 1778 2432 lzffhemndarum

376 2450 509 2489 video.-
530 2451 727 2503 sedsacta
749 2457 877 2491 vestra
895 2451 1075 2490 orationi
1095 2464 1174 2489 non
1193 2450 1449 2495 conveniunt,-
1474 2456 1511 2488 et
1527 2449 1680 2489 ‘³⁹c1l1ml
1695 2450 1780 2489 An-

376 2505 629 2559 tiochojuris
648 2509 858 2555 stalm'stis,
873 2508 958 2547 alio
974 2507 1054 2560 ipsi
1067 2507 1241 2547 utimini.
1288 2507 1368 2553 Qui
1383 2507 1484 2545 enim
1503 2507 1629 2560 magis
1644 2507 1778 2560 Smyr-

377 2565 458 2604 noei
478 2563 812 2618 Lampsacenique
831 2565 966 2604 Graeci
979 2570 1082 2612 sunt,
1098 2578 1213 2617 quam
1230 2563 1512 2615 Neapolitani,
1530 2570 1566 2603 et
1588 2563 1777 2618 Rhegini,

421 2719 460 2748 47
489 2718 529 2748 l't
541 2720 641 2758 procul
655 2720 690 2748 ab
705 2730 732 2749 se
746 2719 848 2748 honore
869 2730 933 2748 enm
948 2730 1055 2759 quoqne
1100 2718 1294 2760 I‘hilopatora
1318 2728 1418 2758 regem
1440 2719 1583 2760 Aegypti,
1598 2718 1680 2749 haud
1703 2728 1778 2750 sane

378 2763 538 2802 ablegaret]
575 2762 698 2795 Honore,
716 2761 745 2791 id
759 2768 814 2795 est,
832 2772 884 2803 per
900 2761 1054 2797 honorem,
1098 2760 1340 2795 contemnendae.
1361 2769 1566 2792 mer-{orantur
1592 2772 1611 2791 a
1637 2762 1779 2802 Polybio,

379 2815 430 2846 per
442 2805 574 2845 speciem
590 2804 719 2835 honoris.
1100 2803 1174 2833 libb.
1192 2804 1249 2834 IV.
1265 2810 1293 2833 et
1311 2805 1349 2834 V.

422 2849 460 2876 48
492 2848 527 2876 lz'z
544 2849 625 2876 rebus
639 2850 669 2877 iri.
693 2847 778 2887 §stria
793 2853 843 2876 1111!
868 2848 936 2876 Asin
952 2848 1054 2886 gestis]
1143 2847 1182 2877 49
1216 2847 1305 2876 Aliud
1343 2847 1480 2876 Antiocho
1508 2848 1590 2885 juris
1622 2846 1776 2886 annuistis]

382 2890 445 2918 Ros
473 2896 563 2927 gestan
593 2889 751 2923 Antiochi,
776 2889 884 2930 partim
912 2889 1056 2919 adt-orsu<
1103 2888 1168 2920 lmo
1183 2891 1319 2920 1111111ιίιέ-
1364 2890 1670 2920 .1A‹:.Gno.vov11·s.

379 2931 516 2966 rebelles,
545 2933 654 2973 partim
684 2932 826 2963 adversus
856 2932 1053 2963 l‘tolernaeum
