1947 3222
525 154 559 191 L
576 152 592 191 1
610 153 651 190 Β.
680 150 877 188 XXXIX.
924 153 1005 190 CA
1021 152 1062 190 Ρ.
1091 151 1180 189 XV.
1481 156 1550 190 411

134 262 269 305 temne
298 278 463 305 carmen
492 259 755 319 precationis,
784 258 901 316 quod
931 259 1115 315 praefari,
1146 259 1392 317 priusquam
1421 275 1556 318 popu—
1570 270 1748 304 U.C.566.

132 319 222 362 lum
253 320 552 376 adloquantur,
574 317 846 373 magistratus
875 316 1024 367 solent,
1050 317 1278 373 peregisset
1308 317 1468 369 consul,
1496 314 1659 360 itaA·C·
1677 316 1749 347 186.

133 377 285 435 ooepit:
331 377 448 419 Nulli
477 388 659 429 umquam
694 374 884 424 concioni,
923 372 1110 423 Quirites,
1147 372 1242 414 uont
1276 374 1402 414 solum
1442 382 1552 427 apta,
1569 387 1678 419 Oratio
1693 387 1773 419 Pos-

130 436 201 476 sed
230 435 348 476 etiam
378 433 615 484 necessaria,
637 433 721 474 hcec
739 431 937 474 sollemnis
958 432 1142 472 Deorum
1162 431 1423 483 comprecatio
1440 431 1550 484 fuit,·
1567 431 1749 506 ἓῑὲωέἰλξεῗὲ

1566 516 1700 548 natibus.

130 506 219 546 quae
238 507 309 534 vos
328 493 568 539 admoueret,
592 492 659 532 hos
679 504 760 531 esse
780 490 905 539 Deos,
927 502 1025 544 quos
1045 489 1181 539 colere,
1200 489 1391 536 venerari,
1412 491 1552 540 preca·

130 549 243 604 rique
271 548 442 603 majores
471 548 589 589 vestri
615 548 903 589 instituissent:
935 561 1011 586 non
1036 547 1138 596 illos,
1161 545 1227 600 qui
1246 546 1390 599 ,pravis
1421 552 1457 586 et
1487 561 1555 586 ex-

133 607 254 648 ternis
280 606 533 661 religionibus
564 613 706 659 captas
733 611 895 653 mentes,
920 604 1023 645 velut
1042 603 1264 657 stirialibus
1292 603 1480 654 stimulis,
1502 605 1556 644 ad

129 677 246 705 omne
271 664 396 705 scelus
427 670 464 705 et
496 664 552 704 ad
581 678 737 704 omnem
769 663 968 703 libidinem
999 668 1178 717 agerent.
1239 660 1454 715 Equidem,
1486 675 1558 701 nec

127 720 223 776 quid
243 727 411 771 taceam,
433 735 504 762 nec
530 728 727 777 quatenus
753 720 985 773 proloquar,
1008 719 1185 761 invenio.-
1215 719 1251 759 si
1273 719 1424 773 aliquid
1444 719 1558 774 iguo-

127 778 281 828 rabitis,
319 794 368 820 ne
405 779 532 820 locum
567 779 828 835 neglegentiae
859 779 948 818 dem
958 799 972 824 ,·
1020 777 1057 817 si
1088 776 1222 818 omnia
1255 778 1472 827 nudavero,
1510 790 1559 817 ue

128 836 296 877 nimium
327 836 486 878 terroris
516 836 734 890 obfundam
763 835 884 885 vobis,
904 849 1054 877 vereor.
1086 834 1279 889 quidquid
1308 834 1464 885 dixero,
1484 834 1558 874 mi-

129 907 217 944 nus,
251 908 367 949 quam
399 908 474 950 pro
510 895 719 936 atrocitate
751 899 788 934 et
819 892 1100 948 magnitudine
1134 893 1205 941 rei,
1241 891 1390 932 dictum
1422 891 1589 932 scitote-

130 966 223 993 esse.
255 958 301 992 ut
321 954 376 993 ad
401 953 623 993 cavendum
652 952 753 993 satis
778 951 841 1001 sit,
867 950 1030 992 dabitur
1060 964 1182 1003 opera
1213 963 1238 990 a
1268 949 1386 1001 uobis,
1447 949 1560 990 Bac-

130 1009 317 1050 chanalia
339 1015 424 1050 tota
432 1008 527 1064 jam
547 1011 701 1063 pridem
721 1009 861 1057 Italia,
885 1014 924 1048 et
945 1023 1050 1049 nime
1067 1022 1140 1060 per
1160 1008 1295 1048 urbem
1315 1007 1435 1047 etiam
1457 1006 1560 1047 mul-

132 1067 185 1107 tis
207 1067 298 1109 locis
328 1082 422 1116 csse,
445 1082 521 1108 non
538 1066 665 1121 fama
695 1067 813 1107 modo
841 1066 1036 1119 accepisse
1063 1079 1148 1116 vos,
1168 1066 1238 1105 sed
1266 1063 1473 1116 crepitibus
1502 1070 1561 1104 et-

130 1124 216 1166 iam
244 1125 541 1178 ululatibusque
569 1125 779 1173 nocturnis,
815 1123 882 1178 qui
911 1129 1123 1175 personant
1156 1128 1240 1162 tota
1271 1123 1378 1170 urbe,
1413 1128 1560 1162 certum

130 1183 282 1231 habe05
319 1190 501 1231 ceterum,
531 1197 620 1237 quse
652 1196 699 1222 ea
729 1196 791 1222 res
819 1181 883 1228 sit,
915 1181 1114 1235 ignorare.
1139 1179 1242 1219 alios
1274 1178 1452 1219 Deorum
1484 1179 1561 1219 ali-

128 1254 241 1294 quem
263 1240 427 1288 cultum,
451 1240 554 1280 alios
574 1253 790 1280 concessum
823 1238 958 1278 ludum
985 1243 1022 1277 et
1055 1237 1262 1279 lasciviam
1286 1250 1367 1277 esse
1387 1237 1558 1287 credere,

129 1304 181 1346 et,
204 1297 483 1352 qualecumque
504 1298 566 1346 sit,
591 1299 646 1338 ad
673 1310 820 1349 paucos
845 1296 1056 1348 pertinere.
1121 1293 1239 1343 Quod
1260 1295 1315 1334 ad
1336 1293 1561 1334 multitudi-

130 1369 220 1395 nem
243 1369 375 1396 eorum
397 1355 565 1406 adtinet,
587 1355 622 1395 si
642 1356 790 1403 dixero,
814 1353 941 1393 multa
962 1352 1092 1393 millia
1118 1352 1315 1393 hominum
1336 1365 1434 1401 esse,
1456 1351 1562 1403 illico

129 1426 285 1453 necesse
313 1420 386 1461 est,
418 1412 719 1459 exterreanuni,
759 1412 836 1452 uisi
866 1409 1096 1465 adjunxero,
1130 1409 1196 1464 qui
1225 1408 1440 1463 qualesque
1470 1400 1578 1450 siut.³

132 1470 316 1511 Primum
346 1469 474 1525 igilur
503 1470 706 1510 mulierum
736 1482 891 1523 magna
917 1481 1016 1520 pars
1045 1473 1117 1518 est,
1141 1473 1175 1507 et
1196 1467 1231 1507 is
1249 1465 1350 1518 sous
1370 1466 1466 1506 mali
1487 1467 1559 1506 hu-

120 1525 236 1582 jusce
254 1526 362 1579 fuit.-
394 1528 537 1567 deiude
566 1527 756 1568 simillimi
774 1525 944 1578 seminis
975 1539 1119 1574 mares,
1141 1524 1315 1577 stu-prati
1339 1530 1378 1564 et
1407 1530 1560 1564 coust-u-

127 1591 323 1638 pretores,
368 1583 575 1637 61fanatici
611 1585 775 1639 vigiles,·
828 1583 928 1632 vino,
970 1583 1207 1635 strepitibus,
1251 1581 1562 1636 clamoribusque

130 1643 330 1683 nocturnis
370 1642 558 1683 adtoniti.
629 1642 775 1684 Nullas
803 1641 933 1681 adhuc
972 1640 1075 1681 vires
1116 1638 1349 1694 conjuratiO,
1389 1645 1561 1679 ceterum

129 1699 410 1741 incrementum
441 1701 579 1755 iugens
611 1700 753 1741 virium
791 1699 920 1747 habet,
954 1699 1060 1752 quod
1095 1697 1137 1737 iu
1167 1697 1251 1738 dies
1279 1697 1413 1749 plures
1435 1696 1558 1748 fiunt.

129 1755 316 1812 MaJ‘ores
345 1758 473 1806 vestri,
496 1772 544 1798 ue
563 1771 631 1798 ‘cos
657 1757 825 1811 quidem,
848 1756 924 1797 uisi
944 1756 977 1779 ⁶²
986 1770 1102 1810 quum
1136 1761 1221 1804 aut,
1246 1754 1388 1795 veoeillo
1408 1754 1448 1794 in
1470 1767 1562 1795 arce

125 1816 270 1868 posito,
301 1815 544 1857 comit-iorum
580 1828 723 1856 caussa
756 1814 950 1855 exercitus
982 1814 1141 1854 eductus
1177 1817 1289 1862 esset,
1320 1811 1431 1852 6διηιτ
1457 1811 1562 1864 plebi

650 1895 661 1916 ¹
679 1901 738 1925 tam
750 1907 806 1926 nou
823 1895 920 1927 Gron.
935 1895 1025 1927 Crev.

129 1963 231 1996 manis
252 1965 445 2002 colebantur,
469 1970 547 2007 puta
569 1965 589 1996 J
593 1975 694 2000 ovem,
719 1965 739 1996 J
743 1975 820 1995 uno-
864 1965 952 1995 hostes
979 1976 1011 1995 er
1042 1966 1191 2004 improviso
1223 1963 1323 1994 urbem
1353 1963 1555 1997 adorirentur,

129 2016 214 2044 nem,
230 2008 419 2044 Minervam,
437 2014 496 2039 etc.
518 2013 606 2050 patet
629 2007 728 2049 exiis
750 2018 820 2049 quae
866 2008 1098 2048 Janz'culumque
1151 2012 1337 2046 occuparent,
1389 2011 1560 2036 statuerunt

127 2057 302 2092 sequuntur
315 2051 365 2081 hic
380 2051 413 2081 in
427 2051 564 2082 oratione
581 2050 755 2081 consulum.
866 2061 924 2081 non
951 2061 1046 2081 omnes
1071 2050 1158 2080 simul
1186 2051 1230 2080 ire
1253 2051 1285 2080 in
1314 2048 1477 2090 suffragia:
1510 2049 1560 2078 sed

175 2094 215 2124 61
248 2094 388 2124 Fanatici
423 2091 553 2136 2·igites]'
587 2093 745 2134 Legimus,
767 2092 825 2134 sa·
870 2095 911 2124 ita
936 2104 993 2124 rem
1020 2095 1096 2123 iuter
1110 2104 1138 2123 se
1157 2094 1278 2132 partiri,
1294 2098 1339 2127 ut,
1356 2093 1427 2121 dum
1449 2092 1504 2121 alii
1527 2092 1559 2121 in

133 2138 238 2173 natici,
262 2137 383 2179 vigiliis.
407 2139 474 2167 vino
497 2159 505 2167 .
535 2160 543 2168 .
568 2138 697 2167 attoniti.
742 2136 824 2166 *At-
869 2136 1016 2178 suffragia
1055 2138 1145 2171 irent,
1183 2136 1237 2166 alii
1280 2137 1388 2165 armati
1429 2135 1560 2164 excubias

133 2181 238 2211 tonitos
270 2187 376 2211 autem
405 2190 524 2222 expone
560 2180 600 2210 de
631 2179 824 2222 possessione
869 2186 991 2221 agerent
1020 2180 1053 2209 in
1077 2179 1227 2210 ,lauit-ulo.
1274 2178 1367 2208 Hunc
1394 2177 1492 2220 igitur
1518 2177 1558 2208 lo-

135 2223 249 2254 mentis
283 2223 474 2260 deturbatos,
506 2228 655 2264 tanquam
684 2222 825 2265 propiore
870 2234 937 2253 cum
988 2223 1196 2258 custodiebant,
1249 2222 1389 2262 quamdiu
1443 2221 1560 2251 comitia

131 2265 261 2297 fulmine
275 2266 416 2297 adflatos.
867 2267 1028 2296 durarent.-
1065 2277 1153 2306 quum
1179 2271 1278 2296 autem
1311 2265 1444 2294 solvenda
1473 2271 1557 2294 eraut

175 2310 217 2340 62
241 2310 347 2347 Quum
371 2332 378 2340 .
400 2331 409 2340 .
432 2330 441 2338 .
463 2308 566 2339 verillo
588 2309 621 2338 in
644 2319 711 2338 arce
732 2310 824 2348 posito
867 2310 994 2345 comitia,
1032 2309 1168 2339 vesillum
1204 2320 1223 2338 a
1258 2307 1399 2338 Janiculo
1432 2317 1557 2337 remore-

133 2353 316 2383 cmnitiorum
345 2363 435 2383 causa
462 2352 606 2382 exercitus
631 2352 752 2381 eductus
781 2361 822 2381 es-
867 2352 966 2388 batur,
1012 2353 1193 2392 custodesque
1236 2351 1428 2381 discedebant.
1489 2349 1557 2380 Nou

133 2395 191 2436 set]
238 2395 467 2427 Describuntur
490 2394 616 2425 comitia
637 2394 822 2424 centuriata.
868 2395 969 2426 licebat
1000 2401 1110 2431 mitem,
1148 2395 1312 2425 custodibus
1338 2394 1375 2423 ab
1403 2393 1457 2422 itta
1491 2403 1559 2423 aree

135 2436 175 2467 In
188 2436 226 2467 iis
237 2437 398 2469 dicebatur
416 2439 558 2469 exercitus
578 2436 733 2479 imperari,
749 2436 824 2478 quia
865 2439 990 2474 remotis,
1018 2440 1177 2478 quidquam
1206 2437 1333 2476 amplius
1360 2447 1456 2477 agere.
1506 2436 1557 2466 Ex

136 2480 194 2510 sub
216 2479 321 2521 signis
345 2487 376 2512 et
401 2481 439 2512 iis
465 2479 557 2520 armis
578 2479 729 2516 instructi,
752 2489 824 2520 quae
866 2480 914 2511 his
936 2481 1048 2512 Dionis
1075 2481 1177 2512 verbis
1203 2485 1290 2521 patet
1317 2490 1412 2510 arcem
1438 2478 1471 2509 in
1499 2477 1557 2509 hoc

135 2522 248 2564 cuique
271 2523 362 2555 classi
389 2529 478 2555 erant
502 2533 556 2566 per
583 2523 723 2554 Servium
748 2523 825 2553 Tul·
870 2529 972 2555 nostro
987 2523 1069 2554 Livii
1083 2523 1151 2554 loco
1168 2533 1234 2554 esse
1250 2522 1442 2553 Janiculum.

136 2564 214 2596 lium
240 2571 396 2598 auctorem
422 2567 632 2598 centuriarum
657 2565 825 2606 assignata,
913 2568 954 2598 63
978 2567 1041 2597 Aut
1066 2567 1142 2605 plebi
1169 2566 1341 2606 concilium]
1375 2563 1503 2606 'Proprie
1527 2567 1558 2593 et

135 2608 375 2641 conveniebant.
427 2610 561 2641 Eduetus
596 2608 707 2640 dicitur
740 2618 826 2640 exer·
869 2608 1000 2650 signate.
1056 2609 1086 2640 Is
1113 2608 1195 2641 enim
1225 2610 1277 2650 qui
1301 2620 1358 2639 non
1388 2609 1558 2637 uniuersum

135 2651 227 2687 citus,
265 2650 339 2692 quia
373 2656 461 2684 extra
491 2653 599 2683 urbem
634 2652 667 2682 in
705 2651 827 2694 Campo
869 2653 1021 2693 populum,
1058 2655 1107 2684 sed
1141 2658 1255 2692 partem
1291 2651 1393 2692 populi
1427 2649 1559 2688 aliquam

135 2693 256 2726 Martio
270 2694 326 2725 illa
338 2693 463 2726 comitia
482 2695 688 2726 habebantur.
733 2694 828 2732 Quod
870 2697 965 2727 adesse
976 2696 1076 2736 jubet,
1099 2707 1157 2727 non
1182 2696 1310 2730 comitia,
1334 2694 1381 2724 sed
1403 2691 1559 2722 concilium

133 2736 176 2768 ad
197 2736 348 2768 vexillum
363 2736 484 2772 attinet,
500 2748 564 2769 rem
585 2738 645 2770 hoc
665 2737 758 2768 modo
773 2748 827 2769 ex·
870 2740 982 2770 edicere
1005 2740 1096 2770 debet.
1144 2738 1269 2769 Tribuni
1291 2742 1388 2766 autem
1402 2744 1493 2774 neque
1503 2734 1559 2763 ud-

131 2779 223 2822 ponit
256 2780 332 2815 Dio,
360 2780 381 2811 l.
410 2780 589 2812 XXXVII.
633 2781 734 2815 Quum
760 2781 829 2811 olim
870 2789 975 2814 meant
1002 2783 1152 2823 patricios,
1188 2790 1279 2821 neque
1305 2779 1344 2809 ad
1376 2788 1420 2808 eos
1447 2775 1561 2816 ‘resen‘e

135 2824 246 2854 assidui
269 2835 289 2853 a
312 2823 455 2864 finitimis
477 2824 590 2862 populis
619 2829 739 2855 terrores
768 2823 828 2854 Rv—
871 2827 908 2856 de
931 2826 994 2857 ullu
1014 2836 1047 2857 re
1067 2829 1193 2866 possunt.
1234 2822 1282 2854 A.
1303 2819 1388 2853 Gell.
1407 2819 1429 2850 l.
1443 2819 1517 2851 XV.
1531 2828 1561 2850 c.

137 2877 215 2896 ‘mam
251 2867 486 2902 circumstarent,
511 2867 599 2896 veriti
631 2866 758 2897 Romani
783 2878 830 2902 ne,
874 2869 928 2900 27.

138 2910 210 2939 dum
241 2909 294 2950 ipsi
332 2910 448 2941 comitia
484 2909 650 2940 centuriata
686 2909 832 2944 haberent,
