1947 3222
344 109 395 143 50
873 98 1012 138 TITI
1058 99 1228 137 LIVII

136 226 313 261 U.c.553.
346 211 585 254 colonorum
619 223 818 250 numerus
853 216 1085 264 cogeretur,
1116 209 1160 250 id
1192 207 1343 250 Cosani
1372 216 1561 265 petentes
1590 222 1670 249 non
1701 209 1762 250 in-

134 271 228 303 A-C·
244 270 316 301 199.
347 274 631 326 petraverunt.

408 324 498 365 ΙΙΙ.
530 323 692 373 Rebus,
714 337 811 378 quae
832 321 980 362 Romae
1001 321 1173 376 agendae
1194 329 1326 372 erant,
1346 321 1556 378 perfectis,
1573 321 1763 364 consules

349 381 393 423 in
427 379 660 444 provincias
694 378 885 434 profecti.
945 378 994 418 P.
1018 377 1188 418 Villium
1224 378 1268 418 in
1305 379 1595 420 Macedoniam
1631 393 1765 435 quum

139 446 255 480 Seditio
269 446 326 478 mi·
351 445 543 487 vemsset‚
572 444 693 477 atrox
723 434 872 476 seditio
901 433 1097 484 militum,
1123 435 1211 490 jam
1241 443 1336 477 ante
1365 435 1543 486 irritata,
1564 451 1639 476 nec
1669 436 1768 477 satis

139 493 229 522 litum
244 490 309 538 in·
352 494 396 536 in
428 492 632 556 principio
666 506 914 547 compressa,
955 490 1130 546 excepit.
1171 490 1205 514 ¹¹
1217 490 1304 532 duo
1337 492 1466 533 millia
1499 508 1547 534 ea
1586 492 1768 534 militum

141 532 342 566 Macedoma.
352 551 485 599 fuere,
507 564 581 605 qul
610 563 662 589 ex
684 547 832 588 Africa
860 554 955 603 post
979 545 1191 588 devictum
1213 548 1493 590 Hannibalem
1522 549 1564 590 in
1589 549 1769 590 Siciliam

354 607 452 649 inde
471 605 504 630 ¹²
516 620 624 647 anno
643 605 730 646 fere
759 609 874 660 poste
891 603 938 644 in
957 603 1246 645 Macedoniam
1278 620 1354 661 pro
1374 605 1618 648 voluntariis
1639 615 1772 648 trans-

353 662 511 720 portati
547 670 676 704 erant.
717 660 761 702 id
792 660 1008 701 voluntate
1042 660 1200 702 factum
1236 662 1468 717 negabant:
1501 663 1566 704 Ab
1600 665 1777 706 tribunis

354 726 581 761 recusantes
609 720 654 760 in
683 731 804 759 naves
831 717 1035 770 inpositos.
1065 719 1137 758 sed
1165 724 1382 773 utcumque,
1404 734 1472 760 seu
1492 720 1686 776 injuncta,
1708 736 1776 763 seu

355 783 535 831 suscepta
545 776 666 831 soret
686 776 852 823 militia,
875 780 912 814 et
933 787 1019 814 eam
1040 775 1287 824 exhaustam,
1309 781 1348 815 et
1364 777 1490 829 finem
1509 779 1682 832 aliquem
1703 781 1778 819 mi-

358 835 512 876 litandi
521 833 631 888 ¹fieri
657 846 811 887 aequum
842 845 935 873 esse.
997 831 1147 872 Multis
1174 833 1295 873 annis
1322 846 1404 873 sese
1423 834 1592 875 Italiam
1616 849 1696 876 non
1716 837 1777 877 vi-

359 891 477 933 disse.
511 892 760 933 consenuisse
793 889 862 930 sub
891 889 1018 930 armis
1051 890 1094 929 in
1126 889 1286 939 Sicilia,
1319 889 1483 943 Africa,
1515 891 1778 935 Macedonia.

362 949 570 1005 Confectos
584 946 678 1002 jam
698 961 739 989 se
753 946 905 996 labore,
927 960 1059 1000 opere,
1081 960 1299 1001 exsangues
1319 953 1378 987 tot
1407 949 1581 1001 acceptis
1606 950 1782 991 vulneri-

360 1006 430 1048 bus
456 1020 547 1048 esse.
609 1003 780 1053 Consul,
802 1017 980 1045 caussam
1002 1005 1262 1056 postulandae
1290 1004 1492 1046 missionis
1510 1005 1780 1059 probabilem,

359 1065 398 1105 si
434 1064 609 1104 modeste
642 1066 862 1115 peteretur,
897 1060 1039 1109 videri,
1075 1059 1199 1103 dixit.
1232 1061 1441 1103 seditionis
1474 1076 1546 1103 nec
1579 1077 1680 1114 eam,
1710 1078 1784 1106 nec

360 1122 487 1162 ullam
505 1121 634 1161 aliam
661 1119 763 1160 satis
778 1116 936 1172 justam
961 1131 1142 1159 caussam
1162 1131 1256 1161 esse.
1314 1117 1462 1173 Itaque
1481 1120 1519 1161 si
1546 1133 1709 1162 manere
1727 1122 1786 1162 ad

360 1179 496 1234 signa,
516 1183 557 1219 et
576 1176 684 1218 dicto
710 1188 866 1228 parere
883 1176 1023 1224 velint,
1044 1189 1086 1216 se
1105 1175 1154 1215 de
1173 1176 1359 1217 missione
1377 1190 1510 1217 eorum
1530 1178 1588 1217 ad
1604 1185 1785 1219 senatum

362 1236 619 1289 scripturum.
677 1233 888 1275 Modestia
901 1232 1094 1288 facilius,
1116 1246 1234 1287 quam
1246 1234 1500 1287 pertinacia,
1521 1235 1626 1288 quod
1643 1236 1783 1287 velint,

365 1293 656 1348 inpetraturos.

152 1359 349 1391 Thaumacos
426 1350 502 1391 IV.
535 1348 802 1389 Thaumacos
821 1362 871 1388 eo
899 1354 1086 1403 tempore
1108 1346 1332 1411 Philippus
1362 1362 1524 1388 summa
1552 1347 1594 1388 vi
1623 1348 1787 1405 obpug-

154 1403 496 1477 {guggfgggtunabat
524 1404 750 1461 aggeribus
777 1403 1018 1468 vineisque3
1049 1411 1091 1445 et
1120 1404 1210 1459 jam
1239 1413 1408 1446 arietem
1438 1404 1570 1445 muris
1599 1405 1791 1447 admotu-

156 1488 331 1530 Philippus.
370 1475 443 1505 rus
481 1473 582 1504 erat.
625 1469 810 1504 ceterum
853 1468 1019 1516 mcepto
1058 1460 1256 1501 absistere
1302 1476 1398 1502 eum
1441 1461 1577 1516 coegit
1624 1462 1790 1504 subitus

373 1518 616 1562 AEtolorum
646 1517 867 1568 adventus,
897 1516 987 1572 qui,
1021 1516 1275 1557 Archidamo
1304 1517 1411 1558 duce
1444 1517 1552 1558 inter
1581 1519 1791 1560 custodias

374 1575 659 1618 Macedonum
692 1574 847 1615 moenia
879 1573 1069 1629 ingressi,
1100 1588 1175 1614 nec
1205 1573 1288 1623 die,
1310 1588 1385 1614 nec
1418 1582 1539 1615 nocte
1573 1574 1695 1615 finem
1730 1576 1793 1617 ul-

374 1633 464 1674 lum
494 1630 756 1687 erumpendi,
786 1645 898 1671 nunc
926 1631 971 1670 in
1000 1629 1212 1680 stationeS,
1233 1645 1344 1671 nunc
1373 1630 1416 1672 in
1445 1646 1572 1686 opera
1596 1632 1794 1674 Macedo-

375 1704 494 1739 num,
520 1687 741 1729 faciebant.
773 1694 814 1727 et
841 1686 1070 1742 adjuvabat
1100 1701 1169 1727 eos
1188 1695 1340 1727 natura
1367 1687 1459 1743 ipsa
1489 1687 1580 1728 loci.
1611 1703 1792 1745 namque

379 1744 616 1787 Thaumaci
647 1742 713 1785 ¹³a
747 1742 866 1799 Pylis
900 1742 1078 1798 sinuque
1114 1741 1298 1784 Maliaco
1336 1759 1411 1800 per
1447 1744 1637 1785 Lamiam
1678 1746 1794 1787 eunti

378 1803 469 1844 loco
498 1801 584 1843 alto
613 1801 682 1842 siti
713 1808 825 1850 sunt,
853 1799 952 1856 ipsis
980 1799 1174 1840 faucibus
1208 1800 1470 1852 inminentes,
1493 1800 1525 1824 ¹¹
1538 1816 1642 1856 quas
1665 1802 1802 1843 Coelaf

380 1866 553 1901 vocant:
597 1855 912 1912 Thessaliaeque
946 1857 1177 1898 transeunti
1217 1856 1461 1913 confragosa
1499 1857 1588 1899 loca
1627 1858 1798 1915 inplica-

775 1960 790 1978 e
803 1962 865 1996 post
879 1953 941 1986 del.
958 1955 1056 1987 Gron.
1182 1951 1197 1976 f
1212 1955 1306 1987 Coelen
1323 1956 1401 1987 Ead.

383 2042 440 2074 tim
462 2041 560 2073 redire
576 2040 715 2083 jubendo
735 2041 769 2072 in
790 2040 954 2077 coloniam,
970 2040 995 2071 si
1017 2039 1070 2082 qui
1114 2049 1185 2071 nem
1207 2040 1337 2071 adstruit
1353 2052 1390 2072 ex
1409 2042 1503 2073 MSS.
1521 2042 1542 2074 J
1546 2051 1594 2076 ac.
1610 2043 1797 2076 Gronovius.

386 2085 449 2117 alio
464 2084 604 2126 dissipati
619 2089 718 2120 erant,
733 2083 844 2128 partim
867 2083 1071 2115 adscribendo
1115 2083 1219 2124 Vulgo
1240 2095 1327 2125 quam
1343 2085 1439 2115 Galen
1462 2092 1574 2115 vocant.
1618 2086 1679 2117 Sed
1702 2097 1740 2118 ne
1756 2087 1799 2118 sic

388 2137 494 2159 novos·
544 2126 595 2158 Sic
622 2138 722 2169 cogere
746 2128 879 2163 militem,
904 2128 1070 2167 pecuniam,
1116 2127 1241 2168 quidem
1264 2137 1356 2158 sanus
1378 2137 1444 2159 esse
1467 2128 1591 2160 omnino
1606 2128 1727 2160 videtur
1749 2130 1799 2160 hic

388 2171 577 2211 stipendium,
593 2174 640 2200 est
659 2170 809 2212 cujusque
833 2169 876 2200 rei
897 2174 1014 2200 certum
1035 2180 1072 2200 ac
1117 2169 1211 2200 locus.
1259 2170 1402 2201 Libenter
1417 2176 1448 2202 et
1463 2170 1556 2202 aliam
1572 2171 1621 2202 hic
1634 2172 1799 2203 leviculam

391 2212 553 2245 definitum
568 2217 728 2244 numerum
741 2212 902 2244 conficere.
938 2213 977 2243 In
991 2212 1075 2243 hunc
1117 2212 1320 2243 mutationem
1345 2223 1415 2244 cum
1439 2213 1569 2254 Dujatio
1593 2214 1800 2256 interponere-

391 2256 518 2287 modum
545 2255 682 2298 explicat
707 2261 739 2287 et
764 2261 867 2287 tuetur
893 2255 1076 2297 scripturam
1119 2265 1198 2292 mim,
1214 2261 1249 2286 ut
1272 2261 1354 2287 totus
1377 2256 1463 2287 locus
1486 2257 1544 2288 hoc
1569 2257 1661 2288 modo
1684 2258 1801 2299 legere-

393 2304 467 2330 vett.
485 2297 638 2330 editorum
659 2303 692 2330 et
712 2299 808 2330 MSS.
832 2298 972 2329 codicum
997 2299 1076 2330 Gro-
1120 2303 1169 2329 tur
1204 2298 1521 2340 distinguereturque:
1560 2300 1634 2340 Ipsis
1657 2301 1803 2343 faucibus

393 2341 513 2373 novius.
564 2341 746 2382 Expeditior
780 2347 885 2373 tamen
920 2346 967 2372 est
1001 2351 1077 2382 qua·
1120 2343 1309 2377 imminentes,
1337 2353 1408 2382 quas
1442 2343 1523 2374 Coeta
1554 2351 1656 2374 vocam
1687 2343 1803 2375 Thessa-

394 2384 536 2415 rumdam
556 2383 725 2415 editionum
739 2384 892 2423 lectio‚ut
914 2385 1078 2415 colonomaem
1121 2385 1177 2420 lioe,
1200 2394 1264 2425 quoe
1291 2387 1456 2415 transeunti
1482 2391 1540 2417 etc.
1562 2385 1654 2416 Libro
1677 2387 1803 2418 XXXI.

393 2437 534 2458 numems
565 2434 738 2468 augeretur;
769 2427 823 2458 sed
854 2426 924 2458 ideo
951 2427 1078 2459 sortasse
1121 2437 1150 2458 c.
1172 2428 1224 2458 47.
1255 2427 1368 2458 mentio
1391 2428 1425 2458 fit
1449 2428 1534 2459 sinus
1557 2428 1697 2464 Euboici,
1720 2441 1802 2470 quem

394 2469 575 2512 suspectior.
1124 2470 1203 2501 coela
1238 2476 1350 2500 vocant.
1409 2470 1520 2512 Itaque
1555 2481 1616 2501 non
1653 2472 1804 2504 immerito

441 2514 478 2544 ll
504 2512 573 2542 Duo
593 2512 688 2542 millia
710 2512 855 2553 militum]
892 2512 997 2554 Vulgo
1023 2514 1080 2543 (luo
1122 2512 1271 2554 suspicari
1286 2512 1356 2554 quis
1377 2513 1472 2554 possit
1487 2514 1543 2544 has
1559 2513 1663 2545 fauces
1678 2522 1804 2546 vocatas

395 2557 489 2586 millia
510 2566 543 2586 ea
561 2555 700 2585 militum.
744 2554 958 2597 Expunximus
972 2565 1078 2586 vocem
1121 2565 1187 2587 esse
1205 2556 1283 2586 Cala
1307 2556 1471 2592 171essalioe,
1488 2555 1527 2586 ad
1548 2557 1718 2588 notandum
1741 2557 1803 2589 dis-

397 2610 441 2635 ca,
453 2598 583 2640 jubente
600 2596 742 2629 Gelenio.
1120 2599 1246 2629 crimen.
1292 2598 1363 2633 Qum
1389 2597 1466 2630 refer
1496 2599 1535 2629 ad
1567 2599 1732 2631 Themlioe:
1759 2601 1803 2632 ita

442 2642 482 2672 12
505 2640 660 2682 Annofere
672 2639 749 2679 post]
766 2640 865 2671 Deest
874 2647 933 2679 post
945 2640 976 2671 in
991 2641 1079 2671 utris·
1122 2646 1157 2671 ut
1179 2651 1286 2671 sensus
1307 2641 1357 2677 sit,
1380 2641 1583 2678 Thessaliam,
1607 2643 1690 2673 velut
1710 2643 1806 2674 maris

397 2693 458 2725 que
480 2683 628 2716 Gronovii
649 2682 845 2718 editionibus,
864 2689 970 2713 contra
986 2684 1080 2714 MSS.
1123 2683 1203 2715 vasti
1216 2683 1324 2725 ingens
1337 2694 1451 2725 aequor,
1467 2684 1510 2715 sic
1532 2684 1713 2717 immensam
1726 2697 1804 2728 pan-

397 2727 526 2758 aliorum
550 2737 588 2758 ue
623 2724 772 2757 editorum
809 2725 912 2757 fidem.
963 2725 1079 2757 Hffln-
1124 2725 1156 2756 di
1184 2726 1345 2768 planitiem
1373 2727 1412 2757 ob
1439 2727 1545 2759 oculos
1576 2728 1642 2769 ejus
1670 2728 1724 2770 qui
1752 2739 1807 2771 per

400 2780 491 2801 mus.
549 2772 646 2800 ,xstat
662 2767 695 2800 φῖ
705 2774 767 2808 post
781 2767 813 2798 in
829 2768 946 2799 Victor.
963 2768 1050 2798 libro.
1124 2768 1228 2800 fauces
1249 2769 1317 2801 illas
1338 2769 1377 2801 ad
1391 2770 1508 2812 *urbem
1522 2771 1717 2804 Thaumacos
1738 2782 1807 2815 per-

444 2813 481 2844 13
505 2812 530 2842 Α
547 2812 646 2853 Pylis]
670 2811 696 2842 A
714 2811 940 2853 Thermopylis.
1123 2811 1251 2844 venerit.

443 2855 482 2885 14
507 2855 586 2889 Quas
609 2855 690 2886 Coela
712 2854 830 2895 vocam]
860 2855 951 2886 Hanc
975 2853 1079 2884 lectio-
