<?xml version="1.0" encoding="UTF-8"?>
<!DOCTYPE html PUBLIC "-//W3C//DTD XHTML 1.0 Transitional//EN"
    "http://www.w3.org/TR/xhtml1/DTD/xhtml1-transitional.dtd">
<html xmlns="http://www.w3.org/1999/xhtml" xml:lang="en" lang="en">
 <head>
  <title>
</title>
<meta http-equiv="Content-Type" content="text/html;charset=utf-8" />
  <meta name='ocr-system' content='tesseract 3.04.00' />
  <meta name='ocr-capabilities' content='ocr_page ocr_carea ocr_par ocr_line ocrx_word'/>
</head>
<body>
  <div class='ocr_page' id='page_1' title='image "./historiarumaburb03livyuoft_0466.png"; bbox 0 0 1947 3222; ppageno 0'>
   <div class='ocr_carea' id='block_1_1' title="bbox 317 131 1206 171">
    <p class='ocr_par' dir='ltr' id='par_1_1' title="bbox 317 131 1206 171">
     <span class='ocr_line' id='line_1_1' title="bbox 317 131 1206 171; baseline 0 -2"><span class='ocrx_word' id='word_1_1' title='bbox 317 131 393 170; x_wconf 82' lang='lat'>456</span> <span class='ocrx_word' id='word_1_2' title='bbox 836 131 1206 171; x_wconf 83' lang='lat' dir='ltr'>T1T1L1V11</span> 
     </span>
    </p>
   </div>
   <div class='ocr_carea' id='block_1_2' title="bbox 94 239 1730 2617">
    <p class='ocr_par' dir='ltr' id='par_1_2' title="bbox 105 239 1730 297">
     <span class='ocr_line' id='line_1_2' title="bbox 105 239 1730 297; baseline 0.002 -20"><span class='ocrx_word' id='word_1_3' title='bbox 105 247 146 278; x_wconf 89' lang='lat' dir='ltr'>U.</span> <span class='ocrx_word' id='word_1_4' title='bbox 161 247 197 278; x_wconf 91' lang='lat' dir='ltr'>C.</span> <span class='ocrx_word' id='word_1_5' title='bbox 212 248 283 279; x_wconf 84' lang='lat'>570.</span> <span class='ocrx_word' id='word_1_6' title='bbox 376 239 465 281; x_wconf 89' lang='lat' dir='ltr'>III.</span> <span class='ocrx_word' id='word_1_7' title='bbox 498 241 564 282; x_wconf 92' lang='lat' dir='ltr'>De</span> <span class='ocrx_word' id='word_1_8' title='bbox 586 240 782 297; x_wconf 86' lang='lat' dir='ltr'>Philippo</span> <span class='ocrx_word' id='word_1_9' title='bbox 813 249 986 282; x_wconf 80' lang='lat' dir='ltr'>auxerat</span> <span class='ocrx_word' id='word_1_10' title='bbox 1018 254 1158 280; x_wconf 86' lang='lat' dir='ltr'>curam</span> <span class='ocrx_word' id='word_1_11' title='bbox 1197 241 1395 281; x_wconf 80' lang='lat' dir='ltr'>Marcius.</span> <span class='ocrx_word' id='word_1_12' title='bbox 1437 256 1530 281; x_wconf 92' lang='lat' dir='ltr'>nam</span> <span class='ocrx_word' id='word_1_13' title='bbox 1571 240 1629 281; x_wconf 82' lang='lat' dir='ltr'>ita</span> <span class='ocrx_word' id='word_1_14' title='bbox 1663 241 1730 281; x_wconf 56' lang='lat' dir='ltr'>fe:</span> 
     </span>
    </p>

    <p class='ocr_par' dir='ltr' id='par_1_3' title="bbox 103 290 1723 1257">
     <span class='ocr_line' id='line_1_3' title="bbox 103 290 1723 353; baseline 0 -16"><span class='ocrx_word' id='word_1_15' title='bbox 103 290 145 320; x_wconf 86' lang='lat' dir='ltr'>A.</span> <span class='ocrx_word' id='word_1_16' title='bbox 160 290 197 321; x_wconf 91' lang='lat' dir='ltr'>C.</span> <span class='ocrx_word' id='word_1_17' title='bbox 217 292 285 321; x_wconf 70' lang='lat'>¹⁸²·</span> <span class='ocrx_word' id='word_1_18' title='bbox 317 296 418 338; x_wconf 87' lang='lat' dir='ltr'>cisse</span> <span class='ocrx_word' id='word_1_19' title='bbox 444 312 555 347; x_wconf 90' lang='lat' dir='ltr'>eum,</span> <span class='ocrx_word' id='word_1_20' title='bbox 576 313 672 353; x_wconf 85' lang='lat' dir='ltr'>quae</span> <span class='ocrx_word' id='word_1_21' title='bbox 701 298 859 339; x_wconf 87' lang='lat' dir='ltr'>senatui</span> <span class='ocrx_word' id='word_1_22' title='bbox 890 296 1152 353; x_wconf 81' lang='lat' dir='ltr'><strong>placuissent,</strong></span> <span class='ocrx_word' id='word_1_23' title='bbox 1176 297 1401 346; x_wconf 78' lang='lat' dir='ltr'>fatebatur,</span> <span class='ocrx_word' id='word_1_24' title='bbox 1423 305 1471 337; x_wconf 91' lang='lat' dir='ltr'>ut</span> <span class='ocrx_word' id='word_1_25' title='bbox 1501 296 1620 338; x_wconf 87' lang='lat' dir='ltr'>facile</span> <span class='ocrx_word' id='word_1_26' title='bbox 1651 297 1723 337; x_wconf 90' lang='lat' dir='ltr'>ad-</span> 
     </span>
     <span class='ocr_line' id='line_1_4' title="bbox 316 353 1720 409; baseline 0 -15"><span class='ocrx_word' id='word_1_27' title='bbox 316 362 494 409; x_wconf 85' lang='lat' dir='ltr'>pareret,</span> <span class='ocrx_word' id='word_1_28' title='bbox 524 369 606 395; x_wconf 92' lang='lat' dir='ltr'>non</span> <span class='ocrx_word' id='word_1_29' title='bbox 638 353 811 404; x_wconf 87' lang='lat' dir='ltr'>diutius,</span> <span class='ocrx_word' id='word_1_30' title='bbox 837 368 962 409; x_wconf 87' lang='lat' dir='ltr'>quam</span> <span class='ocrx_word' id='word_1_31' title='bbox 994 366 1155 393; x_wconf 85' lang='lat' dir='ltr'>necesse</span> <span class='ocrx_word' id='word_1_32' title='bbox 1185 361 1305 404; x_wconf 85' lang='lat' dir='ltr'>esset,</span> <span class='ocrx_word' id='word_1_33' title='bbox 1331 354 1554 395; x_wconf 85' lang='lat' dir='ltr'>facturum.</span> <span class='ocrx_word' id='word_1_34' title='bbox 1585 369 1720 409; x_wconf 89' lang='lat' dir='ltr'>neque</span> 
     </span>
     <span class='ocr_line' id='line_1_5' title="bbox 314 409 1718 466; baseline 0 -16"><span class='ocrx_word' id='word_1_35' title='bbox 314 410 537 452; x_wconf 80' lang='lat' dir='ltr'>Obscurum</span> <span class='ocrx_word' id='word_1_36' title='bbox 570 419 657 453; x_wconf 90' lang='lat' dir='ltr'>erat</span> <span class='ocrx_word' id='word_1_37' title='bbox 691 410 1003 458; x_wconf 85' lang='lat' dir='ltr'>rebellaturum,</span> <span class='ocrx_word' id='word_1_38' title='bbox 1037 409 1270 465; x_wconf 81' lang='lat' dir='ltr'>omniaque,</span> <span class='ocrx_word' id='word_1_39' title='bbox 1304 426 1399 466; x_wconf 81' lang='lat' dir='ltr'>quae</span> <span class='ocrx_word' id='word_1_40' title='bbox 1441 420 1540 453; x_wconf 91' lang='lat' dir='ltr'>tunc</span> <span class='ocrx_word' id='word_1_41' title='bbox 1579 417 1718 465; x_wconf 84' lang='lat' dir='ltr'>ageret</span> 
     </span>
     <span class='ocr_line' id='line_1_6' title="bbox 314 465 1721 523; baseline -0.001 -16"><span class='ocrx_word' id='word_1_42' title='bbox 314 466 568 523; x_wconf 85' lang='lat' dir='ltr'>diceretque,</span> <span class='ocrx_word' id='word_1_43' title='bbox 596 483 644 508; x_wconf 90' lang='lat' dir='ltr'>eo</span> <span class='ocrx_word' id='word_1_44' title='bbox 675 474 869 522; x_wconf 87' lang='lat' dir='ltr'>spectare.</span> <span class='ocrx_word' id='word_1_45' title='bbox 930 467 1027 506; x_wconf 84' lang='lat' dir='ltr'>Jam</span> <span class='ocrx_word' id='word_1_46' title='bbox 1061 465 1243 520; x_wconf 87' lang='lat' dir='ltr'>primum</span> <span class='ocrx_word' id='word_1_47' title='bbox 1273 482 1434 508; x_wconf 91' lang='lat' dir='ltr'>omnem</span> <span class='ocrx_word' id='word_1_48' title='bbox 1465 468 1550 508; x_wconf 89' lang='lat' dir='ltr'>fere</span> <span class='ocrx_word' id='word_1_49' title='bbox 1580 467 1721 508; x_wconf 86' lang='lat' dir='ltr'>multi-</span> 
     </span>
     <span class='ocr_line' id='line_1_7' title="bbox 315 521 1721 565; baseline 0 -1"><span class='ocrx_word' id='word_1_50' title='bbox 315 523 501 565; x_wconf 83' lang='lat' dir='ltr'>tudinem</span> <span class='ocrx_word' id='word_1_51' title='bbox 529 523 682 565; x_wconf 90' lang='lat' dir='ltr'>civium</span> <span class='ocrx_word' id='word_1_52' title='bbox 712 538 763 563; x_wconf 87' lang='lat' dir='ltr'>ex</span> <span class='ocrx_word' id='word_1_53' title='bbox 793 521 1010 563; x_wconf 88' lang='lat' dir='ltr'>maritimis</span> <span class='ocrx_word' id='word_1_54' title='bbox 1039 521 1280 563; x_wconf 87' lang='lat' dir='ltr'>civitatibus</span> <span class='ocrx_word' id='word_1_55' title='bbox 1309 539 1403 564; x_wconf 85' lang='lat' dir='ltr'>curn</span> <span class='ocrx_word' id='word_1_56' title='bbox 1439 523 1605 564; x_wconf 82' lang='lat' dir='ltr'>familiis</span> <span class='ocrx_word' id='word_1_57' title='bbox 1636 523 1721 564; x_wconf 86' lang='lat' dir='ltr'>suis</span> 
     </span>
     <span class='ocr_line' id='line_1_8' title="bbox 311 577 1721 636; baseline 0.001 -17"><span class='ocrx_word' id='word_1_58' title='bbox 311 579 355 620; x_wconf 92' lang='lat' dir='ltr'>in</span> <span class='ocrx_word' id='word_1_59' title='bbox 385 580 639 629; x_wconf 82' lang='lat' dir='ltr'>Emathiam,</span> <span class='ocrx_word' id='word_1_60' title='bbox 661 595 757 634; x_wconf 85' lang='lat' dir='ltr'>quae</span> <span class='ocrx_word' id='word_1_61' title='bbox 786 593 896 619; x_wconf 89' lang='lat' dir='ltr'>nunc</span> <span class='ocrx_word' id='word_1_62' title='bbox 926 577 1095 627; x_wconf 89' lang='lat' dir='ltr'>dicitur,</span> <span class='ocrx_word' id='word_1_63' title='bbox 1124 579 1334 633; x_wconf 89' lang='lat' dir='ltr'>quondam</span> <span class='ocrx_word' id='word_1_64' title='bbox 1366 580 1574 636; x_wconf 82' lang='lat' dir='ltr'>adpellata</span> <span class='ocrx_word' id='word_1_65' title='bbox 1608 579 1721 621; x_wconf 76' lang='lat' dir='ltr'>Paeo-</span> 
     </span>
     <span class='ocr_line' id='line_1_9' title="bbox 310 635 1720 690; baseline 0 -14"><span class='ocrx_word' id='word_1_66' title='bbox 310 635 379 677; x_wconf 89' lang='lat' dir='ltr'>nia</span> <span class='ocrx_word' id='word_1_67' title='bbox 399 645 475 687; x_wconf 89' lang='lat' dir='ltr'>est,</span> <span class='ocrx_word' id='word_1_68' title='bbox 499 636 709 677; x_wconf 84' lang='lat' dir='ltr'>traduxit:</span> <span class='ocrx_word' id='word_1_69' title='bbox 745 635 1066 690; x_wconf 85' lang='lat' dir='ltr'>Thracibusque</span> <span class='ocrx_word' id='word_1_70' title='bbox 1087 643 1127 676; x_wconf 87' lang='lat' dir='ltr'>et</span> <span class='ocrx_word' id='word_1_71' title='bbox 1149 635 1238 676; x_wconf 87' lang='lat' dir='ltr'>aliis</span> <span class='ocrx_word' id='word_1_72' title='bbox 1267 635 1455 677; x_wconf 88' lang='lat' dir='ltr'>barbaris</span> <span class='ocrx_word' id='word_1_73' title='bbox 1485 638 1608 678; x_wconf 89' lang='lat' dir='ltr'>urbes</span> <span class='ocrx_word' id='word_1_74' title='bbox 1639 644 1720 677; x_wconf 85' lang='lat' dir='ltr'>tra-</span> 
     </span>
     <span class='ocr_line' id='line_1_10' title="bbox 311 691 1720 747; baseline -0.001 -13"><span class='ocrx_word' id='word_1_75' title='bbox 311 692 420 734; x_wconf 88' lang='lat' dir='ltr'>didit</span> <span class='ocrx_word' id='word_1_76' title='bbox 440 692 700 742; x_wconf 89' lang='lat' dir='ltr'>habitandas,</span> <span class='ocrx_word' id='word_1_77' title='bbox 722 691 870 732; x_wconf 87' lang='lat' dir='ltr'>fidiora</span> <span class='ocrx_word' id='word_1_78' title='bbox 891 691 978 732; x_wconf 88' lang='lat' dir='ltr'>haec</span> <span class='ocrx_word' id='word_1_79' title='bbox 1008 706 1160 747; x_wconf 81' lang='lat' dir='ltr'>genera</span> <span class='ocrx_word' id='word_1_80' title='bbox 1179 692 1395 733; x_wconf 88' lang='lat' dir='ltr'>hominum</span> <span class='ocrx_word' id='word_1_81' title='bbox 1425 693 1513 733; x_wconf 83' lang='lat' dir='ltr'>fore</span> <span class='ocrx_word' id='word_1_82' title='bbox 1542 702 1658 735; x_wconf 86' lang='lat' dir='ltr'>ratus</span> <span class='ocrx_word' id='word_1_83' title='bbox 1678 693 1720 733; x_wconf 90' lang='lat' dir='ltr'>in</span> 
     </span>
     <span class='ocr_line' id='line_1_11' title="bbox 311 748 1722 803; baseline 0 -13"><span class='ocrx_word' id='word_1_84' title='bbox 311 749 502 790; x_wconf 88' lang='lat' dir='ltr'>Romano</span> <span class='ocrx_word' id='word_1_85' title='bbox 530 748 651 790; x_wconf 92' lang='lat' dir='ltr'>bello.</span> <span class='ocrx_word' id='word_1_86' title='bbox 714 749 933 803; x_wconf 87' lang='lat' dir='ltr'>Ingentem</span> <span class='ocrx_word' id='word_1_87' title='bbox 954 763 1002 788; x_wconf 88' lang='lat' dir='ltr'>ea</span> <span class='ocrx_word' id='word_1_88' title='bbox 1030 763 1095 788; x_wconf 88' lang='lat' dir='ltr'>res</span> <span class='ocrx_word' id='word_1_89' title='bbox 1124 748 1338 791; x_wconf 83' lang='lat' dir='ltr'>fremitum</span> <span class='ocrx_word' id='word_1_90' title='bbox 1363 757 1452 791; x_wconf 82' lang='lat' dir='ltr'>tota</span> <span class='ocrx_word' id='word_1_91' title='bbox 1474 750 1722 790; x_wconf 84' lang='lat' dir='ltr'>Macedonia</span> 
     </span>
     <span class='ocr_line' id='line_1_12' title="bbox 309 805 1722 862; baseline 0 -16"><span class='ocrx_word' id='word_1_92' title='bbox 309 805 433 853; x_wconf 80' lang='lat' dir='ltr'>fecit3</span> <span class='ocrx_word' id='word_1_93' title='bbox 465 805 830 862; x_wconf 87' lang='lat' dir='ltr'>relinquentesque</span> <span class='ocrx_word' id='word_1_94' title='bbox 865 814 1035 861; x_wconf 86' lang='lat' dir='ltr'>penates</span> <span class='ocrx_word' id='word_1_95' title='bbox 1064 821 1158 846; x_wconf 86' lang='lat' dir='ltr'>suos</span> <span class='ocrx_word' id='word_1_96' title='bbox 1193 821 1289 846; x_wconf 91' lang='lat' dir='ltr'>cum</span> <span class='ocrx_word' id='word_1_97' title='bbox 1321 805 1570 862; x_wconf 85' lang='lat' dir='ltr'>conjugibus</span> <span class='ocrx_word' id='word_1_98' title='bbox 1599 822 1646 847; x_wconf 88' lang='lat' dir='ltr'>ac</span> <span class='ocrx_word' id='word_1_99' title='bbox 1675 806 1722 846; x_wconf 84' lang='lat' dir='ltr'>li-</span> 
     </span>
     <span class='ocr_line' id='line_1_13' title="bbox 309 861 1719 919; baseline 0.001 -16"><span class='ocrx_word' id='word_1_100' title='bbox 309 861 418 903; x_wconf 90' lang='lat' dir='ltr'>beris</span> <span class='ocrx_word' id='word_1_101' title='bbox 447 862 570 918; x_wconf 87' lang='lat' dir='ltr'>pauci</span> <span class='ocrx_word' id='word_1_102' title='bbox 602 863 774 903; x_wconf 89' lang='lat' dir='ltr'>tacitum</span> <span class='ocrx_word' id='word_1_103' title='bbox 797 861 980 903; x_wconf 90' lang='lat' dir='ltr'>dolorem</span> <span class='ocrx_word' id='word_1_104' title='bbox 1011 861 1302 910; x_wconf 79' lang='lat' dir='ltr'>continebant3</span> <span class='ocrx_word' id='word_1_105' title='bbox 1335 863 1719 919; x_wconf 84' lang='lat' dir='ltr'>exsecrationesque</span> 
     </span>
     <span class='ocr_line' id='line_1_14' title="bbox 309 917 1719 975; baseline 0.001 -17"><span class='ocrx_word' id='word_1_106' title='bbox 309 917 350 958; x_wconf 92' lang='lat' dir='ltr'>in</span> <span class='ocrx_word' id='word_1_107' title='bbox 371 918 607 974; x_wconf 87' lang='lat' dir='ltr'>agminibus</span> <span class='ocrx_word' id='word_1_108' title='bbox 628 918 976 975; x_wconf 87' lang='lat' dir='ltr'>proficiscentium</span> <span class='ocrx_word' id='word_1_109' title='bbox 996 918 1039 959; x_wconf 82' lang='lat' dir='ltr'>in</span> <span class='ocrx_word' id='word_1_110' title='bbox 1055 933 1209 974; x_wconf 84' lang='lat' dir='ltr'>regem,</span> <span class='ocrx_word' id='word_1_111' title='bbox 1224 918 1412 960; x_wconf 88' lang='lat' dir='ltr'>vincente</span> <span class='ocrx_word' id='word_1_112' title='bbox 1428 919 1524 961; x_wconf 89' lang='lat' dir='ltr'>odio</span> <span class='ocrx_word' id='word_1_113' title='bbox 1544 927 1719 969; x_wconf 89' lang='lat' dir='ltr'>metum,</span> 
     </span>
     <span class='ocr_line' id='line_1_15' title="bbox 308 975 1720 1026; baseline 0.001 -11"><span class='ocrx_word' id='word_1_114' title='bbox 308 975 652 1017; x_wconf 84' lang='lat' dir='ltr'>exaudiebantur.</span> <span class='ocrx_word' id='word_1_115' title='bbox 713 975 795 1016; x_wconf 83' lang='lat' dir='ltr'>His</span> <span class='ocrx_word' id='word_1_116' title='bbox 826 975 943 1016; x_wconf 86' lang='lat' dir='ltr'>ferox</span> <span class='ocrx_word' id='word_1_117' title='bbox 980 975 1142 1016; x_wconf 88' lang='lat' dir='ltr'>animus</span> <span class='ocrx_word' id='word_1_118' title='bbox 1176 991 1317 1016; x_wconf 90' lang='lat' dir='ltr'>omnes</span> <span class='ocrx_word' id='word_1_119' title='bbox 1351 976 1551 1026; x_wconf 87' lang='lat' dir='ltr'>homines,</span> <span class='ocrx_word' id='word_1_120' title='bbox 1582 976 1720 1017; x_wconf 84' lang='lat' dir='ltr'>omnia</span> 
     </span>
     <span class='ocr_line' id='line_1_16' title="bbox 308 1030 1720 1089; baseline 0.001 -17"><span class='ocrx_word' id='word_1_121' title='bbox 308 1030 398 1072; x_wconf 89' lang='lat' dir='ltr'>loca</span> <span class='ocrx_word' id='word_1_122' title='bbox 420 1040 690 1088; x_wconf 87' lang='lat' dir='ltr'>temporaque</span> <span class='ocrx_word' id='word_1_123' title='bbox 720 1040 912 1088; x_wconf 88' lang='lat' dir='ltr'>suspecta</span> <span class='ocrx_word' id='word_1_124' title='bbox 943 1032 1135 1073; x_wconf 89' lang='lat' dir='ltr'>habebat.</span> <span class='ocrx_word' id='word_1_125' title='bbox 1199 1033 1414 1074; x_wconf 86' lang='lat' dir='ltr'>Postremo</span> <span class='ocrx_word' id='word_1_126' title='bbox 1443 1048 1592 1088; x_wconf 84' lang='lat' dir='ltr'>negare</span> <span class='ocrx_word' id='word_1_127' title='bbox 1625 1047 1720 1089; x_wconf 88' lang='lat' dir='ltr'>pro-</span> 
     </span>
     <span class='ocr_line' id='line_1_17' title="bbox 307 1088 1720 1145; baseline 0.001 -17"><span class='ocrx_word' id='word_1_128' title='bbox 307 1088 444 1144; x_wconf 88' lang='lat' dir='ltr'>palam</span> <span class='ocrx_word' id='word_1_129' title='bbox 477 1090 618 1145; x_wconf 82' lang='lat' dir='ltr'>ecepit,</span> <span class='ocrx_word' id='word_1_130' title='bbox 650 1090 748 1130; x_wconf 89' lang='lat' dir='ltr'>satis</span> <span class='ocrx_word' id='word_1_131' title='bbox 782 1096 921 1130; x_wconf 86' lang='lat' dir='ltr'>tutum</span> <span class='ocrx_word' id='word_1_132' title='bbox 958 1089 1035 1130; x_wconf 88' lang='lat' dir='ltr'>sibi</span> <span class='ocrx_word' id='word_1_133' title='bbox 1066 1088 1298 1145; x_wconf 88' lang='lat' dir='ltr'>quidquam</span> <span class='ocrx_word' id='word_1_134' title='bbox 1329 1105 1429 1139; x_wconf 86' lang='lat' dir='ltr'>esse,</span> <span class='ocrx_word' id='word_1_135' title='bbox 1456 1089 1533 1130; x_wconf 87' lang='lat' dir='ltr'>nisi</span> <span class='ocrx_word' id='word_1_136' title='bbox 1567 1089 1720 1130; x_wconf 80' lang='lat' dir='ltr'>liberos</span> 
     </span>
     <span class='ocr_line' id='line_1_18' title="bbox 307 1145 1719 1201; baseline 0.001 -16"><span class='ocrx_word' id='word_1_137' title='bbox 307 1160 466 1196; x_wconf 89' lang='lat' dir='ltr'>eorum,</span> <span class='ocrx_word' id='word_1_138' title='bbox 497 1161 602 1200; x_wconf 89' lang='lat' dir='ltr'>quos</span> <span class='ocrx_word' id='word_1_139' title='bbox 633 1145 918 1195; x_wconf 83' lang='lat' dir='ltr'>interfecisset,</span> <span class='ocrx_word' id='word_1_140' title='bbox 950 1145 1265 1201; x_wconf 87' lang='lat' dir='ltr'>comprehensos</span> <span class='ocrx_word' id='word_1_141' title='bbox 1300 1146 1340 1186; x_wconf 90' lang='lat' dir='ltr'>in</span> <span class='ocrx_word' id='word_1_142' title='bbox 1372 1146 1561 1188; x_wconf 88' lang='lat' dir='ltr'>custodia</span> <span class='ocrx_word' id='word_1_143' title='bbox 1594 1146 1719 1188; x_wconf 68' lang='lat' dir='ltr'>habe-</span> 
     </span>
     <span class='ocr_line' id='line_1_19' title="bbox 306 1201 1097 1257; baseline 0 -16"><span class='ocrx_word' id='word_1_144' title='bbox 306 1209 384 1251; x_wconf 85' lang='lat' dir='ltr'>ret,</span> <span class='ocrx_word' id='word_1_145' title='bbox 406 1210 447 1243; x_wconf 88' lang='lat' dir='ltr'>et</span> <span class='ocrx_word' id='word_1_146' title='bbox 469 1210 654 1257; x_wconf 84' lang='lat' dir='ltr'>tempore</span> <span class='ocrx_word' id='word_1_147' title='bbox 674 1202 800 1242; x_wconf 89' lang='lat' dir='ltr'>alium</span> <span class='ocrx_word' id='word_1_148' title='bbox 821 1201 902 1242; x_wconf 88' lang='lat' dir='ltr'>alio</span> <span class='ocrx_word' id='word_1_149' title='bbox 923 1202 1097 1243; x_wconf 88' lang='lat' dir='ltr'>tolleret.</span> 
     </span>
    </p>

    <p class='ocr_par' dir='ltr' id='par_1_4' title="bbox 94 1258 1718 1314">
     <span class='ocr_line' id='line_1_20' title="bbox 94 1258 1718 1314; baseline 0.002 -16"><span class='ocrx_word' id='word_1_150' title='bbox 94 1259 267 1311; x_wconf 63' lang='lat' dir='ltr'>T&#39;heoxenae</span> <span class='ocrx_word' id='word_1_151' title='bbox 365 1259 438 1299; x_wconf 94' lang='lat' dir='ltr'>IV.</span> <span class='ocrx_word' id='word_1_152' title='bbox 471 1259 578 1299; x_wconf 88' lang='lat' dir='ltr'>Eam</span> <span class='ocrx_word' id='word_1_153' title='bbox 614 1259 918 1308; x_wconf 85' lang='lat' dir='ltr'>crudelitatem,</span> <span class='ocrx_word' id='word_1_154' title='bbox 950 1258 1104 1299; x_wconf 88' lang='lat' dir='ltr'>foedam</span> <span class='ocrx_word' id='word_1_155' title='bbox 1144 1274 1218 1314; x_wconf 91' lang='lat' dir='ltr'>per</span> <span class='ocrx_word' id='word_1_156' title='bbox 1254 1275 1309 1308; x_wconf 87' lang='lat' dir='ltr'>se,</span> <span class='ocrx_word' id='word_1_157' title='bbox 1340 1259 1557 1300; x_wconf 88' lang='lat' dir='ltr'>foediorem</span> <span class='ocrx_word' id='word_1_158' title='bbox 1593 1260 1718 1302; x_wconf 86' lang='lat' dir='ltr'>unius</span> 
     </span>
    </p>

    <p class='ocr_par' dir='ltr' id='par_1_5' title="bbox 94 1302 1718 2617">
     <span class='ocr_line' id='line_1_21' title="bbox 94 1302 1716 1372; baseline 0.002 -18"><span class='ocrx_word' id='word_1_159' title='bbox 94 1302 221 1334; x_wconf 83' lang='lat' dir='ltr'>sacmus.</span> <span class='ocrx_word' id='word_1_160' title='bbox 305 1314 454 1356; x_wconf 91' lang='lat' dir='ltr'>domus</span> <span class='ocrx_word' id='word_1_161' title='bbox 488 1315 624 1356; x_wconf 90' lang='lat' dir='ltr'>clades</span> <span class='ocrx_word' id='word_1_162' title='bbox 658 1315 768 1357; x_wconf 88' lang='lat' dir='ltr'>fecit.</span> <span class='ocrx_word' id='word_1_163' title='bbox 831 1315 1105 1365; x_wconf 85' lang='lat' dir='ltr'>Herodicum,</span> <span class='ocrx_word' id='word_1_164' title='bbox 1141 1315 1369 1372; x_wconf 88' lang='lat' dir='ltr'>principem</span> <span class='ocrx_word' id='word_1_165' title='bbox 1403 1316 1716 1367; x_wconf 75' lang='lat' dir='ltr'>Thessalorum,</span> 
     </span>
     <span class='ocr_line' id='line_1_22' title="bbox 304 1371 1718 1429; baseline 0.001 -17"><span class='ocrx_word' id='word_1_166' title='bbox 304 1371 447 1413; x_wconf 89' lang='lat' dir='ltr'>multis</span> <span class='ocrx_word' id='word_1_167' title='bbox 467 1379 562 1413; x_wconf 87' lang='lat' dir='ltr'>ante</span> <span class='ocrx_word' id='word_1_168' title='bbox 593 1372 709 1413; x_wconf 88' lang='lat' dir='ltr'>annis</span> <span class='ocrx_word' id='word_1_169' title='bbox 729 1372 958 1413; x_wconf 88' lang='lat' dir='ltr'>occiderat:</span> <span class='ocrx_word' id='word_1_170' title='bbox 991 1387 1164 1427; x_wconf 81' lang='lat' dir='ltr'>generos</span> <span class='ocrx_word' id='word_1_171' title='bbox 1185 1388 1354 1428; x_wconf 84' lang='lat' dir='ltr'>quoque</span> <span class='ocrx_word' id='word_1_172' title='bbox 1375 1373 1465 1428; x_wconf 87' lang='lat' dir='ltr'>ejus</span> <span class='ocrx_word' id='word_1_173' title='bbox 1494 1381 1638 1429; x_wconf 85' lang='lat' dir='ltr'>postea</span> <span class='ocrx_word' id='word_1_174' title='bbox 1658 1374 1718 1414; x_wconf 76' lang='lat' dir='ltr'>inn</span> 
     </span>
     <span class='ocr_line' id='line_1_23' title="bbox 305 1427 1717 1485; baseline 0.001 -16"><span class='ocrx_word' id='word_1_175' title='bbox 305 1428 478 1471; x_wconf 88' lang='lat' dir='ltr'>terfecit.</span> <span class='ocrx_word' id='word_1_176' title='bbox 512 1428 553 1469; x_wconf 91' lang='lat' dir='ltr'>in</span> <span class='ocrx_word' id='word_1_177' title='bbox 581 1428 784 1470; x_wconf 87' lang='lat' dir='ltr'>viduitate</span> <span class='ocrx_word' id='word_1_178' title='bbox 811 1428 964 1470; x_wconf 77' lang='lat' dir='ltr'>relictae</span> <span class='ocrx_word' id='word_1_179' title='bbox 995 1428 1106 1478; x_wconf 84' lang='lat' dir='ltr'>filiae,</span> <span class='ocrx_word' id='word_1_180' title='bbox 1129 1427 1314 1485; x_wconf 81' lang='lat' dir='ltr'>singulos</span> <span class='ocrx_word' id='word_1_181' title='bbox 1335 1430 1441 1470; x_wconf 84' lang='lat' dir='ltr'>filios</span> <span class='ocrx_word' id='word_1_182' title='bbox 1470 1445 1621 1485; x_wconf 87' lang='lat' dir='ltr'>parvos</span> <span class='ocrx_word' id='word_1_183' title='bbox 1645 1431 1717 1471; x_wconf 81' lang='lat' dir='ltr'>ha-</span> 
     </span>
     <span class='ocr_line' id='line_1_24' title="bbox 302 1485 1714 1529; baseline 0.003 -4"><span class='ocrx_word' id='word_1_184' title='bbox 302 1485 458 1526; x_wconf 87' lang='lat' dir='ltr'>bentes.</span> <span class='ocrx_word' id='word_1_185' title='bbox 535 1485 764 1526; x_wconf 88' lang='lat' dir='ltr'>Theoxena</span> <span class='ocrx_word' id='word_1_186' title='bbox 808 1494 849 1527; x_wconf 90' lang='lat' dir='ltr'>et</span> <span class='ocrx_word' id='word_1_187' title='bbox 889 1485 1033 1526; x_wconf 88' lang='lat' dir='ltr'>Archo</span> <span class='ocrx_word' id='word_1_188' title='bbox 1081 1485 1248 1526; x_wconf 84' lang='lat' dir='ltr'>nomina</span> <span class='ocrx_word' id='word_1_189' title='bbox 1295 1486 1540 1527; x_wconf 88' lang='lat' dir='ltr'>mulieribus</span> <span class='ocrx_word' id='word_1_190' title='bbox 1584 1496 1714 1529; x_wconf 87' lang='lat' dir='ltr'>erant.</span> 
     </span>
     <span class='ocr_line' id='line_1_25' title="bbox 306 1541 1716 1599; baseline 0.002 -17"><span class='ocrx_word' id='word_1_191' title='bbox 306 1541 549 1592; x_wconf 83' lang='lat' dir='ltr'>Theoxena,</span> <span class='ocrx_word' id='word_1_192' title='bbox 567 1542 711 1584; x_wconf 87' lang='lat' dir='ltr'>multis</span> <span class='ocrx_word' id='word_1_193' title='bbox 732 1542 985 1598; x_wconf 89' lang='lat' dir='ltr'>petentibus,</span> <span class='ocrx_word' id='word_1_194' title='bbox 1007 1542 1256 1598; x_wconf 87' lang='lat' dir='ltr'>adspernata</span> <span class='ocrx_word' id='word_1_195' title='bbox 1276 1544 1445 1599; x_wconf 87' lang='lat' dir='ltr'>nuptias</span> <span class='ocrx_word' id='word_1_196' title='bbox 1466 1552 1538 1584; x_wconf 91' lang='lat' dir='ltr'>est.</span> <span class='ocrx_word' id='word_1_197' title='bbox 1571 1545 1716 1585; x_wconf 90' lang='lat' dir='ltr'>Archo</span> 
     </span>
     <span class='ocr_line' id='line_1_26' title="bbox 304 1598 1712 1655; baseline 0.002 -16"><span class='ocrx_word' id='word_1_198' title='bbox 304 1599 447 1639; x_wconf 85' lang='lat' dir='ltr'>Poridi</span> <span class='ocrx_word' id='word_1_199' title='bbox 483 1599 664 1649; x_wconf 90' lang='lat' dir='ltr'>cuidam,</span> <span class='ocrx_word' id='word_1_200' title='bbox 696 1599 816 1655; x_wconf 83' lang='lat' dir='ltr'>longe</span> <span class='ocrx_word' id='word_1_201' title='bbox 852 1598 1031 1655; x_wconf 90' lang='lat' dir='ltr'>principi</span> <span class='ocrx_word' id='word_1_202' title='bbox 1066 1599 1082 1623; x_wconf 84' lang='lat'><strong>9</strong></span> <span class='ocrx_word' id='word_1_203' title='bbox 1094 1599 1230 1654; x_wconf 76' lang='lat' dir='ltr'>gentis</span> <span class='ocrx_word' id='word_1_204' title='bbox 1264 1601 1507 1650; x_wconf 86' lang='lat' dir='ltr'>AEneatum,</span> <span class='ocrx_word' id='word_1_205' title='bbox 1544 1615 1599 1641; x_wconf 90' lang='lat' dir='ltr'>nu</span> <span class='ocrx_word' id='word_1_206' title='bbox 1619 1599 1712 1649; x_wconf 61' lang='lat' dir='ltr'>›sitss</span> 
     </span>
     <span class='ocr_line' id='line_1_27' title="bbox 302 1616 1714 1712; baseline 0.003 -17"><span class='ocrx_word' id='word_1_207' title='bbox 302 1662 359 1704; x_wconf 91' lang='lat' dir='ltr'>et,</span> <span class='ocrx_word' id='word_1_208' title='bbox 381 1655 495 1711; x_wconf 89' lang='lat' dir='ltr'>apud</span> <span class='ocrx_word' id='word_1_209' title='bbox 525 1671 620 1696; x_wconf 91' lang='lat' dir='ltr'>eum</span> <span class='ocrx_word' id='word_1_210' title='bbox 650 1656 791 1712; x_wconf 88' lang='lat' dir='ltr'>plures</span> <span class='ocrx_word' id='word_1_211' title='bbox 812 1655 923 1697; x_wconf 87' lang='lat' dir='ltr'>enisa</span> <span class='ocrx_word' id='word_1_212' title='bbox 951 1663 1112 1711; x_wconf 77' lang='lat' dir='ltr'>partUS,</span> <span class='ocrx_word' id='word_1_213' title='bbox 1135 1657 1274 1712; x_wconf 89' lang='lat' dir='ltr'>parvis</span> <span class='ocrx_word' id='word_1_214' title='bbox 1304 1656 1529 1697; x_wconf 87' lang='lat' dir='ltr'>admodum</span> <span class='ocrx_word' id='word_1_215' title='bbox 1560 1616 1714 1700; x_wconf 80' lang='lat' dir='ltr'>relictis</span> 
     </span>
     <span class='ocr_line' id='line_1_28' title="bbox 302 1711 1716 1763; baseline 0.002 -11"><span class='ocrx_word' id='word_1_216' title='bbox 302 1711 508 1763; x_wconf 88' lang='lat' dir='ltr'>omnibus,</span> <span class='ocrx_word' id='word_1_217' title='bbox 531 1711 716 1753; x_wconf 82' lang='lat' dir='ltr'>decessit.</span> <span class='ocrx_word' id='word_1_218' title='bbox 751 1713 995 1762; x_wconf 85' lang='lat' dir='ltr'>Theoxena,</span> <span class='ocrx_word' id='word_1_219' title='bbox 1014 1720 1062 1753; x_wconf 90' lang='lat' dir='ltr'>ut</span> <span class='ocrx_word' id='word_1_220' title='bbox 1083 1713 1125 1753; x_wconf 93' lang='lat' dir='ltr'>in</span> <span class='ocrx_word' id='word_1_221' title='bbox 1148 1714 1232 1753; x_wconf 89' lang='lat' dir='ltr'>suis</span> <span class='ocrx_word' id='word_1_222' title='bbox 1252 1713 1444 1754; x_wconf 89' lang='lat' dir='ltr'>manibus</span> <span class='ocrx_word' id='word_1_223' title='bbox 1466 1713 1583 1754; x_wconf 90' lang='lat' dir='ltr'>liberi</span> <span class='ocrx_word' id='word_1_224' title='bbox 1605 1728 1716 1756; x_wconf 61' lang='lat' dir='ltr'>soross</span> 
     </span>
     <span class='ocr_line' id='line_1_29' title="bbox 302 1767 1712 1825; baseline 0.003 -17"><span class='ocrx_word' id='word_1_225' title='bbox 302 1767 357 1809; x_wconf 87' lang='lat' dir='ltr'>ris</span> <span class='ocrx_word' id='word_1_226' title='bbox 373 1768 664 1819; x_wconf 89' lang='lat' dir='ltr'>educarentur,</span> <span class='ocrx_word' id='word_1_227' title='bbox 684 1768 826 1809; x_wconf 91' lang='lat' dir='ltr'>Poridi</span> <span class='ocrx_word' id='word_1_228' title='bbox 848 1768 1008 1824; x_wconf 90' lang='lat' dir='ltr'>nupsit:</span> <span class='ocrx_word' id='word_1_229' title='bbox 1033 1777 1087 1818; x_wconf 88' lang='lat' dir='ltr'>et,</span> <span class='ocrx_word' id='word_1_230' title='bbox 1105 1777 1319 1824; x_wconf 84' lang='lat' dir='ltr'>tamquam</span> <span class='ocrx_word' id='word_1_231' title='bbox 1335 1785 1476 1810; x_wconf 84' lang='lat' dir='ltr'>omnes</span> <span class='ocrx_word' id='word_1_232' title='bbox 1497 1770 1587 1825; x_wconf 87' lang='lat' dir='ltr'>ipsa</span> <span class='ocrx_word' id='word_1_233' title='bbox 1602 1771 1712 1813; x_wconf 84' lang='lat' dir='ltr'>enisa</span> 
     </span>
     <span class='ocr_line' id='line_1_30' title="bbox 301 1824 1713 1883; baseline 0.003 -19"><span class='ocrx_word' id='word_1_234' title='bbox 301 1824 424 1874; x_wconf 86' lang='lat' dir='ltr'>foret,</span> <span class='ocrx_word' id='word_1_235' title='bbox 447 1840 568 1865; x_wconf 88' lang='lat' dir='ltr'>suum</span> <span class='ocrx_word' id='word_1_236' title='bbox 599 1826 832 1881; x_wconf 86' lang='lat' dir='ltr'>sororisque</span> <span class='ocrx_word' id='word_1_237' title='bbox 862 1825 967 1866; x_wconf 83' lang='lat' dir='ltr'>filios</span> <span class='ocrx_word' id='word_1_238' title='bbox 996 1824 1037 1865; x_wconf 90' lang='lat' dir='ltr'>in</span> <span class='ocrx_word' id='word_1_239' title='bbox 1068 1825 1211 1865; x_wconf 87' lang='lat' dir='ltr'>eadem</span> <span class='ocrx_word' id='word_1_240' title='bbox 1247 1826 1427 1867; x_wconf 81' lang='lat' dir='ltr'>habebat</span> <span class='ocrx_word' id='word_1_241' title='bbox 1457 1842 1567 1866; x_wconf 86' lang='lat' dir='ltr'>cura.</span> <span class='ocrx_word' id='word_1_242' title='bbox 1600 1837 1713 1883; x_wconf 86' lang='lat' dir='ltr'>post-</span> 
     </span>
     <span class='ocr_line' id='line_1_31' title="bbox 300 1881 1712 1937; baseline 0.004 -17"><span class='ocrx_word' id='word_1_243' title='bbox 300 1896 426 1936; x_wconf 88' lang='lat' dir='ltr'>quam</span> <span class='ocrx_word' id='word_1_244' title='bbox 459 1882 567 1937; x_wconf 83' lang='lat' dir='ltr'>regis</span> <span class='ocrx_word' id='word_1_245' title='bbox 588 1881 768 1923; x_wconf 86' lang='lat' dir='ltr'>edictum</span> <span class='ocrx_word' id='word_1_246' title='bbox 791 1882 843 1922; x_wconf 85' lang='lat' dir='ltr'>de</span> <span class='ocrx_word' id='word_1_247' title='bbox 864 1881 1260 1936; x_wconf 82' lang='lat' dir='ltr'>comprehendendis</span> <span class='ocrx_word' id='word_1_248' title='bbox 1290 1882 1428 1922; x_wconf 83' lang='lat' dir='ltr'>liberis</span> <span class='ocrx_word' id='word_1_249' title='bbox 1458 1898 1616 1933; x_wconf 88' lang='lat' dir='ltr'>eornm,</span> <span class='ocrx_word' id='word_1_250' title='bbox 1640 1885 1712 1926; x_wconf 79' lang='lat' dir='ltr'>(ui</span> 
     </span>
     <span class='ocr_line' id='line_1_32' title="bbox 300 1900 1711 1994; baseline 0.004 -18"><span class='ocrx_word' id='word_1_251' title='bbox 300 1936 505 1979; x_wconf 85' lang='lat' dir='ltr'>interfecti</span> <span class='ocrx_word' id='word_1_252' title='bbox 527 1946 676 1988; x_wconf 83' lang='lat' dir='ltr'>essent,</span> <span class='ocrx_word' id='word_1_253' title='bbox 699 1938 883 1994; x_wconf 80' lang='lat' dir='ltr'>accepit;</span> <span class='ocrx_word' id='word_1_254' title='bbox 917 1937 1098 1979; x_wconf 85' lang='lat' dir='ltr'>ludibrio</span> <span class='ocrx_word' id='word_1_255' title='bbox 1128 1939 1309 1987; x_wconf 85' lang='lat' dir='ltr'>futuros,</span> <span class='ocrx_word' id='word_1_256' title='bbox 1332 1954 1411 1979; x_wconf 90' lang='lat' dir='ltr'>non</span> <span class='ocrx_word' id='word_1_257' title='bbox 1444 1939 1551 1994; x_wconf 72' lang='lat' dir='ltr'>regis</span> <span class='ocrx_word' id='word_1_258' title='bbox 1573 1900 1711 1991; x_wconf 79' lang='lat' dir='ltr'>modo,</span> 
     </span>
     <span class='ocr_line' id='line_1_33' title="bbox 300 1993 1709 2046; baseline 0.004 -13"><span class='ocrx_word' id='word_1_259' title='bbox 300 1993 370 2033; x_wconf 83' lang='lat' dir='ltr'>sed</span> <span class='ocrx_word' id='word_1_260' title='bbox 401 1995 620 2035; x_wconf 88' lang='lat' dir='ltr'>custodum</span> <span class='ocrx_word' id='word_1_261' title='bbox 653 1995 776 2036; x_wconf 87' lang='lat' dir='ltr'>etiam</span> <span class='ocrx_word' id='word_1_262' title='bbox 809 1995 985 2044; x_wconf 89' lang='lat' dir='ltr'>libidini,</span> <span class='ocrx_word' id='word_1_263' title='bbox 1008 2003 1110 2046; x_wconf 79' lang='lat' dir='ltr'>rata,</span> <span class='ocrx_word' id='word_1_264' title='bbox 1133 1995 1187 2035; x_wconf 88' lang='lat' dir='ltr'>ad</span> <span class='ocrx_word' id='word_1_265' title='bbox 1218 2011 1303 2036; x_wconf 89' lang='lat' dir='ltr'>rem</span> <span class='ocrx_word' id='word_1_266' title='bbox 1325 2004 1504 2037; x_wconf 82' lang='lat' dir='ltr'>atrocem</span> <span class='ocrx_word' id='word_1_267' title='bbox 1527 1996 1709 2038; x_wconf 88' lang='lat' dir='ltr'>animum</span> 
     </span>
     <span class='ocr_line' id='line_1_34' title="bbox 299 2049 1712 2108; baseline 0.004 -18"><span class='ocrx_word' id='word_1_268' title='bbox 299 2049 476 2104; x_wconf 75' lang='lat' dir='ltr'>adjecit3</span> <span class='ocrx_word' id='word_1_269' title='bbox 509 2066 694 2106; x_wconf 87' lang='lat' dir='ltr'>ausaque</span> <span class='ocrx_word' id='word_1_270' title='bbox 724 2059 784 2093; x_wconf 82' lang='lat' dir='ltr'>est</span> <span class='ocrx_word' id='word_1_271' title='bbox 815 2051 964 2101; x_wconf 78' lang='lat' dir='ltr'>dicere,</span> <span class='ocrx_word' id='word_1_272' title='bbox 988 2065 1029 2092; x_wconf 85' lang='lat' dir='ltr'>sc</span> <span class='ocrx_word' id='word_1_273' title='bbox 1060 2068 1134 2093; x_wconf 86' lang='lat' dir='ltr'>sua</span> <span class='ocrx_word' id='word_1_274' title='bbox 1156 2067 1280 2093; x_wconf 86' lang='lat' dir='ltr'>manu</span> <span class='ocrx_word' id='word_1_275' title='bbox 1311 2053 1452 2108; x_wconf 82' lang='lat' dir='ltr'>potius</span> <span class='ocrx_word' id='word_1_276' title='bbox 1481 2068 1622 2094; x_wconf 79' lang='lat' dir='ltr'>omnes</span> <span class='ocrx_word' id='word_1_277' title='bbox 1651 2055 1712 2095; x_wconf 89' lang='lat' dir='ltr'>in-</span> 
     </span>
     <span class='ocr_line' id='line_1_35' title="bbox 301 2107 1708 2164; baseline 0.004 -18"><span class='ocrx_word' id='word_1_278' title='bbox 301 2107 582 2157; x_wconf 83' lang='lat' dir='ltr'>terfecturam,</span> <span class='ocrx_word' id='word_1_279' title='bbox 605 2123 730 2163; x_wconf 84' lang='lat' dir='ltr'>quam</span> <span class='ocrx_word' id='word_1_280' title='bbox 762 2107 802 2148; x_wconf 89' lang='lat' dir='ltr'>in</span> <span class='ocrx_word' id='word_1_281' title='bbox 833 2116 1079 2163; x_wconf 84' lang='lat' dir='ltr'>potestatem</span> <span class='ocrx_word' id='word_1_282' title='bbox 1105 2109 1290 2164; x_wconf 86' lang='lat' dir='ltr'>Philippi</span> <span class='ocrx_word' id='word_1_283' title='bbox 1312 2109 1511 2150; x_wconf 82' lang='lat' dir='ltr'>venirent.</span> <span class='ocrx_word' id='word_1_284' title='bbox 1574 2111 1708 2160; x_wconf 80' lang='lat' dir='ltr'>Poris,</span> 
     </span>
     <span class='ocr_line' id='line_1_36' title="bbox 299 2163 1709 2223; baseline 0.004 -21"><span class='ocrx_word' id='word_1_285' title='bbox 299 2163 561 2205; x_wconf 87' lang='lat' dir='ltr'>abominatus</span> <span class='ocrx_word' id='word_1_286' title='bbox 591 2164 837 2205; x_wconf 85' lang='lat' dir='ltr'>mentionem</span> <span class='ocrx_word' id='word_1_287' title='bbox 871 2173 953 2205; x_wconf 84' lang='lat' dir='ltr'>tarn</span> <span class='ocrx_word' id='word_1_288' title='bbox 985 2165 1088 2205; x_wconf 83' lang='lat' dir='ltr'>foedi</span> <span class='ocrx_word' id='word_1_289' title='bbox 1118 2165 1325 2216; x_wconf 83' lang='lat' dir='ltr'>facinoris,</span> <span class='ocrx_word' id='word_1_290' title='bbox 1348 2166 1538 2207; x_wconf 83' lang='lat' dir='ltr'>Athenas</span> <span class='ocrx_word' id='word_1_291' title='bbox 1563 2167 1709 2223; x_wconf 85' lang='lat' dir='ltr'>depor-</span> 
     </span>
     <span class='ocr_line' id='line_1_37' title="bbox 300 2221 1708 2279; baseline 0.004 -20"><span class='ocrx_word' id='word_1_292' title='bbox 300 2227 486 2260; x_wconf 88' lang='lat' dir='ltr'>taturum</span> <span class='ocrx_word' id='word_1_293' title='bbox 509 2236 577 2261; x_wconf 88' lang='lat' dir='ltr'>eos</span> <span class='ocrx_word' id='word_1_294' title='bbox 607 2221 659 2261; x_wconf 86' lang='lat' dir='ltr'>ad</span> <span class='ocrx_word' id='word_1_295' title='bbox 690 2221 794 2262; x_wconf 68' lang='lat' dir='ltr'>fidos</span> <span class='ocrx_word' id='word_1_296' title='bbox 829 2222 1013 2276; x_wconf 80' lang='lat' dir='ltr'>hospites</span> <span class='ocrx_word' id='word_1_297' title='bbox 1035 2222 1156 2272; x_wconf 81' lang='lat' dir='ltr'>dixit,</span> <span class='ocrx_word' id='word_1_298' title='bbox 1179 2223 1454 2277; x_wconf 78' lang='lat' dir='ltr'>comitemque</span> <span class='ocrx_word' id='word_1_299' title='bbox 1484 2224 1622 2279; x_wconf 83' lang='lat' dir='ltr'>ipsum</span> <span class='ocrx_word' id='word_1_300' title='bbox 1643 2225 1708 2264; x_wconf 74' lang='lat' dir='ltr'>fu-</span> 
     </span>
     <span class='ocr_line' id='line_1_38' title="bbox 297 2276 1704 2330; baseline 0.003 -14"><span class='ocrx_word' id='word_1_301' title='bbox 297 2291 363 2330; x_wconf 75' lang='lat' dir='ltr'>gae</span> <span class='ocrx_word' id='word_1_302' title='bbox 393 2276 585 2318; x_wconf 88' lang='lat' dir='ltr'>futurum</span> <span class='ocrx_word' id='word_1_303' title='bbox 617 2293 714 2317; x_wconf 77' lang='lat' dir='ltr'>esse.</span> <span class='ocrx_word' id='word_1_304' title='bbox 778 2279 1106 2319; x_wconf 80' lang='lat' dir='ltr'>Proficiseuntur</span> <span class='ocrx_word' id='word_1_305' title='bbox 1141 2279 1193 2319; x_wconf 86' lang='lat' dir='ltr'>ab</span> <span class='ocrx_word' id='word_1_306' title='bbox 1217 2279 1511 2320; x_wconf 84' lang='lat' dir='ltr'>Thessalonica</span> <span class='ocrx_word' id='word_1_307' title='bbox 1534 2279 1704 2320; x_wconf 83' lang='lat' dir='ltr'>AEneani</span> 
     </span>
     <span class='ocr_line' id='line_1_39' title="bbox 298 2332 1706 2390; baseline 0.002 -17"><span class='ocrx_word' id='word_1_308' title='bbox 298 2332 351 2372; x_wconf 82' lang='lat' dir='ltr'>ad</span> <span class='ocrx_word' id='word_1_309' title='bbox 387 2340 539 2374; x_wconf 86' lang='lat' dir='ltr'>statum</span> <span class='ocrx_word' id='word_1_310' title='bbox 573 2335 832 2383; x_wconf 72' lang='lat' dir='ltr'>sacrificium,</span> <span class='ocrx_word' id='word_1_311' title='bbox 865 2335 977 2390; x_wconf 82' lang='lat' dir='ltr'>quod</span> <span class='ocrx_word' id='word_1_312' title='bbox 1014 2335 1216 2376; x_wconf 85' lang='lat' dir='ltr'>conditori</span> <span class='ocrx_word' id='word_1_313' title='bbox 1249 2337 1396 2376; x_wconf 69' lang='lat' dir='ltr'>AEnoae</span> <span class='ocrx_word' id='word_1_314' title='bbox 1427 2352 1520 2376; x_wconf 84' lang='lat' dir='ltr'>cum</span> <span class='ocrx_word' id='word_1_315' title='bbox 1556 2352 1706 2390; x_wconf 73' lang='lat' dir='ltr'>magna</span> 
     </span>
     <span class='ocr_line' id='line_1_40' title="bbox 298 2390 1706 2448; baseline 0.003 -19"><span class='ocrx_word' id='word_1_316' title='bbox 298 2391 527 2430; x_wconf 85' lang='lat' dir='ltr'>ceremonia</span> <span class='ocrx_word' id='word_1_317' title='bbox 557 2390 779 2446; x_wconf 83' lang='lat' dir='ltr'>quotannis</span> <span class='ocrx_word' id='word_1_318' title='bbox 811 2391 983 2431; x_wconf 80' lang='lat' dir='ltr'>faciunt.</span> <span class='ocrx_word' id='word_1_319' title='bbox 1018 2391 1076 2431; x_wconf 86' lang='lat' dir='ltr'>ibi</span> <span class='ocrx_word' id='word_1_320' title='bbox 1108 2392 1174 2432; x_wconf 83' lang='lat' dir='ltr'>die</span> <span class='ocrx_word' id='word_1_321' title='bbox 1210 2407 1284 2447; x_wconf 89' lang='lat' dir='ltr'>per</span> <span class='ocrx_word' id='word_1_322' title='bbox 1319 2393 1534 2433; x_wconf 78' lang='lat' dir='ltr'>sollemnes</span> <span class='ocrx_word' id='word_1_323' title='bbox 1564 2393 1706 2448; x_wconf 82' lang='lat' dir='ltr'>epulas</span> 
     </span>
     <span class='ocr_line' id='line_1_41' title="bbox 297 2449 1705 2504; baseline 0.002 -20"><span class='ocrx_word' id='word_1_324' title='bbox 297 2454 526 2494; x_wconf 81' lang='lat' dir='ltr'>consumto,</span> <span class='ocrx_word' id='word_1_325' title='bbox 549 2462 693 2487; x_wconf 80' lang='lat' dir='ltr'>navem</span> <span class='ocrx_word' id='word_1_326' title='bbox 725 2457 999 2503; x_wconf 75' lang='lat' dir='ltr'>praeparatam</span> <span class='ocrx_word' id='word_1_327' title='bbox 1023 2464 1048 2488; x_wconf 88' lang='lat' dir='ltr'>a</span> <span class='ocrx_word' id='word_1_328' title='bbox 1072 2449 1237 2497; x_wconf 82' lang='lat' dir='ltr'>Poride,</span> <span class='ocrx_word' id='word_1_329' title='bbox 1261 2449 1404 2504; x_wconf 84' lang='lat' dir='ltr'>sopitis</span> <span class='ocrx_word' id='word_1_330' title='bbox 1425 2449 1631 2499; x_wconf 76' lang='lat' dir='ltr'>omnibus,</span> <span class='ocrx_word' id='word_1_331' title='bbox 1654 2450 1705 2490; x_wconf 89' lang='lat' dir='ltr'>(le.</span> 
     </span>
     <span class='ocr_line' id='line_1_42' title="bbox 297 2502 1706 2559; baseline 0.003 -18"><span class='ocrx_word' id='word_1_332' title='bbox 297 2502 419 2542; x_wconf 87' lang='lat' dir='ltr'>tertia</span> <span class='ocrx_word' id='word_1_333' title='bbox 447 2503 588 2557; x_wconf 79' lang='lat' dir='ltr'>vigilia</span> <span class='ocrx_word' id='word_1_334' title='bbox 618 2504 913 2551; x_wconf 73' lang='lat' dir='ltr'>conscendunt,</span> <span class='ocrx_word' id='word_1_335' title='bbox 936 2513 1147 2559; x_wconf 80' lang='lat' dir='ltr'>tamquam</span> <span class='ocrx_word' id='word_1_336' title='bbox 1172 2505 1203 2528; x_wconf 88' lang='lat'>¹⁰</span> <span class='ocrx_word' id='word_1_337' title='bbox 1217 2505 1389 2546; x_wconf 82' lang='lat' dir='ltr'>redituri</span> <span class='ocrx_word' id='word_1_338' title='bbox 1421 2505 1460 2544; x_wconf 89' lang='lat' dir='ltr'>in</span> <span class='ocrx_word' id='word_1_339' title='bbox 1486 2506 1706 2547; x_wconf 76' lang='lat' dir='ltr'>Thessalo-</span> 
     </span>
     <span class='ocr_line' id='line_1_43' title="bbox 297 2558 1704 2617; baseline 0.005 -20"><span class='ocrx_word' id='word_1_340' title='bbox 297 2558 451 2599; x_wconf 74' lang='lat' dir='ltr'>nicam:</span> <span class='ocrx_word' id='word_1_341' title='bbox 490 2559 559 2600; x_wconf 83' lang='lat' dir='ltr'>sed</span> <span class='ocrx_word' id='word_1_342' title='bbox 593 2561 779 2614; x_wconf 73' lang='lat' dir='ltr'>trajicere</span> <span class='ocrx_word' id='word_1_343' title='bbox 811 2561 850 2600; x_wconf 86' lang='lat' dir='ltr'>in</span> <span class='ocrx_word' id='word_1_344' title='bbox 884 2561 1090 2601; x_wconf 66' lang='lat' dir='ltr'>l‘luboeam</span> <span class='ocrx_word' id='word_1_345' title='bbox 1127 2571 1214 2603; x_wconf 88' lang='lat' dir='ltr'>erat</span> <span class='ocrx_word' id='word_1_346' title='bbox 1251 2561 1522 2617; x_wconf 82' lang='lat' dir='ltr'>propositum.</span> <span class='ocrx_word' id='word_1_347' title='bbox 1585 2565 1704 2604; x_wconf 73' lang='lat' dir='ltr'>Cete-</span> 
     </span>
    </p>
   </div>
   <div class='ocr_carea' id='block_1_3' title="bbox 1911 0 1947 2415">
    <p class='ocr_par' dir='ltr' id='par_1_6' title="bbox 1911 0 1947 2415">
     <span class='ocr_line' id='line_1_44' title="bbox 1911 0 1947 2415; baseline 0 0"><span class='ocrx_word' id='word_1_348' title='bbox 1911 0 1947 2415; x_wconf 95' lang='lat' dir='ltr'> </span> 
     </span>
    </p>
   </div>
   <div class='ocr_carea' id='block_1_4' title="bbox 295 2705 1700 2917">
    <p class='ocr_par' dir='ltr' id='par_1_7' title="bbox 295 2705 1700 2917">
     <span class='ocr_line' id='line_1_45' title="bbox 338 2705 1700 2753; baseline 0.006 -21"><span class='ocrx_word' id='word_1_349' title='bbox 338 2711 356 2724; x_wconf 80' lang='lat'>··¹</span> <span class='ocrx_word' id='word_1_350' title='bbox 384 2707 483 2734; x_wconf 35' lang='lat' dir='ltr'>lumi*</span> <span class='ocrx_word' id='word_1_351' title='bbox 507 2706 677 2746; x_wconf 56' lang='lat' dir='ltr'>fruetuum]</span> <span class='ocrx_word' id='word_1_352' title='bbox 710 2705 760 2735; x_wconf 71' lang='lat' dir='ltr'>siv</span> <span class='ocrx_word' id='word_1_353' title='bbox 785 2712 863 2735; x_wconf 77' lang='lat' dir='ltr'>recle</span> <span class='ocrx_word' id='word_1_354' title='bbox 887 2706 975 2746; x_wconf 70' lang='lat' dir='ltr'>Sigo-</span> <span class='ocrx_word' id='word_1_355' title='bbox 1019 2707 1174 2737; x_wconf 74' lang='lat' dir='ltr'>conditam</span> <span class='ocrx_word' id='word_1_356' title='bbox 1201 2707 1281 2739; x_wconf 78' lang='lat' dir='ltr'>sama</span> <span class='ocrx_word' id='word_1_357' title='bbox 1308 2708 1433 2739; x_wconf 67' lang='lat' dir='ltr'>serebat.</span> <span class='ocrx_word' id='word_1_358' title='bbox 1479 2709 1587 2753; x_wconf 79' lang='lat' dir='ltr'>Populi</span> <span class='ocrx_word' id='word_1_359' title='bbox 1610 2709 1700 2740; x_wconf 74' lang='lat' dir='ltr'>AEne-</span> 
     </span>
     <span class='ocr_line' id='line_1_46' title="bbox 299 2749 1175 2788; baseline 0.006 -13"><span class='ocrx_word' id='word_1_360' title='bbox 299 2759 347 2775; x_wconf 62' lang='lat' dir='ltr'>mx:</span> <span class='ocrx_word' id='word_1_361' title='bbox 371 2772 374 2777; x_wconf 79' lang='grc'>,</span> <span class='ocrx_word' id='word_1_362' title='bbox 396 2760 488 2788; x_wconf 26' lang='lat' dir='ltr'>(An-»xm</span> <span class='ocrx_word' id='word_1_363' title='bbox 517 2755 607 2780; x_wconf 78' lang='lat' dir='ltr'>antea</span> <span class='ocrx_word' id='word_1_364' title='bbox 633 2749 781 2787; x_wconf 71' lang='lat' dir='ltr'>legeretur</span> <span class='ocrx_word' id='word_1_365' title='bbox 803 2750 976 2781; x_wconf 67' lang='grc' dir='ltr'>Α’ἶιιίιιιιιιηι.</span> <span class='ocrx_word' id='word_1_366' title='bbox 1018 2757 1076 2779; x_wconf 70' lang='lat' dir='ltr'>ales</span> <span class='ocrx_word' id='word_1_367' title='bbox 1092 2750 1175 2780; x_wconf 76' lang='lat' dir='ltr'>dicti.</span> 
     </span>
     <span class='ocr_line' id='line_1_47' title="bbox 296 2791 1699 2837; baseline 0.004 -18"><span class='ocrx_word' id='word_1_368' title='bbox 296 2791 400 2825; x_wconf 63' lang='lat' dir='ltr'>Ainea,</span> <span class='ocrx_word' id='word_1_369' title='bbox 427 2792 490 2822; x_wconf 80' lang='lat' dir='ltr'>sive</span> <span class='ocrx_word' id='word_1_370' title='bbox 514 2793 614 2827; x_wconf 75' lang='lat' dir='ltr'>AEnia,</span> <span class='ocrx_word' id='word_1_371' title='bbox 640 2792 712 2821; x_wconf 84' lang='lat' dir='ltr'>urbs</span> <span class='ocrx_word' id='word_1_372' title='bbox 740 2791 795 2822; x_wconf 85' lang='lat' dir='ltr'>fnit</span> <span class='ocrx_word' id='word_1_373' title='bbox 822 2791 971 2821; x_wconf 73' lang='lat' dir='ltr'>Maccdo-</span> <span class='ocrx_word' id='word_1_374' title='bbox 1065 2793 1100 2822; x_wconf 83' lang='lat'>10</span> <span class='ocrx_word' id='word_1_375' title='bbox 1128 2793 1263 2823; x_wconf 64' lang='lat' dir='ltr'>Meditari</span> <span class='ocrx_word' id='word_1_376' title='bbox 1290 2796 1320 2824; x_wconf 78' lang='lat' dir='ltr'>in</span> <span class='ocrx_word' id='word_1_377' title='bbox 1349 2795 1590 2837; x_wconf 65' lang='lat' dir='ltr'>‘s71‹·.‹.=.1l‹·ni‹-‹1m]</span> <span class='ocrx_word' id='word_1_378' title='bbox 1619 2792 1699 2827; x_wconf 76' lang='lat' dir='ltr'>Del&#39;e</span> 
     </span>
     <span class='ocr_line' id='line_1_48' title="bbox 296 2832 1529 2877; baseline 0.007 -17"><span class='ocrx_word' id='word_1_379' title='bbox 296 2832 364 2867; x_wconf 75' lang='lat' dir='ltr'>niae.</span> <span class='ocrx_word' id='word_1_380' title='bbox 382 2844 440 2863; x_wconf 88' lang='lat' dir='ltr'>non</span> <span class='ocrx_word' id='word_1_381' title='bbox 469 2834 556 2875; x_wconf 78' lang='lat' dir='ltr'>longe</span> <span class='ocrx_word' id='word_1_382' title='bbox 584 2835 623 2865; x_wconf 83' lang='lat' dir='ltr'>ab</span> <span class='ocrx_word' id='word_1_383' title='bbox 645 2834 875 2869; x_wconf 73' lang='lat' dir='ltr'>&#39;1&#39;hcssa10nica,</span> <span class='ocrx_word' id='word_1_384' title='bbox 893 2834 974 2871; x_wconf 84' lang='lat' dir='ltr'>(vid.</span> <span class='ocrx_word' id='word_1_385' title='bbox 1018 2835 1273 2877; x_wconf 62' lang='lat' dir='ltr'>praepositionem.</span> <span class='ocrx_word' id='word_1_386' title='bbox 1320 2838 1529 2869; x_wconf 63' lang='lat' dir='ltr'>Gnoiv&#39;ovn&#39;s.</span> 
     </span>
     <span class='ocr_line' id='line_1_49' title="bbox 295 2873 972 2917; baseline 0.004 -14"><span class='ocrx_word' id='word_1_387' title='bbox 295 2873 381 2913; x_wconf 76' lang='lat' dir='ltr'>infra,</span> <span class='ocrx_word' id='word_1_388' title='bbox 398 2877 419 2907; x_wconf 89' lang='lat' dir='ltr'>l.</span> <span class='ocrx_word' id='word_1_389' title='bbox 435 2878 551 2907; x_wconf 72' lang='lat' dir='ltr'>XLIV.</span> <span class='ocrx_word' id='word_1_390' title='bbox 572 2888 599 2907; x_wconf 85' lang='lat' dir='ltr'>c.</span> <span class='ocrx_word' id='word_1_391' title='bbox 621 2877 794 2917; x_wconf 66' lang='lat' dir='ltr'>11³.)quam</span> <span class='ocrx_word' id='word_1_392' title='bbox 818 2878 856 2908; x_wconf 81' lang='lat' dir='ltr'>ab</span> <span class='ocrx_word' id='word_1_393' title='bbox 877 2878 972 2908; x_wconf 58' lang='lat' dir='ltr'>:linc-i</span> 
     </span>
    </p>
   </div>
  </div>
 </body>
</html>
