1947 3222
492 128 612 165 LIB.
641 127 829 165 XXXIV.
871 127 1003 164 CAP.
1033 129 1141 165 LXI.
1459 132 1529 166 185

113 252 259 291 parem
289 238 488 279 Romanis
516 249 607 276 esse.
671 234 758 276 Sibi
789 243 956 277 centum
987 243 1116 277 tectas
1145 249 1285 285 naves,
1307 241 1361 277 et*
1391 236 1531 277 decem
1547 245 1635 277 U.c.
1651 245 1723 276 559.

123 295 253 336 millia
281 294 488 350 peditum,
508 291 621 332 mille
650 291 812 347 equites
842 292 1103 348 deposcebat.
1162 293 1231 333 Ea
1251 306 1292 332 se
1310 294 1433 333 classe
1445 293 1534 346 pri·
1547 288 1638 320 A·C·
1653 288 1723 319 193.

123 366 224 392 mum
246 351 431 406 Africam
445 350 679 402 petiturum.
709 362 948 402 magnopere
973 350 1183 402 confidere,
1206 355 1243 388 et
1262 349 1537 403 Karthagini·

126 423 235 449 enses
255 409 311 447 ad
327 406 600 448 rebellandum
619 403 670 444 ab
689 419 730 445 se
749 407 934 459 compelli
957 420 1083 459 posse.
1142 406 1189 447 Si
1209 406 1274 445 illi
1293 412 1536 455 cunctentur,

128 480 169 506 se
188 466 326 519 aliqua
340 469 466 516 parte
484 463 625 502 Italiae
654 461 794 502 bellum
825 464 1088 504 excitaturum
1116 463 1326 503 Romanis.
1385 462 1539 515 Regem

128 537 211 562 cum
238 522 378 561 ceteris
407 519 584 560 omnibus
612 520 790 559 transire
811 520 852 559 in
874 521 1083 573 Europam
1104 520 1255 569 debere,
1276 525 1314 559 et
1334 520 1377 559 in
1398 519 1540 571 aliqua

122 585 247 632 parte
270 577 445 618 Graeciae
464 577 602 629 copias
621 577 836 625 continere,
853 591 977 631 neque
997 576 1280 631 trajicientem‚
1296 582 1335 616 et
1352 575 1476 629 (quod
1496 576 1539 615 in

130 636 306 689 speciem,
306 635 540 687 famamque
560 632 655 672 belli
669 634 768 673 satis
788 635 860 689 sit)
872 641 1065 687 paratum
1085 633 1285 688 trajicere.

189 692 320 732 LXI.
354 691 405 731 In
426 690 533 730 hanc
554 690 798 731 sententiam
825 706 958 746 quum
988 690 1230 732 adduxisset
1260 704 1414 745 regem,
1436 704 1542 745 prae-
1554 701 1716 735 Concitare

130 747 337 804 parandos
367 747 446 788 sibi
480 746 534 787 ad
569 745 613 786 id
651 746 917 802 popularium
952 747 1107 789 animos
1136 756 1266 794 ratus,
1299 746 1452 796 literas,
1492 761 1543 786 ne
1556 751 1683 777 conatur

133 820 220 860 quo
239 819 336 845 casu
357 804 598 858 interceptae
625 803 762 858 palam
792 803 973 845 facerent
1004 813 1164 854 conata,
1186 803 1362 845 scribere
1382 818 1465 844 non
1485 790 1583 843 estP

1586 798 1683 818 OEDOS·

137 876 275 902 ausus.
337 860 577 900 Aristonem
598 859 820 913 quemdam
843 861 1024 916 Tyrium
1045 869 1191 902 nactus
1212 859 1382 916 Ephesi,
1404 874 1549 915 exper-
1559 873 1702 905 Aristone

137 926 292 973 tusque
315 916 522 957 solertiam
543 915 765 956 levioribus
781 916 1017 957 ministeriis
1034 933 1044 964 ;
1068 917 1221 972 partim
1242 916 1375 967 donis,
1395 915 1548 972 partim
1559 917 1651 947 misso
1665 916 1746 946 Kar-

139 989 210 1029 spe
239 972 507 1029 praemiorum
536 979 767 1022 oneratum,
790 973 946 1028 quibus
975 973 1098 1014 etiam
1127 973 1216 1029 ipse
1236 988 1310 1014 rex
1330 973 1548 1022 adnuerat,

141 1029 443 1085 Karthaginem
484 1043 580 1069 cum
618 1029 824 1070 mandatis
862 1029 1018 1077 mittit;
1070 1029 1156 1071 edit
1190 1029 1358 1070 nomina
1390 1044 1549 1080 eorum,

141 1087 296 1142 quibus
326 1084 537 1126 conventis
567 1099 672 1140 opus
702 1094 834 1126 esset:
876 1085 1046 1127 instruit
1075 1086 1200 1127 etiam
1231 1085 1395 1127 secretis
1424 1086 1549 1135 notis,

140 1158 214 1198 per
245 1158 348 1198 quas
375 1141 490 1182 haud
517 1140 644 1181 dubie
665 1150 932 1196 agnoscerent
954 1158 1030 1183 sua
1048 1142 1244 1184 mandata
1263 1158 1361 1183 esse.
1422 1143 1551 1183 Hunc

143 1199 382 1240 Aristonem
405 1197 664 1252 Karthagine
693 1198 981 1240 obversantem
1010 1214 1092 1240 non
1122 1199 1238 1255 prius
1267 1198 1402 1249 amici,
1425 1213 1552 1254 quam

142 1256 298 1296 inimici
339 1253 602 1303 Hannibalis,
633 1269 719 1309 qua
757 1254 809 1295 de
844 1271 988 1296 caussa
1026 1256 1216 1305 venisset,
1255 1263 1551 1311 cognoverunt.

144 1313 204 1353 Et
232 1312 369 1367 primo
397 1311 441 1351 in
470 1310 635 1351 circulis
664 1311 946 1367 conviviisque
976 1312 1182 1354 celebrata
1204 1312 1460 1354 sermonibus
1490 1327 1556 1353 res

145 1376 219 1410 est.
251 1367 400 1408 deinde
420 1367 463 1408 in
484 1375 629 1408 senatu
651 1367 838 1423 quidam,
863 1370 985 1410 Nihil
1009 1376 1139 1410 actum
1167 1384 1260 1419 esse,
1281 1369 1432 1419 dicere,
1455 1370 1558 1410 exsi-

146 1426 204 1466 lio
224 1424 495 1471 Hannibalis,
512 1425 549 1464 si
569 1424 708 1464 absens
728 1439 880 1479 qaoque
894 1440 1019 1467 novas
1038 1427 1172 1467 moliri
1191 1442 1267 1475 res,
1284 1428 1561 1467 sollicitando-

147 1497 222 1536 que
250 1483 407 1522 animos
436 1481 635 1520 hominum
656 1482 820 1522 turbare
839 1489 984 1523 statum
1005 1484 1184 1524 civitatis
1195 1490 1344 1537 posset.
1403 1485 1562 1524 Aristo-

149 1553 236 1578 nem
277 1539 495 1592 quemdam,
544 1537 709 1591 Tyrium
749 1540 958 1588 advenam,
996 1541 1227 1580 instructum
1268 1541 1473 1582 mandatis
1511 1540 1563 1580 ab

150 1595 394 1635 Hannibale
413 1600 451 1634 et
471 1593 522 1633 ab
544 1594 745 1634 Antiocho
765 1610 870 1649 rege,
892 1597 1062 1638 venisse.-
1094 1603 1218 1638 certos
1238 1597 1413 1638 homines
1432 1599 1564 1652 quoti·

151 1653 219 1692 die
247 1666 330 1692 cum
361 1666 405 1691 eo
433 1657 585 1692 secreta
615 1653 825 1705 conloquia
855 1668 999 1703 serere,
1023 1653 1084 1693 ⁶et
1114 1655 1158 1694 in
1187 1656 1336 1694 occulto
1365 1656 1563 1708 conloqui,

153 1711 259 1762 quod
285 1723 375 1748 mox
404 1709 449 1748 in
483 1708 653 1747 omnium
683 1710 905 1761 perniciem
938 1717 1166 1764 empturum
1202 1714 1313 1752 esset.
1393 1711 1566 1752 Conclw

153 1781 265 1806 mare
285 1780 440 1814 omnes,
468 1764 618 1805 Vocari
646 1765 874 1806 Aristonem
904 1768 1057 1816 debere,
1080 1774 1119 1808 et
1148 1768 1286 1821 quceri,
1310 1769 1409 1822 quid
1437 1769 1566 1809 venis-

153 1829 232 1862 set.-
282 1828 334 1872 et,
370 1822 453 1862 nisi
492 1829 752 1874 expromeret,
788 1838 872 1864 cum
911 1826 1057 1878 legatis
1095 1826 1266 1867 Romam
1301 1827 1420 1866 mitti.
1466 1826 1567 1866 satis

147 1893 230 1932 pro
250 1879 475 1919 temeritate
494 1879 614 1919 unius
632 1879 804 1921 hominis
818 1883 1102 1934 suppliciorum
1123 1896 1292 1935 pensam
1319 1897 1409 1923 esse.
1469 1883 1569 1924 Pri-

155 1942 269 1977 vatos
287 1950 357 1976 suo
378 1936 564 1988 periculo
582 1944 828 1989 peccaturos.
857 1939 1138 1992 rempublicam
1168 1954 1246 1980 non
1276 1946 1393 1980 extra
1423 1954 1569 1980 noxam

156 1994 282 2041 modo,
304 1994 373 2033 sed
391 1993 512 2032 etiam
533 2000 648 2033 extra
661 1994 826 2048 famam
847 2009 977 2045 norae,
998 1998 1308 2037 conservandam
1337 2011 1429 2038 esse.
1489 1998 1571 2037 Vo-

159 2056 277 2091 catus
303 2049 448 2090 Aristo
477 2064 657 2105 purgare
688 2067 787 2101 sese,
809 2060 850 2093 et
879 2053 1113 2094 firmissimo
1142 2053 1459 2109 propugnaculo
1489 2054 1569 2103 uti,

160 2105 276 2162 quod
295 2105 511 2146 literarum
532 2106 659 2147 nihil¹¹
680 2107 733 2148 ad
755 2124 1006 2164 quemquam
1030 2110 1260 2151 adtulisset.
1292 2118 1474 2151 ceterum
1496 2125 1571 2150 nec

160 2177 346 2204 caussam
374 2162 578 2203 adventus
606 2163 704 2205 satis
730 2166 992 2220 expediebat,
1023 2175 1064 2208 et
1093 2167 1137 2207 in
1166 2182 1214 2207 eo
1245 2166 1424 2207 maxime
1453 2166 1573 2206 haesi-

161 2219 293 2269 tabat,
315 2219 431 2274 quod
451 2234 546 2259 cum
565 2219 777 2261 ⁷Barcinae
798 2222 931 2263 solum
960 2223 1152 2264 factionis
1178 2223 1417 2264 hominibus
1437 2223 1573 2264 conlo-

162 2283 309 2316 cutum
330 2291 425 2316 eum
446 2276 689 2330 arguebant.
751 2279 855 2320 Orta
875 2279 1025 2320 deinde
1045 2280 1259 2321 altercatio
1279 2288 1355 2330 est,
1378 2279 1467 2320 aliis
1497 2294 1574 2335 pro

165 2332 422 2387 speculatore
456 2333 748 2388 comprehendi
777 2335 866 2390 jam
895 2344 936 2377 et
967 2337 1166 2378 custodiri
1191 2337 1454 2393 jubentibus,
1485 2335 1575 2376 aliis

165 2388 427 2443 negantibus,
468 2389 756 2431 tumultuandi
796 2407 981 2433 caussam
1016 2409 1114 2434 esse.
1151 2395 1251 2434 mali
1287 2408 1370 2434 rem
1405 2393 1576 2447 exempli

167 2458 259 2493 esse,
290 2446 340 2485 de
368 2446 499 2485 nihilo
527 2446 703 2499 hospites
731 2450 898 2502 corripi.
957 2451 1070 2490 Idem
1090 2451 1517 2505 KarthaginiensibuS,
1539 2457 1576 2490 et

175 2500 289 2554 Tyri,
305 2507 344 2542 et
364 2503 407 2542 in
428 2503 526 2543 aliis
545 2505 746 2556 emporiis,
766 2506 809 2546 in
830 2520 919 2560 quae
920 2507 1166 2561 frequenter
1185 2514 1404 2557 commeent,
1423 2513 1577 2548 eventu-

462 2579 473 2599 t
489 2586 517 2610 et
531 2579 591 2611 del.
608 2580 704 2612 Gron.
720 2581 811 2614 Crev.
896 2586 913 2604 ⁰
926 2585 1002 2614 nihil
1016 2585 1170 2616 literarum
1185 2586 1279 2618 Crev.

214 2643 312 2674 6*Et
333 2647 365 2675 in
386 2648 649 2695 occultopolloqui,
665 2651 754 2692 quod]
779 2651 849 2682 Du-
892 2658 1071 2694 eruptumm
1096 2660 1188 2685 esset.
1232 2654 1283 2685 Sic
1305 2665 1395 2696 supra
1423 2654 1522 2685 VIII.
1543 2655 1575 2685 3.

173 2694 240 2714 rum
254 2685 311 2717 hoc
330 2688 464 2728 profecto
485 2691 582 2722 viden
604 2691 706 2728 debet,
722 2704 778 2724 nec
801 2704 850 2725 sa·
896 2696 1035 2727 Omnibus
1059 2699 1316 2728 consultationibus
1336 2699 1414 2726 inter
1440 2708 1467 2727 se
1490 2698 1573 2736 prin-

174 2726 220 2768 pit
242 2728 402 2760 Livianam
425 2732 622 2773 elegantiam.
677 2735 739 2766 Vix
762 2736 852 2767 dubi-
894 2740 968 2778 cipes
983 2740 1180 2770 Romanorum
1194 2741 1349 2780 coquebant
1363 2740 1480 2769 bellum.

174 2775 275 2816 tamus
298 2771 373 2818 quin
395 2774 539 2816 scnptum
561 2775 651 2807 fuerit
675 2780 768 2819 coqui.
810 2781 852 2811 Et
939 2782 1136 2813 7*B‹1rcinae
1154 2805 1162 2813 .
1179 2805 1186 2813 .
1203 2805 1211 2814 .
1223 2782 1384 2823 sactionis]
1418 2781 1491 2813 Vid.
1512 2787 1575 2813 not.

175 2812 225 2841 hic
242 2813 371 2844 occultis
391 2817 663 2850 consultationibus
685 2820 717 2851 id
739 2822 851 2862 parari,
899 2825 948 2855 10.
963 2824 1003 2856 ad
1021 2826 1114 2856 XXI.
1128 2826 1158 2855 2.

176 2854 261 2891 strui,
284 2856 366 2896 quod
387 2867 458 2889 mox
479 2859 510 2889 in
531 2861 667 2893 omnium
689 2864 852 2904 perniciem

1561 959 1729 1001 thaginem.
