1947 3222
381 111 458 155 376
904 112 1054 151 ΤΙΤῙ
1097 114 1286 154 LIVII

175 229 216 260 U.
229 230 264 261 C.
279 230 352 260 564.
387 221 440 262 tis
465 236 511 261 ac
542 220 700 263 strenui
723 221 810 262 viri.
871 222 937 263 Eo
967 222 1034 264 die
1064 223 1118 263 ad
1144 221 1338 264 Hebrum
1369 221 1525 263 flumen
1586 229 1804 264 erventum

178 273 267 304 ΛΟ·
287 274 356 304 188.
388 286 462 319 est.
503 277 599 319 inde
635 279 860 320 AEniorum
894 279 996 320 fines
1031 287 1184 335 praeter
1219 280 1444 336 Apollinis,
1479 278 1510 302 ‘¹¹
1564 278 1804 334 erynthium

178 517 322 547 Alterum

177 560 333 604 proelium.

390 350 517 391 quem
552 343 701 377 vocant
742 334 901 385 incolae,
938 336 1142 392 templum
1178 345 1388 393 superant.
1450 336 1560 376 Aliae
1600 335 1806 392 angustiae

390 393 499 433 eirca
529 393 747 448 Tempyra
776 391 1004 447 excipiunt,
1029 392 1127 444 (hoc
1162 393 1252 434 loco
1281 408 1430 434 nomen
1461 399 1542 445 est)
1565 407 1639 433 nec
1669 392 1809 433 minus

391 448 702 505 weonfragosae,
730 463 858 505 quam
888 448 1069 504 priores:
1103 449 1190 499 sed,
1221 450 1322 504 quia
1349 450 1453 491 nihil
1484 450 1670 491 silvestre
1700 448 1808 489 circa

390 514 467 556 est,
488 521 540 547 ne
570 506 749 547 latebras
771 504 942 560 quidem
963 505 1017 546 ad
1046 505 1330 547 insidiandum
1359 507 1560 562 praebent.
1622 507 1723 547 Huc
1753 504 1808 546 ad

390 563 578 604 eamdem
600 577 713 618 spem
744 561 900 617 praedae
923 562 1110 603 Thrausi
1133 561 1254 618 (gens
1273 570 1314 604 et
1344 562 1434 619 ipsa
1455 563 1692 617 Thracum)
1714 577 1810 603 con-

390 635 539 662 venere
556 636 565 660 ε
599 619 686 669 sed,
709 618 809 674 quia
835 618 963 659 nudae
983 619 1125 670 valles,
1146 619 1295 675 procul
1315 628 1364 660 ut
1384 619 1719 676 conspicerentur
1741 633 1812 659 an·-

391 677 553 733 gustias
582 675 834 725 obsidentes,
859 674 1106 726 efficiebant,
1137 676 1276 717 minus
1310 677 1480 718 terroris
1513 676 1809 732 tumultusque

391 730 475 776 fuit
504 732 620 788 apud
641 733 866 773 Romanos.
898 732 1056 789 quippe
1085 733 1162 773 etsi
1192 734 1339 788 iniquo
1368 732 1473 783 loco,
1494 732 1642 788 proelio
1672 741 1810 774 tamen

386 791 520 846 juste,
551 788 637 830 acie
672 798 831 845 aperta,
861 789 1036 831 conlatis
1071 789 1198 845 signis
1228 789 1510 831 dimicandum
1542 798 1642 830 erat.
1703 790 1812 830 Con·

392 847 490 889 ferti
511 847 740 888 subeuntes
760 861 854 887 cum
876 846 1070 897 clamore,
1092 846 1237 903 inpetu
1261 847 1388 896 facto,
1411 846 1591 902 primum
1614 845 1813 902 expulere

393 903 485 945 loco
523 903 692 950 hostes;
739 902 890 944 deinde
930 912 1128 945 avertere.
1173 904 1279 959 fuga
1315 903 1414 945 inde
1454 903 1686 958 caedesque,
1727 901 1812 943 suis

393 960 505 1016 ipsos
532 959 844 1016 inpedientibus
874 960 1092 1016 angustiis,
1115 960 1204 1001 fieri
1234 969 1374 1017 coepta
1394 968 1468 1002 est.
1535 959 1707 1000 Romani
1730 958 1814 1000 vic-

396 1026 505 1059 tores
535 1017 589 1058 ad
619 1017 759 1058 vicum
793 1016 1101 1060 Maronitarum
1135 1018 1285 1069 (Saren
1316 1017 1549 1074 adpellant)
1580 1024 1811 1073 posuerunt

394 1083 540 1116 castra.
572 1084 739 1130 postero
760 1073 827 1115 die
856 1074 1017 1130 patenti
1047 1074 1195 1116 itinere
1217 1074 1425 1116 Priaticus
1455 1089 1627 1130 campus
1654 1088 1723 1114 eos
1742 1087 1813 1114 ex-

394 1131 531 1187 cepit;
563 1130 840 1186 triduumque
869 1131 943 1181 ibi,
973 1131 1234 1172 frumentum
1264 1131 1526 1187 accipientes,
1555 1137 1813 1179 manserunt,

395 1187 547 1243 partim
584 1203 636 1228 ex
671 1188 782 1242 agris
818 1188 1144 1237 Maronitarum,
1172 1187 1480 1230 conferentibus
1514 1187 1630 1244 ipsis,
1660 1186 1814 1242 partim

395 1261 447 1285 ex
478 1244 657 1285 navibus
678 1243 776 1294 suis,
799 1260 896 1300 quae
924 1260 1020 1286 cum
1049 1245 1184 1286 omnis
1213 1244 1374 1300 generis
1404 1252 1637 1285 commeatu
1669 1258 1814 1299 seque-

396 1302 564 1342 bantur.
624 1301 698 1342 Ab
720 1301 883 1342 stativis
903 1301 986 1342 diei
1006 1300 1074 1342 via
1096 1301 1364 1358 Apolloniam
1384 1301 1480 1343 fuit.
1510 1301 1608 1342 hinc
1628 1315 1703 1356 per
1723 1300 1815 1341 Ab-

395 1357 627 1399 deritarum
667 1373 815 1414 agrum
857 1358 1078 1415 Neapolim
1119 1367 1369 1414 perventum
1408 1367 1481 1399 est.
1557 1358 1655 1398 Hoc
1693 1371 1815 1397 omne

396 1430 471 1470 per
503 1415 749 1456 Graecorum
785 1414 965 1456 colonias
998 1423 1195 1471 pacatum
1227 1416 1307 1457 iter
1336 1415 1432 1456 fuit.
1473 1414 1683 1470 reliquum
1717 1412 1815 1454 inde

395 1487 470 1527 per
490 1471 648 1513 medios
671 1471 874 1522 Thracas,
897 1471 986 1512 dies
1016 1480 1255 1528 noctesque,
1278 1471 1355 1514 etsi
1376 1487 1459 1512 non
1488 1471 1704 1522 infestum,
1729 1486 1815 1512 sus-

397 1537 568 1584 pectum
608 1536 762 1579 tamen,
799 1529 929 1570 donec
966 1528 1008 1569 in
1047 1528 1339 1570 Macedoniam
1378 1536 1671 1585 pervenerunt.
1731 1526 1816 1568 Mi-

398 1585 523 1626 tiores
546 1585 735 1626 Thracas
764 1585 876 1626 idem
906 1585 1127 1632 exercitus,
1151 1601 1284 1642 quum
1314 1602 1339 1627 a
1361 1585 1553 1641 Scipione
1583 1585 1726 1626 eadem
1747 1583 1816 1625 via

398 1641 638 1693 (luceretur,
658 1642 879 1693 habuerat,
900 1642 1060 1683 nullam
1089 1643 1144 1684 ob
1174 1643 1297 1684 aliam
1327 1657 1529 1692 caussam,
1551 1657 1679 1698 quam
1699 1640 1817 1697 quod

398 1699 555 1754 praedae
594 1699 748 1749 minus,
784 1699 900 1755 quod
940 1707 1167 1755 peteretur,
1203 1699 1353 1741 fuerat.
1416 1701 1682 1754 Quamquam
1722 1707 1815 1740 tum

399 1771 570 1812 quoque
595 1755 799 1797 Claudius
828 1764 974 1797 auctor
994 1764 1070 1805 est,
1093 1755 1147 1796 ad
1167 1756 1403 1812 quindecim
1430 1755 1560 1796 millia
1582 1755 1814 1804 Thracum,

399 1812 650 1867 praecedenti
676 1812 730 1853 ad
760 1812 1016 1868 exploranda
1044 1812 1134 1853 loca
1163 1827 1311 1868 agmen
1334 1812 1495 1853 Mutini
1517 1811 1715 1852 Numidae
1744 1811 1818 1852 ob-

398 1869 587 1910 currisse.
620 1868 949 1924 quadringentos
978 1869 1140 1925 equites
1169 1869 1297 1911 fuisse
1318 1868 1540 1918 Numidas,
1562 1883 1718 1924 paucos
1738 1867 1819 1909 ele-

398 1925 589 1980 phantos.
652 1925 834 1967 Mutinis
868 1925 1001 1967 filium
1042 1941 1117 1981 per
1151 1926 1309 1967 medios
1343 1926 1482 1967 hostes
1517 1939 1612 1966 cum
1647 1933 1816 1966 centum

398 1981 707 2038 quinquaginta
741 1982 913 2023 delectis
942 1982 1157 2038 equitibus
1191 1983 1440 2039 perrupisse.
1477 1981 1671 2023 eumdem
1700 1997 1817 2032 mox,

398 2053 532 2093 quum
571 2040 659 2095 jam
708 2038 911 2088 Mufines,
953 2039 995 2080 in
1040 2039 1178 2081 medio
1222 2040 1454 2096 elephantis
1496 2038 1732 2089 conlocatis,
1773 2038 1816 2079 in

399 2111 556 2136 cornua
585 2096 800 2152 equitibus
821 2096 1047 2152 dispositis,
1069 2111 1238 2138 manum
1269 2112 1363 2137 cum
1386 2097 1505 2138 hoste
1525 2096 1814 2144 conseruisset,

400 2159 600 2193 terrorem
621 2153 674 2194 ab
696 2161 814 2208 tergo
849 2153 1088 2209 praebuisse.
1121 2162 1248 2209 atque
1275 2153 1372 2195 inde
1408 2153 1599 2194 turbatos
1633 2150 1816 2207 equestri

400 2207 513 2249 velut
537 2209 718 2264 procella
737 2209 876 2250 hostes
896 2210 950 2250 ad
971 2210 1163 2266 peditum
1184 2225 1333 2265 agmen
1353 2225 1436 2251 non
1457 2208 1683 2250 accessisse.
1737 2208 1814 2248 Cn.

400 2264 589 2306 Manlius
609 2280 684 2321 per
702 2265 992 2307 Macedoniam
1014 2267 1058 2308 in
1081 2267 1341 2308 Thessaliam
1361 2266 1590 2307 exercitum
1612 2263 1814 2305 traduxit.

399 2320 494 2362 inde
529 2337 604 2378 per
640 2323 820 2379 Epirum
855 2323 1120 2378 Apolloniam
1156 2339 1289 2379 quum
1329 2323 1598 2379 pervenisset,
1628 2321 1817 2362 nondum

397 2377 502 2475 julleo
523 2378 698 2420 hiberno
718 2388 927 2421 contemto
948 2380 1066 2431 mari,
1084 2388 1133 2422 ut
1154 2381 1344 2436 trajicere
1364 2380 1552 2429 auderet,
1575 2377 1816 2433 Apolloniae

412 2449 438 2474 n
458 2444 646 2476 iernawt.

457 2491 612 2532 XLII.
647 2493 782 2534 Exitu
814 2509 944 2550 prope
972 2494 1068 2535 anni
1091 2495 1155 2535 M.
1179 2493 1369 2535 Valerius
1398 2491 1541 2533 consul
1571 2507 1622 2532 ex
1646 2491 1816 2548 Liguri-

437 2649 475 2677 41
503 2649 697 2689 Zerynthium
726 2660 807 2689 quem
835 2657 935 2680 vocant
963 2651 1082 2691 int-olm]
1127 2649 1247 2680 videtur
1261 2648 1333 2679 hinc
1350 2648 1536 2688 ableganda,
1552 2657 1621 2689 quae
1636 2648 1726 2679 facile
1741 2659 1814 2690 sup-

398 2691 591 2730 Zerynthimn
622 2692 812 2735 reposuimus
837 2703 873 2723 ex
901 2693 995 2723 MSS.
1020 2694 1083 2724 Ge·
1127 2692 1204 2735 pleri
1229 2696 1340 2734 potest,
1355 2697 1385 2722 et
1409 2691 1528 2722 videtur
1551 2691 1622 2727 huc,
1644 2691 1740 2722 invito
1764 2691 1814 2722 Li-

396 2732 467 2763 lonii
499 2745 552 2776 pro
581 2735 773 2775 Zerynthum,
801 2735 883 2777 quod
918 2735 1084 2776 prmferunt
1129 2735 1187 2770 vio,
1205 2735 1257 2775 qui
1280 2734 1411 2764 libenter
1427 2745 1523 2775 genus
1536 2734 1593 2765 hoc
1616 2734 1815 2776 provocabuli

396 2776 604 2807 (ironovinnae
628 2777 786 2809 editiones.
833 2778 1014 2819 Zerynthius
1037 2778 1082 2808 A·
1128 2776 1299 2819 supprimit,
1317 2776 1479 2818 irrepsisse.

395 2818 477 2859 pollo
511 2819 670 2850 dicebatur
699 2832 716 2852 a
744 2821 897 2861 Zeryntho
926 2826 1024 2856 antro,
1053 2827 1084 2852 et
1172 2820 1456 2861 42⁸*C013fragosoe]
1502 2820 1629 2861 Asperae
1665 2829 1700 2850 ac
1734 2818 1813 2850 diffi-

395 2861 468 2892 nrbe
500 2862 690 2903 cognomine.
736 2865 878 2896 Ceterum
911 2875 964 2895 vox
1001 2876 1084 2906 qucm
1128 2863 1202 2896 ciles
1216 2863 1255 2895 ob
1270 2863 1435 2906 inaequalia
1451 2863 1578 2896 vallium
1594 2862 1790 2904 colliumque.
