1947 3222
469 147 531 184 LI
550 147 592 184 B.
622 143 834 183 XXXVII.
881 144 1013 182 CAP.
1042 145 1154 182 LIX.
1439 152 1508 185 331

108 251 168 293 vit
202 254 401 298 Kalendis
432 253 682 296 Februariis.
712 254 757 294 in
780 266 829 294 eo
849 251 1064 308 triumpho
1094 253 1515 311 undequinquaginta
1526 271 1566 301 1J.
1579 269 1617 301 c.
1630 269 1703 300 563.

109 325 270 353 coronae
297 327 434 353 aureae
459 310 670 353 translatae
699 317 821 351 sunt:
853 309 1031 365 pecunia
1048 308 1082 336 79
1094 324 1359 365 nequaquam
1384 320 1514 362 tanta,
1529 313 1618 344 A.C.
1633 313 1705 343 189.

110 381 186 421 pro
217 368 348 425 specie
383 367 484 424 regii
518 366 749 423 triumphi3
782 366 816 391 ⁸⁰
827 366 1135 408 tetradrachma
1164 366 1310 407 Attica
1345 369 1518 424 triginta

112 435 295 478 quatuor
333 425 461 465 millia
499 423 774 480 septingenta,
815 423 846 448 ⁸¹
861 423 1087 479 cistophori
1135 431 1303 464 centum
1347 425 1519 480 triginta

112 495 242 523 unum
273 481 400 522 millia
419 481 605 522 trecenti.
668 480 999 537 Supplicationes
1020 479 1169 521 deinde
1195 480 1369 521 fuerunt
1389 496 1440 522 ex
1462 497 1521 523 se-

110 537 436 588 natusconsulto,
458 538 575 594 quod
596 536 646 578 L.
662 537 880 579 AEmilius'*
901 538 945 578 in
967 537 1174 593 Hispania
1198 552 1395 593 prospere
1414 552 1521 579 rem-

111 594 320 649 publicam
344 595 548 650 gessisset.
610 595 741 636 Haud
772 595 830 637 ita
859 594 993 635 multo
1020 602 1116 650 post
1138 595 1189 635 L.
1214 593 1351 651 Scipio
1372 593 1426 635 ad
1455 609 1733 651 ur-ScipioAsia-

112 651 204 692 bem
234 652 359 693 venit.
391 652 481 708 q-ui,
502 651 537 676 ⁸²
550 667 600 692 ne
630 651 864 708 cognomini
898 651 1060 693 fratris⁸
1086 651 1265 701 cederet,
1287 651 1624 693 Asiaticumticus·

113 722 154 747 se
173 707 373 763 adpellari
398 708 544 750 voluit.
604 710 665 751 Et
695 709 737 749 in
768 717 928 759 senatu,
950 719 992 749 et
1017 708 1060 748 in
1091 708 1284 749 concione
1314 708 1366 749 de
1399 708 1527 750 rebus

111 764 165 805 ab
195 779 236 805 se
265 766 394 819 gestis
423 765 630 807 disseruit.
691 767 840 816 Erant,
867 766 943 822 qui
972 765 1085 806 fama
1114 765 1157 806 id
1188 765 1324 821 majus
1351 765 1525 818 bellum,

109 836 240 876 quam
261 822 507 864 difficultate
526 822 600 873 rei,
622 822 750 864 fuisse
778 823 1182 879 interpretarentur3
1214 837 1299 863 uno
1328 837 1528 864 memora-

112 877 187 918 bili
218 878 366 934 proelio
387 879 657 931 debellatum,
678 879 938 936 gloriamque
959 881 1049 935 ejus
1069 878 1253 920 victoriae
1273 878 1308 903 8³
1318 879 1537 935 praeflora.

114 942 199 975 tam
230 935 283 976 ad
311 936 617 993 Thermopylas
647 952 745 978 esse.
808 938 1006 978 Ceterum
1036 951 1131 977 vere
1161 935 1383 977 aestimanti
1405 936 1529 978 AEto-

114 990 241 1032 licum
275 993 408 1049 magis
442 993 496 1034 ad
525 993 833 1049 Thermopylas
871 993 1044 1044 bellum,
1067 1008 1191 1048 quam
1233 992 1396 1048 regium
1430 993 1526 1035 fuit.

116 1048 264 1096 Quota
312 1050 421 1091 enim
474 1058 593 1106 parte
642 1050 794 1091 virium
845 1065 1016 1091 suarum
1066 1050 1126 1091 ibi
1176 1049 1389 1090 dimicavit
1439 1051 1530 1090 An-

115 1105 310 1147 tiochus?
360 1106 402 1148 in
443 1107 546 1148 Asia
592 1107 722 1148 totius
761 1107 876 1148 Asiae
922 1114 1127 1148 steterunt
1168 1106 1291 1156 vires,
1332 1107 1386 1147 ab
1432 1106 1530 1147 ulti-

117 1162 196 1202 mi¹
237 1163 418 1205 Orientis
463 1163 654 1220 partibus
692 1163 879 1204 omnium
922 1163 1112 1219 gentium
1151 1163 1375 1204 contractis
1413 1162 1531 1204 auxi-

116 1219 193 1260 liis.

173 1276 302 1317 LIX.
336 1278 494 1319 Merito
514 1293 613 1335 ergo
629 1286 670 1319 et
692 1277 785 1318 Diis
814 1276 1119 1326 inmortalibus,
1141 1276 1175 1301 ⁸4
1187 1285 1373 1334 quantus
1402 1277 1533 1319 maxi-

117 1348 211 1373 mus
244 1342 422 1390 poterat,
454 1335 622 1377 habitus
650 1344 713 1376 est
748 1335 893 1385 honos,
925 1334 1041 1390 quod
1074 1334 1285 1390 ingentem
1315 1334 1531 1376 victoriam

117 1390 280 1431 facilem
311 1392 435 1433 etiam
465 1392 672 1443 fecissent,
694 1401 735 1433 et
770 1391 1010 1447 imperatori
1041 1391 1282 1448 triumphus
1311 1400 1374 1433 est
1394 1391 1532 1433 decre-

121 1455 200 1488 tus.
263 1448 562 1505 Triumphavit
601 1448 634 1473 ⁸⁵
647 1464 785 1490 mense
832 1447 1094 1490 intercalario
1139 1448 1274 1504 pridie
1322 1448 1533 1490 Kalendas
1544 1457 1728 1504 Trium—hat

121 1504 312 1546 issartias.
345 1506 419 1561 qui
449 1505 689 1561 triumphus
723 1504 958 1562 spectaculo
986 1505 1204 1546 oculorum
1236 1506 1382 1561 major,
1405 1521 1531 1561 quam
1545 1500 1583 1531 de
1600 1501 1710 1531 Anno-

121 1561 310 1602 Africani
331 1562 471 1604 fratris
493 1563 596 1618 ejus,
619 1562 726 1610 fuit;
760 1561 1043 1603 recordatione
1072 1577 1213 1603 rerum
1233 1569 1274 1603 et
1296 1562 1533 1604 aestimatio-
1545 1544 1614 1575 cho,

121 1633 172 1658 ne
207 1619 381 1674 periculi
417 1619 735 1675 certaminisque
774 1634 857 1660 non
888 1619 1021 1674 magis
1056 1620 1373 1675 comparanduS,
1405 1634 1533 1675 quam

121 1674 154 1714 si
185 1675 475 1731 imperatorem
510 1675 764 1732 imperatori,
796 1684 870 1717 aut
904 1675 1160 1716 Antiochum
1190 1675 1339 1716 ducem
1372 1676 1534 1718 Hanni-

121 1731 205 1772 bali
236 1732 452 1774 conferres.
515 1733 637 1775 Tulit
666 1734 710 1774 in
740 1732 955 1789 triumpho
985 1732 1103 1787 signa
1130 1732 1326 1773 militaria
1354 1732 1535 1775 ducenta

123 1788 295 1844 triginta
333 1797 540 1845 quatuor;
593 1789 843 1846 oppidorum
890 1789 1111 1830 simulacra
1154 1798 1320 1830 centum
1361 1789 1536 1845 triginta

121 1853 328 1900 quatuor3
362 1847 565 1888 eburneos
594 1847 739 1888 dentes
773 1846 885 1888 mille
914 1846 1116 1888 ducentos
1146 1846 1319 1902 triginta
1353 1855 1531 1894 unumm3

167 1945 174 1965 i
191 1944 264 1975 add.
280 1945 407 1976 Paullus
421 1947 517 1978 Gron.
535 1949 627 1978 Crev.

125 1990 150 2007 m
163 1989 287 2029 triginta
300 2001 392 2019 unum
408 1989 431 2020 l.
444 1991 550 2031 viginti
565 1988 656 2021 Eaed.

754 1945 773 1969 k
786 1947 950 1988 cognomine
965 1945 1067 1987 fratri
1083 1945 1173 1976 Eaed.
1300 1943 1310 1968 1
1324 1946 1436 1976 ultimis
1448 1944 1535 1976 Eaed.

170 2083 210 2112 79
236 2082 425 2124 Nequaquam
439 2090 523 2114 tanta
543 2095 596 2123 pro
616 2083 722 2125 specie]
747 2083 808 2113 As·
851 2084 904 2124 qui
926 2093 1014 2125 pares
1030 2087 1101 2113 sunt
1123 2082 1233 2112 marcis
1253 2083 1371 2123 argenti
1395 2082 1536 2112 nostrati-

125 2125 274 2155 sentimur
290 2126 446 2157 Gronovio
461 2127 576 2158 delenti
590 2137 697 2157 vocem
714 2133 809 2161 tanta,
852 2127 911 2156 bus
930 2127 1019 2157 1093.
1043 2136 1113 2156 cum
1137 2125 1236 2156 unciis
1250 2126 1280 2156 6.
1304 2126 1355 2157 De
1373 2125 1536 2167 Cistopho-

127 2178 196 2208 quae
219 2168 372 2199 redundat
394 2180 525 2211 prorsus,
541 2169 602 2207 imo
616 2175 648 2201 et
661 2170 813 2201 deformat
854 2170 923 2199 rum
949 2168 1152 2199 aestimatione
1173 2168 1234 2198 vid.
1258 2174 1321 2199 not.
1345 2169 1397 2200 40.
1422 2168 1463 2199 ad
1486 2168 1538 2198 46.

125 2210 304 2242 orationem.
352 2212 543 2253 Nequaquam
570 2224 622 2252 pro
652 2214 754 2252 speeie,
778 2212 811 2243 id

127 2259 183 2289 est,
210 2265 279 2295 quae
303 2266 364 2286 non
388 2256 551 2287 sustineret
575 2255 710 2298 speciem
735 2254 811 2296 regii

128 2296 284 2339 triumphi.

170 2340 211 2370 80
249 2340 475 2371 Tetradrachma
529 2341 628 2371 Attica
686 2342 812 2382 triginta

128 2388 254 2420 quatuor
285 2385 379 2414 millia
411 2384 607 2426 septingenta]
646 2384 813 2415 Drachmae

79 2439 83 2441 >
134 2424 264 2455 138800.
290 2427 407 2457 Marcae
421 2426 539 2468 argenti
555 2431 705 2458 nostrates
718 2426 813 2458 2168.

133 2475 201 2496 cum
222 2468 320 2499 unciis
333 2471 364 2500 6.
409 2471 551 2501 ceterum
574 2469 624 2499 hie
645 2480 702 2511 pro
722 2476 812 2500 tetra-

132 2509 269 2557 dgnchma
298 2511 452 2548 Andreas,
490 2512 675 2544 assentiente
706 2512 813 2543 Victo-

134 2560 200 2581 rino
235 2553 349 2590 codice,
386 2555 481 2586 habet
519 2558 673 2586 tetracina.
730 2555 812 2586 Hinc

131 2593 250 2642 judicat
272 2595 426 2628 Hearnius
446 2598 612 2640 legendum
634 2609 700 2629 esse
722 2601 816 2628 tinar-

136 2647 214 2672 nzca‚
230 2647 267 2667 ex
288 2648 422 2676 nummo,
442 2641 495 2682 qui
517 2641 548 2671 in
571 2643 672 2672 Ponto
695 2641 817 2672 Euxino

135 2685 271 2719 repertus
293 2686 339 2711 est
352 2692 421 2712 cum
442 2684 501 2715 hae
520 2684 716 2726 inscriptione
731 2690 816 2716 ΑΘΕ

138 2726 345 2768 ΤΙῌΑΡΝΙΚΑ
366 2729 478 2757 APXE.
520 2727 689 2757 Tinarnica
713 2734 817 2758 autem

136 2773 221 2804 paria
247 2765 320 2796 facit
344 2767 506 2798 drachmis,
551 2770 596 2800 Sit
622 2780 717 2812 penes
742 2780 814 2801 auc-

134 2812 228 2837 torem
244 2807 330 2839 fides.

179 2850 216 2879 81
245 2850 403 2890 Cistophori
428 2858 541 2883 centum
569 2857 693 2896 triginta
726 2866 817 2884 unum

136 2893 230 2922 millia
263 2895 400 2936 trecenti]
440 2894 568 2927 Denarii
605 2897 673 2939 plus
702 2898 818 2928 70000.

854 2222 956 2286 sugg-h
974 2254 1021 2284 Ne
1064 2255 1230 2296 cognomine
1268 2254 1371 2295 fratri
1410 2254 1537 2294 cederet]

855 2297 986 2339 Aliquot
1008 2298 1103 2328 MSS.
1123 2302 1154 2327 et
1180 2296 1365 2337 antiquiores
1386 2297 1461 2328 editi
1483 2297 1538 2326 ha-

855 2341 941 2377 bent,
977 2346 1054 2371 teste
1096 2339 1263 2376 Gronovio‚
1300 2351 1336 2370 ne
1377 2340 1539 2381 cognomini

846 2384 960 2425 fratris
988 2385 1115 2414 cederet:
1143 2382 1227 2424 quod
1258 2382 1365 2425 procul
1398 2382 1492 2413 dubio
1521 2392 1541 2412 a

857 2426 946 2457 Livio
960 2432 1016 2456 est.

899 2470 939 2500 83
957 2470 975 2487 ’ἑ
993 2469 1210 2509 ijft'srraiam]
1267 2469 1407 2498 Primum
1449 2467 1541 2507 hujus

858 2511 989 2542 victoriae
1005 2511 1099 2541 decus
1113 2521 1150 2541 ac
1173 2511 1259 2542 velut
1279 2511 1383 2542 florem
1406 2520 1539 2551 praecep-

858 2561 923 2585 tum
943 2564 1008 2585 esse
1030 2565 1048 2584 a
1064 2553 1124 2584 Μ’.
1139 2554 1241 2585 Acrlio
1258 2554 1298 2586 ad
1319 2552 1542 2594 Thermopylas

859 2596 1005 2628 Antiochi
1021 2597 1142 2627 victore.

902 2642 942 2672 84
974 2640 1126 2680 Quantus]
1164 2638 1213 2669 Sic
1247 2638 1364 2670 habent
1394 2635 1542 2667 vetustius

859 2683 935 2719 cusi,
958 2689 990 2714 et
1013 2682 1097 2713 Vict.
1123 2682 1234 2715 codex:
1264 2692 1336 2717 non,
1363 2686 1396 2711 ut
1422 2681 1541 2710 Grono-

860 2726 958 2757 vianae
971 2726 1130 2759 editiones,
1144 2731 1296 2765 quantum.
1451 2763 1456 2768 ὁ
1514 2733 1516 2735 ’

902 2771 942 2801 85
974 2770 1073 2800 Mense
1108 2768 1316 2807 Itrtercalario]
1362 2766 1413 2795 De
1450 2768 1541 2793 mter—

859 2812 1062 2885 lcallationibus
1090 2810 1153 2841 vid.
1187 2815 1248 2840 not.
1279 2810 1330 2839 29.
1367 2807 1405 2838 ad
1435 2817 1461 2838 c.
1494 2807 1542 2836 19.
