1947 3222
534 121 658 160 Llss.
686 121 773 159 XL.
817 122 939 159 CAP.
973 122 1103 159 XXX.
1444 126 1515 161 481

95 239 234 283 venta,
257 231 343 274 sine
365 231 453 273 ullo
476 230 651 287 vestigio
680 228 865 285 corporis
894 229 1083 280 humani,
1105 240 1179 272 aut
1203 232 1328 274 ullius
1350 233 1422 284 rei,
1445 249 1519 289 per
1534 242 1711 274 U.(:.571.

99 290 235 331 tabem
259 298 321 331 tot
348 303 551 332 annorum
580 286 775 330 omnibus
805 287 1021 328 absumtis.
1054 286 1095 327 in
1117 287 1247 330 altera
1267 290 1353 331 duo
1373 290 1518 340 fasces,
1534 287 1573 318 A.
1588 286 1624 316 C·
1641 285 1711 315 ¹3¹·

95 347 319 389 ⁹⁸candelis
354 345 546 395 involuti,
584 351 775 401 septenos
814 343 998 402 habuere
1038 343 1181 394 libros,
1219 361 1301 387 non
1335 346 1520 403 integros

97 404 238 453 modo,
280 403 352 445 sed
396 401 677 444 recentissima
720 400 866 457 specie.
942 403 1111 457 Septem
1153 401 1294 443 Latini
1336 404 1387 444 de
1421 399 1519 459 jure

97 460 312 524 pontificio
331 467 474 506 erant;
507 468 667 515 septem
696 458 835 499 Graeci
858 459 910 500 de
931 458 1150 514 disciplina
1170 458 1398 515 sapientiae,
1420 476 1517 515 quae

98 518 211 559 illius
242 516 376 560 aetatis
405 532 492 558 esse
527 516 679 572 potuit.
742 515 906 572 Adjicit
938 515 1091 557 Antias
1122 515 1340 567 Valerius,
1361 518 1521 572 Pytha-

98 575 260 631 goricos
289 574 434 624 fuisse,
456 573 489 598 ⁹⁹
498 574 682 629 vulgatae
703 573 904 630 opinioni,
925 588 1010 629 qua
1039 572 1241 623 creditur,
1266 573 1521 630 Pythagorae

99 632 333 674 auditorem
373 631 501 672 fuisse
542 632 743 681 Numam,
783 630 999 672 mendacio
1039 629 1247 686 probabili
1287 630 1524 672 adcommo-

99 688 198 730 data
232 689 327 731 fide.
390 688 533 730 Primo
568 688 621 730 ab
651 687 807 738 amicis,
838 687 913 744 qui
947 687 990 728 in
1023 702 1067 727 re
1101 687 1295 744 praesenti
1332 687 1522 737 fuerunt,

97 745 195 787 libri
225 746 334 787 lecti.
366 760 464 786 mox
494 745 690 802 pluribus
720 744 957 801 legentibus
987 759 1121 800 quum
1153 744 1442 800 vulgarentur,
1470 748 1521 795 Q.

101 802 294 844 Petillius
323 810 481 859 praetor
511 803 711 851 urbanus,
734 802 947 844 studiosus
977 801 1158 857 legendi,
1180 818 1249 842 eos
1275 802 1403 843 libros
1423 818 1447 843 a
1469 803 1520 843 L.

102 859 271 901 Petillio
302 860 463 901 sumsit.
495 868 536 901 et
557 869 645 902 erat
673 858 888 901 familiaris
915 874 1032 909 usus,
1054 858 1190 915 ¹quod
1220 859 1394 903 scribam
1425 875 1521 901 eum

98 925 286 972 quaestor
321 917 371 967 Q.
399 916 589 958 Petillius
628 917 670 957 in
711 916 924 958 decuriam
964 916 1134 972 legerat.
1197 916 1339 958 Lectis
1382 932 1522 958 rerum

99 975 289 1024 summis,
331 989 465 1029 quum
505 973 879 1023 animadvertisset,
919 973 1120 1030 pleraque
1163 973 1523 1015 dissolvendarum

100 1030 350 1087 religionum
381 1046 483 1081 esse,
518 1031 566 1071 L.
591 1031 758 1072 Petillio
793 1030 917 1080 dixit,
951 1030 1043 1071 Sese
1071 1046 1135 1072 eos
1164 1030 1288 1071 libros
1319 1033 1362 1071 in
1393 1033 1523 1085 ignem

97 1089 362 1142 conjecturum
385 1103 477 1129 esse.
496 1090 624 1141 prius,
647 1102 765 1142 quam
791 1089 837 1128 id
854 1086 1030 1139 faceret,
1053 1102 1095 1128 se
1114 1089 1153 1128 ei
1174 1088 1425 1140 permittere,
1446 1090 1523 1136 uli,

98 1147 136 1186 si
156 1147 263 1200 quod
279 1161 347 1187 seu
353 1144 442 1199 jus,
457 1160 525 1186 seu
544 1147 742 1186 cmxillum
762 1159 804 1185 se
823 1144 971 1185 habere
986 1146 1045 1185 ad
1063 1159 1127 1186 eos
1147 1145 1273 1187 libros
1293 1148 1527 1198 repetendos

100 1204 364 1251 existimaret,
382 1204 655 1256 experiretur.-
689 1203 735 1243 id
752 1202 938 1256 &ntegra
954 1216 1027 1243 sua
1044 1204 1190 1256 gratia
1208 1203 1525 1258 eumfacturum.

101 1261 263 1302 Scriba¹
292 1260 484 1301 tribunos
514 1259 647 1316 plebis
683 1259 796 1307 adit3
841 1260 895 1300 ab
930 1259 1111 1301 tribunis
1146 1259 1201 1302 ad
1236 1268 1425 1302 senatum
1461 1276 1525 1303 res

98 1326 164 1359 est
202 1319 365 1373 rejecta.
443 1319 606 1358 Praetor
646 1333 688 1358 se
722 1317 1024 1373 jusjurandum
1065 1315 1164 1358 dare
1204 1325 1398 1373 paratum
1439 1333 1525 1360 esse

99 1374 254 1425 aiebat,
289 1374 417 1415 libros
452 1389 521 1415 eos
554 1373 638 1430 legi
679 1373 918 1430 servarique
957 1389 1040 1414 non
1080 1382 1285 1430 oportere.
1348 1375 1526 1417 Senatus
1541 1381 1737 1413 Comburun-

98 1431 277 1481 censuit,
299 1432 411 1472 Satis
439 1431 675 1480 habendum,
699 1432 806 1485 quod
823 1438 984 1484 praetor
995 1430 1286 1485 jusjurandum
1310 1433 1524 1484 pollicere·
1539 1430 1599 1456 tur.

99 1495 183 1529 tur.
215 1489 339 1529 libros
353 1489 489 1541 primo
521 1503 674 1543 quoque
703 1495 880 1542 tempore
907 1490 951 1530 in
975 1489 1138 1530 comitio
1168 1491 1403 1530 cremandos
1434 1505 1525 1531 esse.

95 1547 276 1599 prelium
305 1559 386 1599 pro
422 1546 554 1597 libris,
588 1553 779 1600 quantum
819 1545 869 1595 Q.
893 1547 1066 1587 Petillio
1093 1547 1271 1599 praetori
1306 1546 1528 1601 majorique

92 1605 216 1657 parti
242 1604 491 1644 tribunorum
515 1604 649 1657 plebis
677 1604 894 1653 videretur,
916 1605 1077 1644 domino
1103 1617 1185 1645 esse
1210 1605 1461 1649 solvendum..
1482 1604 1528 1646 id

103 1660 239 1702 scriba
259 1675 341 1702 non
362 1661 533 1717 aceepit.
564 1660 661 1703 libri
682 1661 726 1701 in
746 1660 929 1711 comitio,
951 1661 1048 1717 igne
1068 1676 1094 1702 a
1113 1660 1379 1703 ⁵victimariis
1399 1661 1526 1713 facto,

98 1717 148 1759 >in
169 1726 395 1774 conspectu
416 1718 564 1774 populi
585 1717 757 1760 cremati
778 1726 888 1760 sunt.

162 1775 324 1816 XXX.
357 1776 566 1831 Magnum
597 1775 754 1817 bellum
785 1790 833 1816 ea
862 1782 1008 1817 aestate
1037 1783 1228 1817 coortum
1255 1775 1297 1816 in
1320 1775 1529 1832 Hispania
1542 1778 1716 1828 Bellum-iu

98 1831 305 1874 citeriore.
336 1832 391 1873 ad
412 1832 601 1888 quinque
632 1840 672 1874 et
701 1832 877 1888 triginta
905 1831 1035 1874 millia
1062 1832 1297 1883 hominum,
1319 1841 1528 1889 quantum
1542 1823 1700 1896 ἒξέξίἓξὲἆ

97 1904 335 1945 Αῐιιιῐῐιῳιειιῑῐ]
356 1889 487 1930 ferme
501 1898 637 1939 antea,
657 1889 859 1930 Celtiberi
875 1898 1229 1945 comparaverant.
1283 1891 1331 1940 Q.
1348 1890 1528 1932 Fulvius
1682 1887 1689 1895 ⁰

99 1946 285 1987 :Flaccus
314 1961 405 1987 eam
432 1945 650 1989 obtinebat
679 1946 951 2002 provinciam.
987 1946 1037 1996 is,
1062 1946 1164 2002 quia
1192 1961 1352 1988 armare
1376 1947 1528 2002 juven-

99 2011 237 2045 tutem
271 2002 505 2045 Celtiberos
533 2002 739 2053 audierat,
761 2010 802 2044 et
829 2003 934 2059 ipse,
956 2012 1117 2059 quanta
1145 2010 1327 2059 poterat,
1353 2018 1378 2045 a
1407 2004 1527 2047 sociis

634 2107 643 2132 1
659 2108 717 2141 ins.
733 2111 772 2140 ad
787 2109 884 2140 Gron.
902 2109 994 2142 Crev.

99 2204 105 2212 ⁷
147 2195 191 2225 98
217 2194 369 2236 candelis]
396 2194 568 2231 Funiculis,
581 2195 630 2226 vel
642 2195 702 2225 filis
713 2194 795 2237 pice,

97 2243 163 2268 vaut
191 2247 264 2269 cera
288 2237 385 2268 illitis.
443 2238 590 2269 Ceterum
615 2239 683 2269 thoe
710 2238 795 2269 idern

108 2279 148 2311 de
171 2280 293 2311 duabus
314 2280 376 2311 illis
399 2280 514 2312 Numae
538 2281 628 2317 arcis,
652 2280 796 2312 dissenti-

108 2329 197 2353 entes
213 2328 319 2355 tamen
341 2324 373 2354 in
397 2322 563 2365 aliquibus,
579 2329 707 2355 narrant
720 2324 797 2356 Val.

111 2365 200 2404 Max-
215 2366 237 2397 l.
253 2367 280 2397 1.
294 2377 324 2398 c.
341 2368 369 2398 l.
384 2367 468 2398 Plin.
483 2367 582 2398 XIII.
598 2368 647 2398 13.
662 2367 748 2398 Plut.
761 2369 795 2398 in

100 2407 227 2439 ¹Numa.

150 2451 193 2482 99
220 2451 352 2493 Vulgatce
373 2452 518 2493 opinioni]
561 2451 614 2483 Ad
636 2452 797 2494 vulgatam

108 2493 296 2536 opinionem,
333 2505 396 2536 qua
438 2495 572 2527 creditur
609 2494 795 2538 Pythagorae

110 2536 281 2567 auditorem
314 2537 408 2569 fuisse
438 2539 589 2575 Numam,
618 2538 713 2570 fidem
743 2549 796 2570 ac-

110 2580 310 2610 commodans
332 2590 389 2623 per*
406 2581 603 2613 mendacium
627 2582 797 2624 probabile.

110 2621 220 2653 Fidem
243 2623 475 2655 accommodare
493 2625 534 2656 ad
550 2625 708 2666 vulgatam
731 2625 797 2667 opi-

111 2664 247 2701 nionem,
281 2670 327 2696 est
359 2664 514 2698 inflecteis¹
547 2673 579 2698 et
614 2668 795 2710 detorquere

111 2707 295 2739 narrationis
317 2707 411 2738 fidem
434 2708 475 2739 ad
490 2709 664 2752 opinionem
686 2711 796 2752 vulga-

110 2755 186 2781 tam.

164 2794 180 2824 1
221 2793 306 2828 Quod
342 2795 465 2824 scribam
501 2805 566 2825 eum
599 2803 722 2836 quaestor
761 2796 797 2830 Q.

116 2835 254 2866 Petillius
268 2838 301 2866 in
313 2837 465 2867 decuriam
484 2837 608 2878 legerat]
647 2838 741 2875 Quod
756 2840 799 2876 Q.

114 2878 268 2913 Petimus,
284 2888 379 2920 quum
395 2877 535 2920 ¹quaestor
557 2885 646 2916 esset,
660 2890 729 2911 eum
753 2881 798 2911 le-

166 2934 260 2962 VOL.
286 2935 355 2962 ΙΙΙ.

839 2200 926 2236 gerat
948 2193 1091 2232 scribam,
1107 2200 1139 2227 et
1155 2196 1208 2227 uni
1224 2207 1241 2228 e
1256 2196 1389 2232 decuriis
1412 2197 1527 2229 scriba-

839 2249 907 2269 rum
923 2238 1138 2281 adscripserat.
1184 2240 1268 2273 Hinc
1282 2245 1371 2282 patet
1393 2248 1528 2282 quaesto-

839 2281 923 2312 ribus
932 2281 984 2323 jus
1003 2281 1095 2313 fuisse
1118 2282 1322 2324 legendorum
1346 2283 1528 2315 scribarum.

840 2324 929 2355 Idem
948 2323 1026 2366 juris
1047 2325 1194 2356 habuisse
1216 2325 1360 2368 praetores
1375 2331 1406 2356 et
1422 2327 1528 2357 aediles

838 2367 961 2398 curules
989 2367 1081 2399 docet
1117 2368 1227 2399 Cicero
1254 2380 1309 2411 pro
1340 2369 1468 2400 Cleunt.
1496 2380 1528 2401 n.

842 2411 914 2442 126.
942 2410 1042 2442 Porro
1065 2411 1234 2442 scribarum
1249 2412 1324 2442 ordo
1338 2411 1371 2442 in
1387 2411 1528 2443 decurias

840 2452 1022 2495 distributus
1045 2459 1121 2485 erat.
1166 2454 1267 2495 Igitur
1288 2454 1466 2496 quicunque
1483 2456 1526 2486 le-

839 2496 970 2536 gebatur
991 2495 1101 2533 scriba‚
1117 2496 1149 2527 in
1170 2507 1266 2528 unam
1289 2508 1326 2529 ex
1351 2498 1411 2528 illis
1434 2498 1527 2529 decu-

839 2537 892 2569 riis
908 2539 1171 2571 contribuebatur.

882 2583 902 2612 2
935 2582 1058 2624 Integra
1085 2594 1139 2613 sua
1164 2583 1282 2624 gratia]
1328 2583 1380 2614 Ita
1409 2587 1441 2613 ut
1473 2581 1526 2612 ille

841 2624 984 2656 eumdem
1014 2624 1097 2667 apud
1128 2636 1160 2656 se
1190 2626 1296 2666 gratiae
1322 2630 1352 2656 et
1382 2624 1526 2654 amicitiai

839 2667 970 2709 gradum
986 2673 1112 2699 teneret.

882 2711 902 2741 3
929 2711 1122 2752 ῘῙίοἰίνηατ-ίὶε]
1169 2709 1342 2742 Victimarii
1368 2713 1454 2739 erant
1476 2718 1525 2737 sa-

842 2753 1000 2785 cerdotum
1029 2752 1170 2788 ministri,
1199 2752 1252 2793 qui
1281 2751 1421 2781 victimas
1447 2750 1525 2790 liga-

841 2796 929 2831 bant,
955 2802 986 2826 et
1018 2796 1161 2830 cultrum,
1192 2804 1316 2835 aquam,
1344 2798 1375 2823 et
1411 2793 1524 2823 molam

843 2839 955 2869 salsam
976 2839 1139 2879 parabant,
1155 2842 1318 2877 ceteraque
1341 2847 1409 2877 quae
1432 2834 1525 2869 sacris

843 2890 1017 2911 necessaria
1031 2886 1129 2911 erant.

930 2935 981 2962 11
