1947 3222
533 57 657 94 LIB.
686 55 771 94 XL.
819 57 893 94 CA
907 56 948 94 P.
979 53 1126 95 XLIV.
1465 64 1540 105 495

111 166 234 222 ginta
259 165 340 209 tria
366 165 496 208 millia
525 166 738 208 ducentos.
801 164 1017 206 Militibus
1041 165 1094 206 de
1121 166 1266 221 praeda
1290 165 1542 223 ⁵⁷quinqua-
1558 178 1598 209 U.
1610 178 1648 210 C.
1662 180 1736 210 572.

115 239 245 277 (renos
275 223 465 266 denarios
495 223 625 272 dedit,
654 221 814 278 duplex
849 222 1179 272 centurionibus,
1211 223 1363 279 triplex
1395 224 1542 279 equiti,
1557 222 1597 252 Α·
1612 222 1650 254 C·
1667 223 1735 253 180.

115 279 422 322 ⁵⁸tantumdem
455 280 574 321 sociis
600 279 742 320 Latini
770 278 962 326 nominis,
994 287 1036 319 et
1067 278 1322 334 stipendium
1351 281 1543 322 omnlbus

117 337 291 394 duplex-

177 395 346 436 XLIV.
379 396 445 435 Eo
475 408 583 434 anno
612 393 776 449 rogatio
807 392 991 456 primum
1022 392 1108 433 lata
1137 400 1199 434 est
1219 392 1312 434 ⁵⁹ab
1344 394 1394 434 L.
1419 395 1454 435 V
1458 394 1622 435 illioJex
1639 415 1735 436 anna-

116 451 288 493 tribuno
318 450 504 507 ρ101115,ὃ
505 450 632 506 ⁰quot
653 465 782 491 annos
803 449 890 491 nati
912 464 1123 505 quemque
1151 449 1442 503 magistratum
1473 467 1544 507 pe-
1556 459 1611 479 Πᾶ-

115 517 251 550 terent
272 517 566 564 caperentque.
598 508 695 548 inde
720 522 949 563 cognomen
971 506 1140 547 familiae
1161 484 1358 556 inditum,
1383 517 1430 549 ut
1453 510 1542 549 An-

115 565 229 606 nales
260 565 585 621 adpellarentur.
649 566 856 605 Praetores
892 574 1077 619 quatuor
1106 574 1201 619 post
1231 563 1387 604 multos
1417 580 1544 607 annos
1559 576 1711 606 Praetores

115 621 248 677 ⁶²lege
271 622 417 663 Baebia
446 623 588 672 creati,
611 637 707 677 quae
738 620 907 662 alternis
938 629 1166 676 quaternos
1191 620 1371 676 jubebat
1402 622 1543 662 creari.
1558 625 1699 658 quatuor.

116 678 161 719 hi
190 679 307 729 facti,
342 680 418 720 Cn.
443 679 662 720 Cornelius
696 677 849 734 Scipm,
884 679 931 718 C.
957 677 1148 718 Valerius
1179 677 1394 728 Laevinus,
1428 679 1477 728 Q.
1504 687 1545 720 et

119 735 166 776 P.
191 736 328 777 Mucii
360 737 411 786 Q.
444 737 493 776 F.
529 735 738 776 Scaewolae
801 735 849 785 Q.
874 734 1028 776 Fulvio
1059 742 1099 775 et
1132 734 1183 774 L.
1208 734 1371 776 Manlio
1401 751 1546 776 consu-
1561 742 1601 773 U.
1616 742 1652 773 C.
1666 745 1740 775 573.

116 792 229 856 libus
259 793 402 834 eadem
433 791 661 848 provincia,
694 808 790 848 quae
822 791 1120 848 superioribus,
1152 791 1242 847 pari
1277 807 1452 834 numero
1481 808 1547 834 co-
1560 785 1601 816 A.
1596 786 1742 859 (ἕρ-1119·

120 849 200 906 piae
220 849 437 913 peditum,
459 849 668 904 equitum,
691 850 861 899 civium,
884 864 1090 890 soclorum
1118 848 1308 890 decretae
1372 851 1422 890 In
1446 850 1588 901 His-L
1590 840 1740 903 Μιὲζιιίῗζ

118 906 252 962 paniis
282 906 448 948 duabus
481 906 549 947 Ἱ1.
575 907 820 963 Sempronio
856 915 895 948 et
934 907 984 946 L.
1020 905 1237 946 Postumio
1272 922 1367 947 cum
1403 906 1547 948 iisdem
1563 914 1652 946 Coss.

117 963 386 1013 exercitibus,
410 979 516 1019 quos
546 963 763 1013 haberent,
785 971 1058 1019 prorogatum
1084 963 1307 1025 imperium
1338 972 1411 1005 est.
1444 973 1484 1006 et
1507 964 1548 1005 in
1563 973 1744 1006 Provinciae.

119 1020 459 1076 supplementum
481 1020 670 1061 consules
691 1021 870 1061 scribere
894 1020 1001 1075 jussi
1023 1019 1078 1060 ad
1099 1019 1179 1061 tria
1208 1020 1338 1061 millia
1357 1021 1549 1077 peditum

123 1077 427 1143 Romanorum,
464 1086 670 1118 trecentos
710 1077 899 1132 equites;
947 1076 1137 1132 quinque
1177 1076 1307 1117 millia
1343 1094 1547 1119 somorum

121 1134 265 1175 Latini
297 1134 488 1184 nominis,
511 1143 550 1175 et
566 1134 904 1197 quadringentos
935 1133 1108 1189 equites.
1172 1134 1219 1174 P.
1245 1134 1418 1176 Mucius
1442 1137 1549 1176 Scae-

119 1191 215 1232 vola
244 1192 446 1232 urbanam
478 1190 650 1232 sortitus
680 1206 936 1247 provmciam
967 1199 1055 1237 est3
1094 1199 1136 1232 et
1166 1199 1215 1232 ut
1246 1190 1354 1232 idem
1387 1207 1549 1248 quaere-

118 1256 182 1289 ret
213 1248 265 1289 de
300 1248 508 1289 veneficiis
543 1248 587 1289 in
623 1248 743 1297 urbe,
775 1256 816 1288 et
849 1247 1024 1303 propius
1062 1248 1208 1288 urbem
1242 1248 1383 1289 decem
1418 1249 1550 1290 millia

119 1319 344 1360 passuum:
399 1306 476 1346 Cn.
521 1304 740 1345 Cornelius
784 1304 922 1360 Scipio
962 1304 1239 1360 pere-ormam,
1283 1307 1331 1355 Q.
1376 1307 1549 1347 Mucius

121 1362 308 1402 Scaevola
349 1361 545 1412 Siciliam,
589 1363 636 1402 C.
680 1361 871 1402 Valerius
913 1361 1114 1402 Laevinus
1160 1361 1405 1403 Sardiniam.
1498 1365 1547 1414 Q.

121 1419 158 1458 F
162 1418 302 1459 11111115
323 1418 482 1468 consul,
500 1419 632 1471 prius,
655 1433 771 1472 quam
794 1420 916 1458 ullam
938 1433 1019 1458 rem
1043 1419 1248 1471 publicam
1271 1434 1375 1473 (lgm
1377 1427 1427 1469 et,
1450 1421 1549 1461 lihe-

119 1489 216 1514 rare
235 1482 275 1516 et
293 1490 334 1517 se
353 1482 392 1516 et
411 1476 695 1529 rempublicam
716 1477 914 1529 religione
935 1477 1036 1516 votis
1056 1478 1267 1524 solvendis,
1291 1476 1414 1528 dixit,
1437 1480 1548 1519 velle.

119 1533 283 1582 vovisse,
322 1547 399 1588 quo
434 1534 502 1574 die
527 1539 772 1586 postremum
803 1548 886 1574 cum
926 1533 1139 1575 Celtiberis
1166 1542 1401 1588 pugnasset,
1437 1537 1550 1577 ludos

166 1671 206 1701 57
233 1670 460 1712 Quinquagenos
494 1670 642 1711 denarios]
695 1670 814 1702 Uncias

123 1713 241 1755 argenti
266 1714 297 1745 6.
322 1724 391 1744 curn
418 1712 509 1750 binis,
534 1720 570 1744 ut
583 1720 706 1750 vocant,
729 1725 813 1757 gros-

121 1768 168 1788 sis.

165 1801 205 1831 58
232 1800 424 1830 Tantumdem
446 1801 528 1831 sociis
547 1800 652 1831 Latini
672 1801 812 1842 nominis]

121 1842 331 1874 Tantumdem
353 1842 521 1884 peditibus,
547 1843 715 1884 equitibus,
740 1853 812 1874 cen-

121 1886 294 1917 turionibus
338 1885 445 1917 Latini
481 1886 624 1923 nominis,
661 1891 813 1927 quantum

124 1929 289 1960 Romanis.

167 1973 209 2002 59
233 1973 278 2002 Ab
303 1970 340 2001 L.
360 1971 462 2013 Villio]
498 1972 622 2003 Nomen
645 1971 738 2012 hujus
760 1971 813 2002 tri-

124 2014 201 2044 buni
228 2014 434 2045 deformatum
460 2020 554 2046 antea
578 2015 747 2055 legebatur,
776 2015 814 2046 L.

125 2058 217 2088 Julio.
262 2056 450 2088 Emendavit
465 2057 618 2099 SigoniuS.

168 2101 210 2131 60
235 2100 313 2135 Quot
336 2111 426 2131 annos
453 2103 518 2131 nati
546 2112 683 2141 quemque
709 2102 815 2142 magis-

126 2149 237 2174 tratum
271 2149 401 2183 peterent
438 2144 642 2184 cuperentque]
696 2144 814 2173 Manu-

127 2185 198 2222 tius,
215 2187 294 2217 libro
315 2185 355 2216 de
378 2186 499 2227 legibus
520 2186 684 2222 Romanis,
710 2192 815 2217 censet

127 2229 259 2260 Villium
281 2229 320 2259 de
336 2229 494 2260 curulibus
508 2228 723 2260 tantummodo
745 2239 811 2260 ma-

125 2271 304 2313 gistratibus
331 2271 480 2303 sanxisse.
524 2272 614 2302 Idem
638 2272 749 2314 probat
774 2282 813 2303 ex

128 2314 279 2346 Cicerone
300 2314 440 2355 aliisque,
462 2314 634 2356 legitimum
656 2314 813 2345 aedilitatis

127 2358 242 2388 curulis
277 2367 393 2388 annum
437 2357 542 2392 fuisse,
578 2358 741 2399 septimum
786 2363 817 2388 et

129 2400 339 2440 trigesimum3
405 2406 556 2442 praeturae,
615 2399 816 2441 quadragesi-

129 2452 236 2481 mum3
279 2444 469 2479 consulatus,
507 2443 632 2474 tertium
671 2448 703 2473 et
739 2453 815 2484 qua-

129 2484 348 2526 dragesimum.
393 2488 593 2524 Quaesturam
615 2496 678 2516 non
694 2484 817 2516 licuisse

130 2539 242 2570 capere
258 2536 329 2559 ante
352 2540 467 2560 annum
491 2529 592 2560 aetatis
606 2528 772 2570 septimum
786 2534 818 2560 et

130 2570 316 2612 vigesimum
345 2572 499 2613 colligitur
525 2583 563 2603 ex
592 2571 735 2613 Polybio,
764 2571 818 2613 qui

129 2614 152 2645 1.
180 2614 241 2645 VI.
269 2613 402 2645 affirmat
425 2616 578 2646 urbanum
604 2615 818 2655 magistratum

133 2655 276 2698 capiendi
301 2656 354 2697 jus
380 2657 493 2688 nemini
521 2657 625 2693 fuisse,
652 2662 818 2698 antequam

131 2699 214 2731 dena
227 2698 384 2741 stipendia
395 2700 522 2731 emerita
536 2701 674 2731 haberet.
703 2700 817 2742 Auspi-

132 2742 242 2773 candae
264 2746 368 2772 autem
390 2741 508 2773 militiae
534 2754 634 2774 annus
665 2743 821 2784 legitimus

133 2785 192 2816 fuit
214 2784 353 2815 decimus
379 2784 537 2826 septimus.
583 2787 730 2817 Ceterum
758 2797 819 2816 non

134 2829 177 2858 ita
200 2827 381 2868 accipienda
400 2833 474 2858 sunt
493 2838 563 2868 quae
585 2828 636 2859 hic
651 2828 745 2859 tradit
768 2829 820 2859 L'r-

133 2870 211 2905 vius,
241 2871 329 2911 quasi
358 2876 425 2900 tum
454 2870 587 2912 primum
615 2870 654 2900 de
681 2870 822 2911 legitima

858 1671 1093 1712 magistratuum
1120 1671 1340 1713 capiendorum
1371 1678 1463 1704 aetate
1492 1673 1548 1704 ali-

859 1714 934 1755 quid
962 1715 1115 1746 sancitum
1145 1715 1246 1746 fuerit.
1291 1716 1376 1746 Nam
1406 1727 1499 1757 supra
1528 1717 1549 1749 l.

859 1758 966 1788 XXV.
981 1768 1008 1788 c.
1025 1759 1055 1789 2.
1072 1758 1185 1788 tribuni
1201 1758 1300 1799 plebis
1313 1759 1468 1790 obstitisse
1483 1770 1549 1790 me-

858 1806 1016 1831 morantur
1045 1800 1180 1842 Scipioni
1205 1801 1386 1832 aedilitatem
1415 1802 1545 1844 petenti,

857 1846 932 1884 quod
976 1846 1103 1875 nondum
1148 1846 1187 1874 ad
1223 1847 1380 1884 petendum
1418 1847 1547 1887 legitima

857 1893 925 1917 aetas
943 1894 1022 1917 esset.
1066 1887 1111 1917 At
1133 1897 1237 1917 rursus
1258 1887 1295 1918 T.
1312 1872 1461 1925 Quintius
1476 1889 1547 1919 Fla

857 1929 1003 1965 minium,
1032 1931 1085 1971 qui
1121 1930 1318 1961 consulatum
1354 1931 1443 1973 petiit
1471 1942 1546 1962 non-

857 1972 931 2003 dum
961 1983 1058 2003 annos
1085 1972 1210 2013 triginta
1235 1979 1337 2009 natus,
1366 1979 1401 2004 ut
1427 1981 1547 2006 constat

858 2025 896 2046 ex
922 2015 1120 2046 Plutarcho
1113 2027 1146 2046 111
1171 2015 1237 2056 ejus
1261 2015 1336 2051 vita,
1364 2022 1469 2047 tamen
1494 2028 1549 2059 per

857 2057 943 2099 leges
972 2069 1082 2100 capere
1108 2058 1191 2089 hunc
1218 2060 1432 2099 magistratum
1459 2071 1548 2102 posse

853 2101 1014 2142 judicatur
1029 2112 1047 2132 a
1062 2107 1183 2137 senatu,
1199 2112 1292 2143 supra
1314 2102 1335 2133 l.
1352 2103 1497 2134 XXXII.
1519 2114 1547 2134 c.

859 2145 888 2174 7.
935 2145 1012 2175 Haec
1027 2144 1106 2175 inter
1129 2155 1161 2175 se
1181 2145 1324 2187 exempla
1339 2145 1364 2175 si
1387 2146 1547 2177 conferan-

857 2192 917 2223 tur,
948 2198 1010 2218 non
1047 2187 1180 2219 absurde
1216 2187 1343 2219 sortasse
1379 2189 1548 2231 poterimus

856 2230 1005 2272 suspicari
1026 2237 1098 2261 ante
1120 2230 1221 2272 legem
1242 2232 1272 2262 X
1275 2231 1373 2262 illiam
1395 2232 1548 2262 sancitum

857 2273 1071 2304 tantummodo
1093 2273 1186 2314 fuisse
1206 2273 1238 2304 id
1263 2274 1346 2315 quod
1361 2284 1400 2304 ex
1409 2275 1548 2321 Polybio

856 2317 1028 2352 retulimus,
1052 2327 1091 2347 ne
1117 2316 1187 2357 quis
1211 2316 1310 2346 ullum
1333 2316 1548 2357 magistratum

859 2365 994 2401 caperet,
1018 2365 1186 2401 antequam
1201 2358 1283 2390 dena
1297 2359 1452 2400 stipendia
1466 2370 1549 2391 eme-

860 2402 918 2433 rita
939 2402 1075 2432 haberet.
1121 2401 1224 2443 Scipio
1246 2402 1340 2437 enim,
1364 2407 1431 2432 tum
1453 2413 1549 2444 quum

860 2444 889 2476 ei
903 2444 1082 2475 aedilitatem
1099 2444 1216 2486 petenti
1238 2444 1456 2481 obsistebatur‚
1472 2456 1548 2475 non-

860 2487 935 2518 dum
957 2498 1013 2529 per
1032 2493 1154 2518 aetatem
1174 2487 1255 2518 dena
1274 2487 1429 2529 stipendia
1446 2499 1548 2519 meru-

859 2530 919 2561 isse
944 2536 1083 2572 poterat;
1114 2536 1235 2572 poterat
1257 2530 1460 2565 Flamininus,
1483 2535 1548 2561 tum

861 2583 957 2614 quum
986 2574 1181 2604 consulatum
1218 2574 1355 2615 petebat.
1415 2574 1486 2604 Hoc
1523 2573 1548 2603 si

863 2615 1056 2652 admittatur,
1087 2616 1248 2658 apparebit
1283 2615 1405 2657 proprie
1433 2621 1464 2646 et
1499 2625 1550 2645 ac-

861 2664 968 2690 curate
982 2659 1120 2690 locutum
1135 2669 1201 2689 esse
1222 2658 1360 2692 Livium,
1377 2657 1451 2688 dum
1474 2657 1550 2688 dixit

862 2702 921 2733 hoc
948 2702 1082 2744 primum
1117 2711 1198 2732 anno
1230 2700 1420 2741 rogationem
1454 2701 1551 2730 latam

864 2755 942 2780 esse,
972 2751 1038 2784 quot
1066 2755 1156 2774 anuos
1183 2745 1247 2773 nati
1275 2754 1414 2783 quemque
1442 2745 1550 2785 magis-

864 2794 977 2817 tratum
991 2792 1118 2825 peterent
1133 2791 1333 2825 cuperentque.
1610 2802 1617 2806 -

908 2830 946 2859 61
974 2829 1050 2870 Lege
1079 2828 1195 2868 Boebia]
1233 2827 1335 2867 Hujus
1361 2826 1437 2867 legis
1465 2827 1552 2857 nulla

867 2871 929 2902 alia
943 2871 1074 2902 occurrit
1089 2871 1214 2901 mentio.
