1947 3222
317 137 393 173 484
846 131 988 169 TITI
1031 130 1206 169 LIVII

110 250 152 282 U.
165 250 204 282 C.
218 250 290 281 571.
322 254 486 285 omnem
507 241 550 282 in
571 241 718 282 urbem
739 239 986 283 introduxit.
1030 239 1243 291 Celtiberi,
1266 239 1340 296 qui
1362 243 1404 281 α’
1422 239 1547 281 domo
1563 240 1744 298 'profecti

108 293 293 326 A.C.181.
325 307 458 349 erant,
486 297 708 340 deditionis
742 297 891 354 ignari,
928 312 1059 354 quum
1088 294 1274 347 tandem,
1306 297 1526 354 superatis,
1556 298 1630 339 ubi
1660 298 1744 355 pri-

325 372 443 399 mum
482 355 729 397 remiserunt
768 355 936 403 imbres,
973 354 1178 404 amnibus,
1213 354 1483 396 Contrebiam
1519 354 1742 404 venissent,

326 422 551 471 postquam
572 420 707 453 castra
726 412 843 452 nulla
868 419 989 455 extra
1007 411 1161 451 moenia
1180 411 1391 462 viderunt,
1413 420 1486 452 aut
1508 411 1548 452 in
1570 411 1742 454 alteram

326 477 488 527 partem
520 469 720 510 translata
750 468 845 517 rati,
882 476 956 509 aut
987 467 1198 508 recessisse
1231 467 1385 518 hostes,
1415 483 1490 524 per
1524 468 1744 524 neglegen-

328 527 429 569 tiam
451 526 579 568 ‘effusi
601 526 655 567 ad
674 524 879 582 oppidum
909 532 1182 566 accesserunt.
1244 520 1295 564 In
1317 536 1386 565 eos
1414 525 1581 566 duabus
1613 526 1744 582 portis

329 583 510 625 Romani
541 581 801 638 eruptionem
832 581 1036 632 fecerunt,
1065 588 1106 622 et
1136 580 1429 637 incompositos
1458 582 1594 623 adorti
1622 582 1745 624 ''fude-

329 649 441 683 runt.
502 639 631 689 ⁸Quae
670 652 735 679 res
775 637 827 678 ad
863 637 1141 679 resistendum
1182 652 1250 679 eos
1285 645 1326 679 et
1361 636 1415 679 ad
1451 639 1745 695 capessendam

328 711 515 754 pugnam
556 695 746 752 inpediit,
788 694 903 751 quod
945 709 1029 736 non
1078 710 1164 736 uno
1202 695 1380 751 agmine,
1422 708 1497 736 nec
1536 696 1590 736 ad
1629 696 1748 751 signa

328 755 569 809 frequentes
598 752 836 802 veniebant,
858 751 1002 793 eadem
1034 766 1195 808 magnae
1224 752 1335 808 parti
1365 751 1418 793 ad
1445 752 1589 808 fugam
1621 753 1746 795 saluti

328 811 423 852 fuit.
487 809 627 866 Sparsi
657 808 766 849 enim
797 817 887 851 toto
917 808 1069 866 passim
1099 822 1246 865 campo
1276 822 1318 849 se
1348 808 1633 851 diffuderunt:
1667 824 1746 850 nec

329 882 509 924 usquam
539 866 746 908 confertos
775 880 844 907 eos
872 865 1002 908 hostis
1033 866 1316 907 circumvenit.
1349 873 1485 907 tamen
1517 866 1571 906 ad
1592 866 1750 907 duode-

332 924 412 965 cim
440 923 570 964 millia
591 930 686 964 sunt
709 933 837 965 caesa':
870 932 993 979 capta
1011 923 1110 979 plus
1139 923 1326 979 quinque
1354 923 1485 964 millia
1513 922 1746 972 hominum,

330 980 428 1037 equi
459 980 772 1036 quadringenti,
795 980 914 1036 signa
934 980 1129 1021 militaria
1159 979 1375 1035 sexaginta
1404 980 1501 1021 duo.
1556 979 1646 1030 'Qui
1676 995 1749 1036 pa-

331 1038 405 1080 lati
427 1053 449 1078 e
469 1037 573 1093 fuga
593 1037 765 1078 domum
787 1052 829 1078 se
849 1037 1120 1094 recipiebant,
1142 1037 1321 1078 alterum
1347 1052 1495 1093 agmen
1519 1037 1749 1078 Celtibero—

329 1104 425 1136 'rum
467 1094 738 1145 venientium,
780 1094 1034 1135 deditionem
1077 1093 1314 1135 Contrebiae
1345 1102 1395 1136 et
1436 1109 1553 1135 suam
1588 1093 1746 1135 cladem

330 1151 554 1201 narrando,
595 1159 849 1192 averterunt.
901 1151 1112 1207 extemplo
1152 1152 1196 1191 in
1231 1150 1343 1191 vicos
1383 1151 1634 1207 castellaque
1674 1165 1750 1192 sua

333 1223 475 1250 omnes
495 1207 668 1264 dilapsi.
732 1207 923 1256 Flaccus,
955 1223 979 1248 a
1011 1207 1237 1249 Contrebia
1266 1208 1494 1263 profectus,
1516 1224 1592 1264 per
1623 1207 1750 1249 Celti-

326 1265 491 1307 'beriam
525 1264 856 1321 populabundus
890 1261 1006 1306 ducit
1041 1264 1245 1320 legiones:
1289 1263 1448 1306 ⁹multa
1481 1265 1650 1306 castella
1678 1264 1751 1306 ob-

331 1321 553 1379 pugnavit,
584 1321 714 1362 donec
744 1321 927 1362 maxima
960 1336 1057 1378 pars
1089 1321 1393 1363 Celtiberorum
1423 1322 1466 1363 in
1497 1321 1752 1363 deditionem

332 1388 459 1421 venit.

121 1442 325 1492 Aquileiam·
393 1435 622 1476 XXXIV.
655 1436 763 1476 Haec
782 1436 825 1477 in
848 1435 1034 1478 citeriore
1058 1435 1266 1492 Hispania
1295 1450 1343 1476 eo
1372 1450 1480 1476 anno
1500 1444 1629 1491 gesta.
1690 1436 1750 1478 Et

122 1486 216 1518 ¹⁰⁰¹&
334 1493 377 1534 in
408 1493 622 1542 ulteriore,
654 1492 843 1534 Manlius
877 1501 1035 1549 praetor
1067 1493 1249 1534 secunda
1283 1491 1444 1548 aliquot
1477 1492 1626 1548 proelia
1655 1508 1750 1534 cum

331 1550 550 1591 ‘Lusitanis
590 1549 700 1591 fecit.
764 1550 961 1606 Aquileia
995 1550 1155 1591 colonia
1195 1548 1348 1591 Latina
1387 1549 1532 1590 eodem
1567 1564 1675 1591 anno
1708 1549 1751 1590 in

333 1622 435 1663 agro
467 1605 687 1648 Gallorum
717 1615 779 1648 est
812 1607 1005 1648 deducta.
1048 1606 1129 1648 tria
1159 1606 1290 1647 millia
1320 1606 1509 1662 peditum
1541 1607 1752 1663 quinqua-

332 1679 440 1719 gena
464 1664 631 1720 jugera,
653 1664 916 1705 centuriones
936 1672 1121 1711 centena,
1144 1671 1317 1705 centena
1345 1663 1617 1719 quadragena
1636 1664 1753 1720 equi-

335 1729 396 1762 tes
436 1729 697 1776 acceperunt.
749 1721 913 1762 tresviri
954 1720 1236 1769 deduxerunt,
1279 1722 1328 1761 P.
1357 1720 1576 1761 Cornelius
1613 1720 1752 1776 Scipio

330 1777 501 1827 Nasica,
526 1779 574 1818 C.
599 1777 845 1827 Flaminius,
870 1778 921 1818 L.
945 1777 1133 1818 Manlius
1156 1777 1373 1818 Acidinus.
1430 1776 1565 1818 AEdes
1585 1777 1682 1818 duae
1703 1793 1753 1819 eo

334 1849 442 1876 anno
463 1834 668 1875 dedicatae
696 1843 817 1876 sunt:
851 1849 935 1875 una
956 1833 1130 1875 Veneris
1160 1833 1356 1888 Erycinae
1386 1834 1439 1874 ad
1469 1841 1633 1889 portam
1652 1833 1753 1875 Col-

334 1891 486 1932 linam:
520 1890 729 1932 dedicavit
758 1891 805 1931 L.
830 1890 1004 1932 Porcius
1036 1891 1086 1931 L.
1110 1891 1159 1931 F.
1185 1890 1360 1931 Licinus
1390 1890 1600 1931 duumvir.
1635 1890 1753 1943 (vota

335 1956 424 1989 erat
455 1947 508 1989 ab
538 1948 706 1988 consule
738 1948 788 1988 L.
814 1948 977 1998 Porcio,
1001 1947 1226 2003 Ligustino
1252 1947 1396 2002 bello.)
1428 1946 1572 1997 altera,
1594 1946 1637 1987 in
1662 1947 1756 1988 foro

333 2005 517 2053 olitorio,
545 2004 728 2045 Pietatis.
761 2018 850 2045 eam
879 2004 1011 2045 aedem
1042 2004 1251 2046 dedicavit
1284 2003 1358 2044 Μ’.
1382 2003 1546 2044 Acilius
1578 2003 1755 2045 Glabrio

122 2062 564 2108 Primaaura-duumvir;
610 2069 878 2117 statuamque
918 2069 1122 2110 auratam,
1156 2060 1292 2117 ¹⁰quae
1326 2061 1462 2117 prima
1489 2060 1677 2102 omnium
1713 2061 1755 2102 in

123 2117 156 2141 ²²
170 2116 284 2143 statua.
338 2121 464 2164 Italia
498 2127 640 2162 statua
669 2126 817 2162 aurata
846 2127 922 2168 est,
944 2118 1054 2175 patri
1078 2118 1296 2159 Glabrioni
1325 2117 1478 2175 posuit.
1538 2116 1569 2140 ¹¹
1581 2118 1624 2158 Is
1651 2127 1755 2166 erat,

336 2179 411 2235 qui
433 2178 520 2234 ipse
549 2190 641 2219 eam
664 2175 793 2216 aedem
826 2183 1012 2225 voverat,
1035 2190 1122 2232 quo
1143 2175 1211 2216 die
1231 2190 1327 2217 curn
1348 2190 1444 2230 rege
1468 2173 1680 2216 Antiocho
1700 2174 1754 2216 ad

876 2280 888 2297 ¹
904 2288 922 2307 a
938 2276 999 2307 del.
1017 2276 1116 2308 Gron.
1133 2277 1226 2309 Crev.

382 2376 429 2407 8*
442 2375 517 2409 Quae
537 2384 581 2404 res
605 2397 610 2403 .
628 2394 636 2401 .
654 2395 661 2403 .
677 2371 791 2412 eadem]
839 2369 957 2400 Eadem
981 2380 1028 2402 res
1071 2370 1175 2402 dixere
1197 2376 1326 2401 veteres.
1370 2370 1438 2401 Cic.
1453 2380 1507 2412 pro
1527 2368 1641 2404 Sextio,
1657 2380 1688 2400 n.
1705 2370 1758 2401 83.

341 2428 462 2460 magum
485 2415 565 2459 parti
593 2415 686 2446 saluti
712 2414 780 2449 fuit,
805 2423 873 2455 quae
898 2413 1027 2456 impedi·
1074 2413 1139 2444 Non
1164 2415 1274 2450 dubito,
1296 2415 1367 2454 quin
1390 2414 1547 2453 aliquando
1567 2419 1664 2442 statua
1689 2414 1758 2444 hui<-

341 2467 445 2491 mento
466 2460 565 2490 fuerat
590 2459 628 2489 ad
652 2467 800 2500 pugnam,
817 2466 927 2498 nempe
943 2455 1027 2497 quod
1073 2458 1102 2487 in
1117 2456 1189 2498 foro
1210 2462 1405 2487 statueretur:
1428 2455 1520 2487 ethis
1544 2455 1626 2485 Phil.
1648 2457 1708 2487 IX.
1723 2467 1754 2486 n.

342 2515 404 2535 non
427 2513 489 2534 uno
517 2501 638 2541 agmine
665 2501 843 2535 veniebant,
867 2509 923 2530 nec
946 2499 1029 2529 circa
1075 2499 1124 2537 16.
1153 2498 1261 2530 eadem
1290 2499 1444 2530 locutione
1469 2498 1575 2528 utitur.
1607 2499 1665 2529 'et
1692 2499 1758 2541 ipse

343 2547 432 2587 signa
447 2556 484 2576 ex
497 2544 661 2586 disciplina
684 2542 873 2584 conglobati,
889 2542 943 2573 sed
967 2541 1029 2572 dis·
1075 2541 1193 2576 Livius
1211 2542 1339 2573 XXIII.
1361 2542 1411 2572 19.
1439 2542 1543 2571 Statua
1567 2542 1628 2580 (gius
1651 2543 1760 2573 iudicio

345 2581 415 2628 iacti
431 2587 644 2630 dissipatique.
1064 2584 1146 2626 suit,
1165 2585 1307 2614 Pru-ueste
1322 2584 1428 2625 infor-0
1443 2589 1565 2614 statuta.

341 2625 347 2631 ³
386 2634 406 2663 9
432 2632 533 2662 Multa
555 2631 671 2660 castella
687 2628 882 2669 nmmgncwit]
918 2626 1030 2662 Nobis,
1120 2629 1155 2657 ll
1183 2627 1212 2657 Is
1233 2627 1312 2668 erat]
1359 2627 1452 2657 Refer
1476 2627 1509 2657 τὸ
1533 2629 1554 2656 is
1578 2626 1617 2657 ad
1640 2632 1757 2669 patrem

346 2681 380 2707 ut
403 2680 434 2706 et
458 2674 625 2708 Gronovio,
647 2672 782 2714 placeret
804 2671 903 2711 magis
924 2681 1034 2711 erpug-
1080 2669 1293 2705 Glabrionem,
1309 2669 1359 2700 cui
1381 2675 1483 2701 statua
1505 2668 1604 2712 posita
1627 2676 1683 2706 est,
1699 2680 1758 2700 non

347 2719 442 2749 'intrim
1079 2713 1119 2743 ad
1143 2712 1251 2747 filium,
1275 2712 1329 2752 qni
1356 2713 1469 2754 posuit.
1514 2712 1607 2749 Quod
1629 2719 1660 2744 et
1685 2713 1760 2742 satis

392 2761 431 2791 10
457 2760 530 2794 Quu-
552 2759 647 2798 prima
669 2757 797 2786 omnium
821 2776 829 2784 .
852 2776 860 2784 .
881 2776 889 2783 .
909 2776 917 2784 .
938 2761 1036 2784 statua.
1079 2760 1164 2795 patet
1181 2765 1218 2785 ex
1242 2755 1315 2797 ipsis
1333 2756 1410 2786 Livii
1426 2755 1535 2790 verbis,
1551 2760 1582 2785 et
1597 2755 1679 2786 clare
1695 2764 1760 2785 om-

345 2809 453 2835 nin-ata
478 2803 534 2843 est]
584 2799 776 2831 assentimur
804 2797 960 2828 Gronovio
988 2797 1031 2827 lc·
1075 2797 1146 2829 nino
1169 2798 1347 2839 exprimitur
1367 2809 1385 2829 a
1410 2799 1482 2829 Val.
1505 2798 1594 2829 MaX.
1618 2798 1639 2829 l.
1664 2799 1710 2830 11,
1732 2809 1761 2829 c.

347 2846 441 2885 genti,
470 2847 535 2884 q‘uoe
560 2845 652 2881 ‘prima
679 2843 806 2873 omnium
836 2846 947 2871 statuta
974 2852 1029 2869 an-
1075 2842 1106 2870 5.

348 2896 414 2919 ¹zara
444 2895 494 2917 est.
539 2888 671 2916 Sonuere
704 2891 829 2915 statuam
859 2882 1030 2923 frequenter
