1947 3222
162 264 253 297 U.C.
266 266 339 296 559.

162 307 202 337 Λ.
217 308 253 338 C.
269 308 339 340 193.

148 933 316 965 Masinissa

148 975 323 1017 adgreditur

145 1016 312 1059 Karthagi-

145 1062 272 1094 Dienses·

146 1726 255 1767 Legati
272 1727 341 1756 Poe-
353 1730 473 1775 gatos
493 1729 534 1762 et
555 1722 642 1776 ipse
665 1722 840 1761 Romam
864 1721 1023 1761 mittity.

144 1779 250 1800 norum
265 1774 295 1800 et

145 1812 181 1842 M
186 1821 318 1842 asinissae

378 147 452 185 186
897 147 1260 187 ¹1·1T1L1v11

372 269 468 295 rum.
530 255 673 297 Dilata
700 271 748 297 eo
777 256 844 297 die
874 272 937 297 res
966 265 1039 298 est.
1100 257 1260 307 Aristo,
1283 255 1442 297 Punico
1471 256 1636 312 ingenio
1664 256 1770 298 inter

371 312 522 352 Poenos
543 327 656 361 usus,
679 312 849 353 tabellas
869 313 1118 375 conscriptas
1146 312 1409 354 celeberrimo
1439 312 1528 353 loco
1557 327 1684 368 supra
1713 328 1772 353 se-

370 367 464 408 dem
494 368 816 433 quotidianam⁸
824 369 1162 424 magistratuum¹¹
1181 370 1314 424 prima
1342 384 1513 425 vespera
1542 368 1769 424 suspendit.

367 423 454 479 ipse
474 424 526 465 de
546 425 669 465 tertia
690 425 829 480 vigilia
848 440 994 465 navem
1016 425 1251 467 conscendit
1271 434 1312 467 et
1332 426 1533 488 profugit.
1597 427 1768 466 Postero

367 480 448 530 die,
470 495 599 536 quum
625 481 800 522 Suffetes
820 481 906 521 ad
892 496 964 536 Jus
984 480 1205 521 dicendum
1227 481 1517 531 consedissent,
1539 489 1768 537 conspectae

367 536 542 585 tabellae,
576 537 825 592 demtaeque,
859 544 899 577 et
932 537 1060 578 lectae.
1124 536 1332 593 Scriptum
1367 547 1469 587 erat,
1505 551 1767 578 ARISTONEM

366 607 587 633 PRIVATIM
629 607 690 632 AD
732 606 969 643 NEMINEM,
1012 607 1198 634 PUBLICE
1235 609 1295 634 AD
1337 607 1553 634 SENIORES
1591 594 1670 646 (ita
1709 609 1767 634 se-

364 657 507 690 natum
560 649 779 703 vocabant)
823 663 1050 689 MANDATA
1101 663 1331 691 HABUISSE.
1404 650 1649 691 ⁹Publicato
1692 650 1768 691 cri-

363 706 486 754 mine,
520 704 656 745 minus
683 705 842 746 intenta
871 705 922 746 de
955 706 1097 761 paucis
1130 707 1307 760 quaestio
1341 715 1440 747 erat.
1481 707 1591 748 mitti
1627 715 1764 748 tamen

362 761 517 816 legatos
548 761 740 811 Romam,
771 763 845 817 qui
880 777 966 802 rem
1002 762 1055 802 ad
1087 762 1273 802 consules
1302 771 1343 804 et
1372 762 1447 802 adx
1480 771 1665 805 senatum
1697 763 1767 803 de-

360 818 529 867 ferrent,
551 817 734 873 placuit,
767 818 888 859 simul
918 818 991 874 qui
1023 818 1074 859 de
1104 817 1267 873 injuriis
1295 818 1526 859 Masinissae
1545 834 1764 874 quereren-

362 881 442 915 tur.

416 931 571 971 LXII
605 930 825 972 Masinissa
856 940 1077 987 postquam
1118 939 1159 972 et
1195 931 1404 972 ¹⁰infames
1446 932 1764 988 Karthaginien-

358 1002 433 1037 ses,
456 995 496 1028 et
517 987 624 1029 inter
645 1003 686 1028 se
706 987 815 1043 ipsos
845 988 1053 1029 discordes
1074 988 1212 1038 sensit,
1234 988 1439 1051 principes
1469 996 1639 1044 propter
1668 1003 1762 1029 con-

358 1043 500 1099 loquia
521 1044 730 1086 Aristonis
751 1045 923 1094 senatui,
947 1053 1132 1085 senatum
1161 1053 1330 1100 propter
1350 1044 1547 1086 indicium
1576 1045 1761 1100 ejusdem

358 1100 567 1142 Aristonis
605 1101 761 1165 populo
810 1108 1073 1157 suspectum,
1126 1101 1262 1142 locum
1302 1101 1465 1156 injuriae
1505 1117 1590 1142 esse
1630 1109 1759 1151 ratus,

357 1172 504 1213 agrum
540 1157 792 1198 maritimum
825 1172 966 1198 eorum
1000 1166 1040 1198 et
1075 1157 1354 1213 depopulatus
1383 1166 1459 1206 est,
1490 1166 1530 1198 et
1561 1157 1762 1212 quasdam

357 1214 482 1254 urbes
521 1213 741 1268 vectigales
779 1213 1190 1269 Karthaginiensium
1226 1214 1303 1254 sibi
1339 1214 1473 1269 coegit
1509 1213 1759 1276 stipendium

357 1270 547 1325 pendere.
620 1270 820 1325 Emporia
848 1278 996 1311 vocant
1025 1285 1114 1310 eam
1146 1270 1365 1325 regionem.
1396 1286 1468 1310 ora
1502 1278 1562 1311 est
1594 1270 1762 1310 minoris

360 1326 507 1381 Syrtis,
529 1334 570 1367 et
598 1326 686 1381 agri
716 1327 878 1374 uberis;
914 1342 996 1367 una
1024 1326 1168 1367 civitas
1191 1328 1286 1389 ’ejus
1318 1327 1487 1381 Leptis:
1521 1341 1569 1366 ea
1599 1325 1762 1381 singula

356 1383 399 1423 in
433 1383 520 1423 dies
552 1382 706 1424 talenta
739 1383 917 1438 vectigal
954 1382 1370 1438 Karthaginiensibus
1403 1382 1531 1423 dedit.
1602 1360 1764 1423 nHanc

356 1447 447 1480 tum
477 1440 686 1494 regionem
717 1447 758 1480 et
789 1448 918 1480 totam
948 1440 1140 1480 infestam
1169 1440 1404 1488 Masinissa,
1427 1447 1468 1480 et
1498 1454 1548 1479 ex
1580 1439 1762 1494 quadam

355 1503 473 1550 parte
507 1496 648 1536 dubiae
680 1495 956 1558 possessionis,
994 1494 1056 1535 sui
1090 1496 1222 1550 regni,
1258 1510 1310 1536 an
1352 1480 1762 1550 Karthaginiensium

355 1561 475 1602 esset,
498 1552 697 1593 effecerat.
730 1560 770 1592 et
792 1567 891 1607 quia
911 1551 1033 1592 simul
1053 1551 1107 1592 ad
1133 1552 1354 1607 purganda
1373 1552 1557 1600 crimina,
1579 1559 1620 1592 et
1642 1566 1762 1606 ques-

356 1615 445 1649 tum
476 1608 528 1649 de
558 1624 599 1649 se
628 1609 804 1648 Romam
836 1623 904 1648 eos
933 1608 1066 1649 ituros
1095 1609 1317 1663 comperit:
1351 1607 1425 1663 qui
1455 1616 1496 1649 et
1526 1607 1597 1648 illa
1615 1622 1762 1648 onera-

354 1673 445 1706 rent
476 1664 792 1729 suspicionibus,
815 1673 854 1705 et
886 1664 938 1704 de
962 1665 1059 1728 Jure
1086 1664 1350 1719 vectigalium
1383 1664 1675 1720 disceptarent,
1706 1664 1761 1704 le-

1084 1720 1236 1761 Auditi
1257 1721 1309 1761 de
1335 1721 1469 1776 Tyrio
1498 1720 1657 1761 advena
1676 1720 1760 1776 pri-

355 1793 470 1818 mum
517 1777 884 1832 Karthaginienses
928 1792 1069 1817 curam
1109 1777 1283 1832 injecere
1320 1777 1533 1826 Patribus,
1573 1791 1623 1817 ne
1663 1792 1758 1817 cum

146 1854 278 1885 Romam
292 1864 342 1886 ve
356 1834 567 1875 Antiocho
588 1833 711 1874 simul
739 1841 779 1874 et
809 1833 947 1874 Poenis
970 1833 1211 1874 bellandum
1238 1841 1355 1874 esset.
1388 1833 1566 1873 maxime
1595 1848 1644 1873 ea
1673 1848 1762 1873 sus-

147 1895 244 1928 niunt.

354 1890 461 1955 picio
490 1890 644 1931 crimen
672 1890 893 1945 urguebat,
916 1889 1045 1945 quod,
1067 1904 1189 1945 quem
1212 1889 1553 1945 comprehensum
1579 1889 1756 1930 Romam

354 1947 462 1988 mitti
495 1947 732 2003 placuisset,
766 1962 838 1987 nec
875 1961 1025 2010 ipsum,
1058 1961 1132 1986 nec
1164 1961 1310 1986 navem
1346 1946 1435 2001 ejus
1470 1946 1756 1986 custodissent.

354 2004 420 2043 De
440 2018 540 2066 agro
561 2003 710 2044 deinde
731 2018 823 2043 cum
846 2003 954 2058 regis
984 2003 1131 2058 legatis
1154 2002 1373 2058 disceptali
1395 2010 1591 2058 coeptum.
1653 2002 1760 2042 Kar-

353 2059 630 2124 thaginienses
656 2060 753 2115 jure
784 2059 931 2100 finium
964 2074 1149 2100 caussam
1186 2059 1461 2105 tutabantur;
1506 2060 1611 2113 quod
1644 2060 1757 2099 intra

351 2131 416 2157 eos
444 2117 630 2157 terminos
659 2123 768 2165 esset,
803 2116 942 2170 quibus
974 2117 1022 2157 P.
1048 2116 1184 2169 Scipio
1213 2116 1335 2156 victor
1368 2130 1527 2169 agrum,
1559 2116 1630 2170 qui
1643 2114 1759 2170 juris

351 2180 449 2215 ess-et
484 2174 903 2227 Karthaginiensium,
920 2174 1107 2227 finisset:
1149 2180 1190 2214 et
1219 2172 1470 2213 confessione
1499 2172 1629 2228 regis:
1672 2172 1756 2225 qui,

351 2245 470 2284 quum
500 2231 691 2284 Aphirem
715 2231 931 2285 prqucgum
963 2245 1011 2270 ex
1041 2243 1164 2284 regno
1191 2243 1273 2278 suo,
1302 2244 1385 2269 cum
1407 2235 1533 2283 parte
1559 2229 1755 2270 Numida-

499 2332 514 2349 ὓ
529 2330 714 2371 magistratus
731 2329 828 2361 Gron.
926 2332 943 2350 Χ
960 2331 998 2359 ad
1012 2329 1072 2359 del.
1090 2329 1186 2360 Gron.
1203 2328 1295 2360 Crev.
1395 2331 1412 2356 Υ
1427 2328 1501 2357 misit
1518 2326 1606 2358 Eaed.

394 2416 412 2444 3
438 2414 686 2456 Magistratuum]
722 2415 844 2456 Nempe
867 2413 1030 2450 Suffetum‚

351 2456 406 2505 qui
425 2456 504 2488 infra
526 2458 730 2500 appellantur.
776 2458 852 2487 llaec
874 2463 920 2488 est
943 2457 1031 2488 lectio

351 2500 529 2541 scriptorum
574 2506 605 2531 et
640 2507 713 2531 vett.
748 2499 908 2536 editorum,
954 2505 1031 2531 teste

352 2542 518 2574 (ironovio.
551 2542 809 2573 Consentitxict.
829 2542 937 2573 codex.
967 2543 1030 2572 Re-

350 2585 500 2616 centiores
525 2585 600 2617 editi
630 2586 712 2616 male
739 2585 941 2627 praeferebant
969 2597 1027 2614 ma-

347 2630 500 2669 gistratus.

393 2672 412 2701 (1
438 2671 589 2701 Publicalo
603 2671 737 2710 crimine]
765 2672 869 2706 Quum
884 2680 920 2699 ex
946 2670 1030 2700 Aris-

351 2714 429 2743 tonis
452 2713 563 2745 indicio
586 2713 773 2755 suspiciones
791 2712 856 2753 jam
879 2718 909 2742 et
931 2712 1030 2743 crimi-

352 2757 490 2787 nationes
519 2756 548 2787 in
584 2761 679 2786 totum
707 2755 906 2786 communiter
940 2765 1028 2785 sena-

351 2803 425 2833 tum,
455 2810 513 2829 non
542 2799 571 2829 in
597 2799 747 2841 privatum
773 2807 958 2840 quemqnam
985 2808 1027 2827 ic-

349 2841 494 2872 culmem.

398 2885 431 2912 10
466 2883 606 2925 Infantes]
661 2886 824 2926 suspectos
873 2883 1029 2915 Romanis,

1075 2420 1222 2454 tanquam
1237 2411 1405 2444 rebellandi
1419 2410 1545 2442 consilia
1562 2409 1722 2451 agitantes.

1122 2456 1284 2487 11⁶}Iauc
1307 2462 1368 2485 tum
1390 2454 1550 2496 regionem]
1576 2454 1666 2484 llanc
1689 2459 1754 2484 tum

1075 2499 1229 2540 regionem
1264 2504 1295 2529 et
1331 2502 1425 2528 totam
1462 2496 1573 2527 fecerat
1611 2496 1752 2527 infestam

1076 2540 1234 2576 vastando,
1263 2540 1398 2577 urend03
1433 2545 1464 2570 et
1493 2539 1604 2570 fecerat
1631 2549 1754 2580 quoque

1074 2591 1107 2615 ut
1122 2584 1229 2615 eadem
1244 2583 1326 2623 regio
1349 2581 1483 2632 quadam
1506 2592 1543 2611 ex
1566 2587 1652 2622 parte
1674 2588 1754 2612 esset

1074 2627 1175 2658 dubiae
1205 2635 1410 2672 possessanS.
1441 2626 1651 2665 incertumque
1675 2630 1755 2655 esset

1076 2668 1274 2700 Numidicine
1298 2678 1381 2708 regni
1403 2666 1457 2698 illa
1472 2676 1542 2708 pars
1563 2677 1601 2696 an
1622 2666 1753 2697 Cartha-

1074 2711 1255 2751 giniensium
1270 2716 1366 2741 esset:
1391 2710 1462 2751 quia
1486 2719 1594 2751 nempe
1609 2709 1751 2750 quaedam

1073 2755 1103 2785 in
1119 2764 1154 2785 ea
1169 2753 1289 2793 regione
1313 2753 1379 2783 loca
1403 2751 1588 2794 possidebat,
1604 2761 1674 2792 quae
1696 2761 1751 2782 sua

1072 2807 1137 2828 csse
1173 2795 1378 2828 contenderet.
1414 2794 1684 2835 Carthaginienses
1720 2799 1753 2824 ut

1072 2851 1107 2870 ex
1124 2850 1154 2871 se
1170 2839 1279 2881 injuste
1294 2844 1385 2880 capta
1402 2843 1582 2880 repeterent.
