1947 3222
518 153 641 190 LIB.
670 151 887 189 xxxvu.
929 152 1008 187 CA
1024 153 1065 188 Ρ.
1093 152 1162 188 LI.
1476 157 1546 192 321

136 259 267 301 Italia
290 262 484 302 excedere.
548 264 597 302 A.
624 261 849 302 Terentius
873 260 1007 301 Varro
1037 260 1091 300 ad
1121 261 1441 303 custodiendum
1468 264 1548 305 iter
1562 273 1601 304 U.
1617 273 1735 305 (3.563.

138 332 281 359 eorum
317 319 480 369 missus,
515 318 912 373 denunciatumque,
946 317 992 358 Si
1023 331 1102 371 qua
1136 318 1281 357 deinde
1314 321 1468 374 legatio
1500 335 1548 361 ex
1562 316 1598 346 A.
1613 317 1651 349 C.
1670 318 1738 348 189.

138 374 308 427 AEtolis,
329 377 412 416 nisi
427 376 621 427 permissu
642 376 914 427 imperatoris,
931 375 1003 428 qui
1023 388 1108 414 eam
1123 375 1374 426 provinciam
1395 377 1546 418 obtine-

137 438 213 481 ret,
236 440 273 473 et
293 447 376 473 cum
398 433 533 487 legato
554 433 755 482 Romarm,
779 433 947 473 venisset
968 432 1152 479 Romam,
1170 446 1250 484 pro
1269 432 1445 474 hostibus
1465 450 1544 476 om-

138 489 390 541 nesficturos.
453 489 521 530 Ita
542 489 699 530 dimissi
724 489 874 530 AEtoli.

196 547 246 586 L.
279 547 344 587 De
371 545 592 601 provinciis
623 546 772 588 deinde
803 546 990 587 consules
1019 546 1276 587 retulerunt:
1311 546 1447 587 sortiri
1478 564 1546 590 eos

137 602 340 643 AEtoliam
361 611 402 643 et
424 602 569 643 Asiam
590 603 761 659 placuit.
793 604 868 659 qui
893 603 1034 644 Asiam
1058 604 1230 644 sortitus
1250 616 1370 653 esset,
1393 605 1546 645 exerci'-
1559 618 1743 650 Consulares

136 669 204 700 tus
225 660 276 709 ei,
298 674 424 715 quem
447 658 496 699 L.
524 659 660 716 Scipio
682 660 868 710 haberet,
891 669 952 701 est
974 660 1179 710 decretus,
1202 668 1242 701 et
1270 659 1313 700 in
1334 675 1428 701 eum
1451 676 1547 717 sup-
1557 661 1717 692 exercitus.

134 716 392 772 plementum
427 724 610 771 quatuor
645 717 775 758 millia
809 717 999 772 peditum
1039 717 1339 766 Romanorum,
1376 717 1546 759 ducenti

133 788 182 829 eq
191 773 311 822 uites,
334 781 375 814 et
397 773 600 814 sociorum
622 789 668 815 ac
692 773 833 815 Latini
855 774 1031 815 nominis
1057 782 1151 815 octo
1180 773 1310 814 millia
1338 774 1545 829 peditum,

132 838 175 871 et
196 829 492 886 quadringenti
515 832 699 886 equites:
732 831 796 872 his
817 831 945 886 copiis
965 839 1014 872 ut
1040 831 1198 872 bellum
1220 846 1314 872 cum
1338 831 1546 873 Antiocho

129 895 307 942 gereret.
369 887 505 928 Alteri
536 888 695 929 consuli
724 888 947 937 exercitus,
979 888 1053 943 qui
1086 896 1173 929 erat
1203 887 1245 928 in
1280 887 1452 939 AEtolia,
1484 897 1546 931 est

132 943 350 992 decretus3
384 952 440 994 et,
455 952 503 985 ut
526 944 861 1001 supplementum
885 944 1094 995 scriberet,
1111 944 1374 1000 permissum,
1391 945 1546 987 civium

130 1001 422 1057 sociorumque
453 1001 646 1042 eumdem
676 1016 912 1051 numerum,
934 1017 1061 1057 quem
1092 1001 1261 1057 collega.
1293 1016 1418 1042 naves
1443 1018 1546 1058 quo-

130 1073 216 1113 que
235 1057 347 1098 idem
368 1058 525 1108 consul,
547 1074 644 1114 quae
664 1059 801 1114 priore
822 1073 930 1099 anno
950 1066 1108 1114 paratae
1130 1066 1261 1108 erant,
1282 1073 1428 1100 ornare
1453 1060 1545 1115 jus-

127 1130 218 1165 suS,
240 1130 287 1155 ac
307 1114 459 1155 ducere
480 1130 635 1156 secum:
668 1131 742 1156 nec
763 1131 858 1156 cum
880 1114 1033 1155 AEtolis
1055 1115 1188 1155 solum
1208 1115 1366 1155 bellum
1387 1131 1543 1171 gerere,

130 1171 205 1212 sed
235 1171 359 1212 etiam
388 1170 430 1212 in
464 1172 775 1227 Cephalleniam
804 1172 984 1213 insulam
1015 1171 1215 1227 trajicere.
1289 1172 1545 1214 Mandatum

124 1228 281 1276 eidem,
313 1235 396 1278 utu,
419 1227 452 1268 si
482 1243 557 1284 per
587 1229 852 1270 commodum
882 1228 1124 1284 reipublicae
1153 1229 1287 1269 facere
1318 1237 1473 1285 posset,
1496 1238 1544 1271 ut

129 1285 186 1326 ad
206 1285 374 1326 comitia
399 1285 577 1325 Romam
608 1285 772 1327 rediret.
805 1301 915 1337 nam,
937 1294 1220 1342 praeterquam
1250 1286 1367 1342 quod
1396 1286 1547 1342 magis-

121 1350 267 1383 tratus
302 1341 429 1382 annui
465 1342 720 1398 subrogandi
760 1351 909 1393 essent,
947 1358 1132 1383 censores
1173 1358 1343 1399 quoque
1383 1343 1545 1399 placere

131 1398 272 1440 creari.
306 1399 339 1439 si
361 1414 446 1454 qua
465 1414 529 1439 res
550 1414 645 1439 eum
667 1408 840 1450 teneret,
864 1408 1053 1441 senatum
1074 1399 1289 1440 certiorem
1310 1400 1480 1451 faceret,
1503 1417 1544 1442 se

129 1456 186 1497 ad
220 1455 483 1497 comitiorum
521 1464 686 1512 tempus
720 1457 941 1497 obcurrere
976 1472 1058 1497 non
1093 1471 1223 1512 posse.
1284 1456 1443 1499 AEtolia
1478 1457 1542 1499 M.
1557 1470 1737 1501 Provineiae.

132 1512 300 1562 Fulvio,
324 1513 425 1553 Asia
447 1514 522 1553 Cn.
543 1513 702 1553 Manlio
724 1522 832 1554 sorte
853 1514 1002 1555 evenit.
1065 1515 1271 1554 Praetores
1292 1514 1443 1555 deinde
1459 1530 1543 1556 sor-

128 1570 198 1611 titi
230 1578 342 1619 sunt,
368 1570 437 1625 Sp.
462 1569 703 1610 Postumius
734 1570 912 1611 Albinus
942 1570 1144 1611 urbanam
1165 1579 1205 1611 et
1226 1570 1335 1612 inter
1361 1573 1543 1627 peregri-

128 1642 217 1676 nos,
242 1625 306 1667 M.
332 1627 600 1682 Sempronius
632 1627 875 1668 Tuditanus
908 1627 1102 1676 Siciliam,
1137 1628 1185 1677 Q.
1210 1628 1368 1668 Fabius
1399 1629 1542 1669 Pictor

128 1683 279 1724 flamen
311 1683 538 1733 Quirinalis
570 1683 816 1734 Sardiniam,
840 1685 888 1734 Q.
908 1684 1066 1725 Fabius
1098 1684 1241 1725 Labeo
1271 1684 1455 1734 classem,
1490 1685 1538 1726 L.

130 1740 326 1782 Plautius
357 1741 571 1796 Hypsaeus
594 1740 843 1797 Hispaniam
874 1739 1119 1790 citeriorem,
1143 1741 1194 1781 L.
1218 1741 1388 1782 Baebius
1410 1743 1540 1784 Dives

128 1797 379 1854 Hispaniam
399 1797 650 1838 ulteriorem.
715 1797 864 1839 Siciliae
894 1797 1002 1853 legio
1032 1813 1120 1839 uno
1137 1806 1178 1839 et
1204 1798 1355 1847 classis,
1379 1814 1476 1854 quae
1497 1800 1539 1840 in

126 1870 175 1895 ea
193 1854 407 1911 provincia
427 1861 529 1904 erat,
552 1854 742 1903 decreta;
776 1863 817 1896 et
839 1863 886 1896 ut
908 1855 1013 1896 duas
1034 1854 1229 1896 decumas
1244 1855 1445 1897 frumenti
1466 1872 1539 1897 no-

124 1926 204 1952 vus
227 1919 382 1967 praetor
402 1911 624 1967 imperaret
648 1911 810 1961 Siculis,
832 1927 975 1953 earum
996 1912 1168 1953 alteram
1189 1911 1231 1953 in
1253 1912 1414 1962 Asiam,
1437 1913 1538 1955 alte-

124 1983 214 2009 ram
234 1969 278 2009 in
300 1967 503 2009 AEtoliam
530 1969 726 2010 mitteret.
790 1969 909 2010 Idem
940 1969 992 2010 ab
1017 1969 1157 2009 Sardis
1178 1968 1304 2024 exigi,
1326 1978 1454 2026 atque
1484 1972 1539 2012 ad

124 2024 290 2065 eosdem
311 2025 518 2066 exercitus
539 2024 584 2066 id
603 2025 877 2075 frumentum,
895 2025 949 2066 ad
970 2041 1076 2081 quos
1100 2026 1302 2075 Siculum,
1325 2026 1536 2082 deportari

120 2082 299 2138 jussum.
375 2081 425 2122 L.
450 2082 596 2122 Baebio
638 2082 973 2138 supplementum
1015 2083 1058 2123 in
1100 2082 1348 2138 Hispaniam
1388 2083 1536 2126 datum

124 2139 236 2179 mille
267 2138 445 2180 Romani
476 2138 651 2194 pedites,
683 2139 844 2195 equites
873 2138 1195 2195 quinquaginta,
1227 2147 1268 2180 et
1300 2155 1368 2180 sex
1405 2140 1535 2182 millia

123 2195 315 2261 peditum
339 2195 480 2237 Latini
500 2195 691 2246 nominis,
713 2196 904 2237 ducenti⁰
919 2196 1092 2252 equites.
1154 2195 1322 2237 Plautio
1345 2197 1534 2253 Hypsaeo

121 2267 166 2293 1n
202 2253 450 2307 Hispaniam
488 2251 718 2294 citeriorem
753 2253 865 2294 mille
899 2252 1077 2294 Romani
1110 2252 1197 2293 dati
1231 2261 1328 2294 sunt
1355 2254 1532 2310 pedites,

123 2308 208 2350 duo
237 2309 368 2350 millia
397 2309 555 2350 socium
587 2308 728 2350 Latini
757 2309 948 2360 nominis,
970 2318 1011 2351 et
1038 2309 1208 2350 ducenti
1233 2310 1405 2365 equites.
1438 2326 1532 2352 cum

123 2364 188 2406 his
218 2366 517 2422 supplementis
537 2374 585 2407 ut
616 2366 800 2422 singulas
830 2367 1012 2422 legiones
1041 2366 1138 2407 duae
1160 2367 1378 2422 Hispaniae
1408 2367 1531 2409 habe-

125 2430 227 2463 rent.
288 2423 444 2465 Prioris
475 2423 570 2464 anni
602 2423 930 2478 magistratibus,
961 2424 1008 2464 C.
1025 2422 1156 2464 Laelio
1187 2438 1282 2464 cum
1313 2439 1388 2464 suo
1418 2439 1533 2465 exer-

124 2476 211 2518 citu
240 2489 511 2536 prorogatum
540 2480 581 2521 in
603 2495 755 2522 annum
779 2479 999 2535 imperium
1020 2488 1093 2521 est.
1125 2489 1397 2535 prorogatum
1419 2489 1458 2522 et
1483 2482 1528 2521 P.

126 2534 258 2575 «Iunio
285 2537 532 2593 propraetori
559 2536 599 2578 in
633 2537 808 2578 Etruria
837 2552 931 2577 cum
962 2552 1010 2577 eo
1040 2536 1240 2586 exercitu,
1263 2537 1337 2592 qui
1363 2537 1406 2578 in
1436 2553 1531 2593 pro-

125 2590 262 2631 vincia
308 2602 437 2642 esset3
489 2602 530 2636 et
577 2593 639 2634 M.
680 2594 841 2634 Tuccio
878 2593 1150 2649 propraetorip
1187 2593 1231 2634 in
1273 2594 1451 2635 Bruttiis
1490 2601 1531 2634 et

128 2646 299 2702 Apulia.

185 2703 262 2743 LI.
296 2704 547 2761 Priusquam
581 2708 626 2749 in
661 2707 894 2764 provincias
933 2715 1133 2763 praetores
1167 2707 1290 2757 irent,
1326 2714 1531 2747 certamen
1545 2721 1710 2752 Certamen

123 2759 233 2800 inter
265 2760 312 2800 P.
336 2760 543 2805 Licimum
573 2764 812 2821 pontificem
842 2764 1071 2806 maximum
1104 2763 1186 2805 fuit
1217 2772 1257 2804 et
1281 2764 1328 2812 Q.
1354 2763 1532 2804 Fabium
1546 2770 1624 2838 113¹}ss
1640 2765 1733 2837 &Bkt-¹

1551 2854 1695 2887 Quirina-

296 2902 311 2919 ¹¹
328 2906 361 2930 ut
377 2899 439 2931 del.
456 2901 541 2933 Eaed.
681 2907 697 2924 0
711 2910 738 2933 et
752 2901 872 2935 'ducenti
889 2904 976 2936 Eaed.
1114 2908 1131 2933 P
1146 2904 1265 2942 praeemw'
1283 2902 1368 2934 Eaed.
1550 2894 1621 2923 lem·

189 2956 281 2982 ΥΟΕ.
308 2956 374 2982 111.
818 2960 845 2985 Υ
