1947 3222
155 645 271 677 Pheras

154 694 284 730 utraque
297 700 350 720 ex-

153 731 267 763 ercitus
278 743 330 765 ve-

154 773 209 805 nit.

375 133 423 173 9⁶2
889 132 1034 188 ΔΤΙΤι
1086 131 1260 169 L1v11

332 270 340 279 .
373 244 430 287 et,
461 235 494 278 si
526 237 696 280 evulsus
734 238 842 281 forte
876 249 936 282 est
973 255 1096 290 unus,
1127 255 1201 281 nec
1232 240 1309 282 loci
1340 239 1519 281 multum
1555 238 1700 294 aperit,
1732 247 1771 279 et

333 312 342 322 ·
373 293 489 334 aliud
509 308 705 350 reponere
726 296 921 351 perfacile
940 305 1014 338 est.

432 350 507 391 VI.
539 351 764 394 Quinctius
794 361 959 408 postero
987 353 1069 403 die,
1091 353 1246 394 vallum
1277 368 1413 394 secum
1441 352 1598 393 ferente
1626 351 1772 402 milite,

374 413 422 448 ut
441 415 612 462 paratus
631 408 742 449 omni
772 408 862 449 loco
881 410 1025 450 castris
1054 409 1257 464 ponendis
1285 418 1404 459 esset,
1426 423 1668 465 progressus
1688 423 1774 449 mo-

372 462 513 504 dicum
547 463 641 514 iter,
673 480 743 505 sex
774 464 904 505 ferme
939 465 1069 505 millia
1102 481 1127 506 a
1162 466 1308 506 Pheris
1342 481 1474 521 quum
1509 464 1772 515 consedisset,

372 519 645 574 speculatum,
667 520 709 560 in
730 536 814 575 qua
840 528 958 576 parte
981 521 1210 563 Thessaliae
1237 521 1366 563 hostis
1386 530 1505 572 esset,
1528 521 1683 577 quidve
1703 536 1775 576 pa-

370 583 496 625 raret,
518 576 640 616 misit.
704 577 824 617 Circa
845 577 1055 618 Larissam
1084 587 1172 620 erat
1202 594 1290 629 rex,
1312 577 1384 634 qui
1405 578 1554 619 certior
1578 579 1666 633 jam
1690 578 1774 618 fac-

372 638 455 682 tus,
484 633 721 673 Romanum
751 633 803 674 ab
832 633 991 675 Thebis
1022 634 1178 675 Pheras
1206 635 1396 684 movisse,
1424 635 1599 689 defungi
1629 649 1774 689 quam-

371 688 552 743 primum
582 697 623 729 et
651 689 741 745 ipse
767 691 988 730 certamine
1018 691 1201 746 cupiens,
1227 691 1377 732 ducere
1407 691 1456 732 ad
1489 691 1650 732 hostem
1679 706 1773 746 per-

369 744 447 799 git,
478 753 519 785 et
549 753 732 800 quatuor
765 745 894 786 millia
926 746 1012 787 fere
1046 762 1071 787 a
1106 747 1253 788 Pheris
1286 747 1425 802 posuit
1460 755 1603 788 castra.
1667 747 1772 788 Inde

369 808 534 856 postero
564 801 631 842 die
661 817 794 857 quum
824 802 1008 859 expediti
1038 803 1252 859 utrimque
1275 803 1329 844 ad
1356 803 1616 859 occupandos
1646 819 1771 859 super

367 857 513 898 urbem
535 858 720 899 tumulos
740 859 1044 914 processissent,
1065 860 1155 916 pari
1175 861 1304 901 ferme
1324 859 1541 900 intervallo
1570 861 1622 901 ab
1647 860 1768 916 jugo,

367 914 483 968 quod
522 914 769 970 capiendum
818 924 920 967 erat,
961 932 1094 971 quum
1134 917 1241 958 inter
1280 932 1322 957 se
1361 915 1568 971 conspecti
1617 926 1765 966 essent,

366 969 401 994 ²²
413 971 714 1019 constiterunt3
756 972 928 1013 nuncios
957 972 1000 1013 in
1029 982 1164 1014 castra
1189 973 1392 1023 remissos,
1424 972 1513 1028 qui,
1544 971 1647 1028 quid
1677 972 1769 1022 sibi,

366 1041 499 1082 quum
518 1035 671 1083 praeter
701 1043 816 1085 spem
835 1029 965 1070 hostis
994 1029 1258 1080 obcurrisset,
1279 1029 1514 1070 faciendum
1535 1036 1654 1079 esset,
1676 1044 1771 1070 con-

366 1083 563 1134 sulerent,
584 1085 714 1140 quieti
735 1086 1006 1141 opperientes.
1062 1087 1122 1127 Et
1142 1086 1214 1127 illo
1235 1086 1405 1142 quidem
1425 1085 1507 1135 die,
1529 1085 1644 1126 nullo
1663 1085 1768 1127 inito

365 1141 602 1191 certamine,
619 1142 662 1182 in
683 1150 816 1182 castra
835 1140 1015 1184 revoca'ti
1036 1151 1144 1184 sunt.
1197 1144 1370 1184 Postero
1390 1142 1456 1184 die
1477 1142 1583 1183 eirca
1603 1141 1767 1182 eosdem

365 1197 549 1238 tumulos
570 1206 761 1254 equestre
781 1199 975 1254 proelium
996 1199 1102 1240 fuit:
1134 1200 1177 1240 in
1198 1215 1284 1255 quo
1304 1199 1424 1240 ²3non
1439 1198 1677 1239 minimumh
1692 1199 1768 1238 AE-

364 1252 545 1294 tolorum
575 1270 701 1310 opera
729 1255 831 1311 regii
861 1256 1011 1311 fugati,
1034 1263 1160 1311 atque
1186 1255 1229 1296 in
1259 1264 1394 1297 castra
1422 1255 1623 1311 compulsi
1652 1263 1760 1295 sunt.

366 1308 574 1365 Magnum
590 1311 779 1367 utrisque
799 1312 1126 1368 inpedimentum
1147 1312 1201 1353 ad
1221 1327 1306 1353 rem
1323 1312 1545 1368 gerendam
1565 1311 1647 1352 fuit
1668 1326 1766 1366 ager

363 1367 546 1408 consitus
565 1368 718 1409 crebris
745 1368 977 1418 arboribus,
999 1368 1208 1424 hortique,
1230 1377 1279 1410 ut
1303 1369 1344 1409 in
1373 1367 1621 1410 suburbanis
1648 1367 1762 1417 locis,

360 1431 402 1463 et
432 1432 616 1465 coartata
643 1425 793 1465 itinera
820 1425 1019 1475 maceriis,
1048 1433 1089 1466 et
1119 1425 1370 1481 quibusdam
1400 1425 1499 1466 locis
1527 1423 1761 1465 interclusa.

363 1479 515 1535 Itaque
535 1480 690 1536 pariter
716 1481 894 1523 ducibus
924 1481 1139 1522 consilium
1162 1482 1245 1522 fuit
1266 1481 1490 1523 excedendi
1511 1496 1560 1521 ea
1580 1480 1761 1535 regione,

357 1543 413 1586 et,
431 1536 546 1578 velut
562 1552 613 1578 ex
633 1537 847 1592 praedicto,
865 1538 987 1579 ambo
1005 1539 1240 1579 Scotussam
1255 1538 1465 1594 petierunt
1480 1554 1490 1584 3
1525 1537 1761 1592 Philippus,

357 1607 428 1648 spe
444 1593 726 1634 frumentandi
742 1594 863 1642 inde;
893 1596 1120 1642 Romanus,
1139 1602 1187 1635 ut
1202 1609 1456 1650 praegressus
1471 1601 1760 1649 conrumperet

355 1648 465 1690 hosti
494 1649 715 1691 frumenta.
778 1652 859 1691 Per
888 1651 998 1691 diem
1028 1659 1179 1700 totum,
1201 1651 1301 1706 quia
1324 1651 1446 1692 colles
1465 1657 1669 1706 perpetuo
1691 1650 1762 1705 ju-

354 1720 410 1759 go
439 1706 679 1753 intererant,
700 1706 815 1747 nullo
845 1716 1062 1762 conspecta
1091 1707 1198 1748 inter
1228 1723 1269 1748 se
1296 1708 1386 1748 loco
1415 1706 1580 1761 agmina
1608 1707 1758 1747 ierunt.

356 1762 536 1802 Romani
565 1762 619 1803 ad
647 1763 856 1804 Eretriam
879 1763 1106 1804 Phthiotici
1136 1763 1240 1818 agri,
1270 1764 1491 1819 Philippus
1521 1778 1646 1818 super
1675 1777 1760 1802 am-

354 1833 448 1859 nem
485 1819 740 1861 Onchestum
779 1820 918 1875 posuit
959 1828 1104 1861 castra.
1165 1821 1229 1860 Ne
1263 1827 1429 1876 postero
1468 1819 1638 1875 quidem
1674 1819 1756 1868 die,

354 1889 488 1930 quum
525 1875 748 1931 Philippus
779 1876 833 1917 ad
875 1876 1165 1926 Melambium,
1202 1877 1316 1932 quod
1352 1884 1500 1917 vocant
1538 1875 1757 1916 Scotussaei

353 1931 458 1986 agri,
481 1930 706 1979 Quinctius
736 1932 843 1974 circa
872 1934 911 1973 T
915 1933 1119 1974 hetidium
1151 1933 1374 1974 Pharsaliae
1405 1942 1525 1974 terrae
1554 1931 1758 1987 posuisset

354 1995 501 2038 castra,
523 1996 597 2030 aut
617 1988 676 2039 hi,
697 1997 771 2030 aut
792 1989 865 2039 illi,
887 1990 959 2030 ubi
980 1990 1110 2031 hostis
1139 1998 1258 2040 esset,
1282 1991 1379 2031 satis
1409 1996 1667 2044 compertum
1686 1988 1759 2028 ha»

353 2043 548 2086 buerunt.
610 2046 758 2087 Tertio
787 2046 853 2086 die
883 2047 1017 2102 primo
1046 2046 1079 2070 ²⁴¹
1093 2047 1258 2088 nimbus
1290 2046 1460 2095 effusus,
1496 2044 1590 2086 (lein
1625 2044 1758 2101 caligo

353 2101 484 2142 noctis
505 2101 710 2142 simillima
732 2104 941 2144 Romanos
963 2111 1076 2144 metu
1097 2103 1339 2144 insidiarum
1362 2103 1511 2144 tenuitc

411 2158 512 2198 VII.
548 2158 768 2214 Philippus
807 2159 1043 2201 maturandi
1083 2159 1239 2201 itineris
1269 2175 1426 2209 caussa,
1456 2166 1550 2215 post
1579 2158 1754 2198 imbrem

351 2212 579 2256 ”nubibus
613 2215 656 2255 in
691 2223 841 2257 terram
878 2216 1065 2257 demissis
1098 2216 1203 2257 nihil
1234 2216 1472 2265 deterritus,
1506 2214 1623 2270 signa
1656 2214 1754 2255 ferri

343 2270 483 2325 jussit.
525 2271 597 2312 sed
626 2280 711 2313 tam
741 2272 868 2314 densa
900 2272 1033 2328 caligo
1066 2273 1346 2314 obcaecaverat
1379 2272 1501 2320 diem,
1539 2279 1586 2312 ut
1619 2285 1754 2326 neque

907 2337 923 2362 h
938 2340 1059 2369 minima
1074 2339 1154 2370 Ead.

393 2396 434 2427 22
460 2397 676 2437 Constiterant]
722 2396 907 2428 Emendatio
935 2398 1030 2434 Quae-
1116 2398 1157 2428 23
1185 2396 1252 2426 Nan
1279 2396 1431 2425 minimum
1460 2395 1623 2425 AElolorum
1650 2393 1757 2433 rqiero]

352 2438 448 2479 rengi.
480 2439 552 2469 MS.
579 2439 686 2470 habuit
711 2442 942 2471 conslituerimt:
980 2440 1031 2470 ubi
1076 2440 1143 2470 Non
1166 2441 1328 2473 minimum,
1352 2437 1384 2468 id
1409 2443 1465 2473 est,
1489 2446 1662 2482 magnanex.
1684 2446 1753 2477 par-

351 2481 486 2523 suppleri
507 2487 625 2523 poterat
646 2485 740 2524 signa.
784 2483 834 2513 Sic
851 2483 872 2513 l.
888 2483 1030 2514 XXVII.
1075 2488 1116 2518 te,
1154 2481 1300 2513 maxime.
1352 2480 1526 2511 Gronovius
1560 2479 1621 2519 legi
1649 2479 1751 2519 jubet,

352 2535 380 2555 c.
413 2524 461 2555 16.
493 2535 596 2566 supra,
628 2525 802 2556 Gronovius
837 2535 874 2555 ex
910 2526 1032 2567 optimis
1076 2531 1169 2566 atque
1191 2523 1283 2554 etiam
1306 2521 1412 2558 edidit,
1436 2535 1493 2553 uon
1514 2523 1644 2552 minima.
1688 2520 1749 2551 Sed

352 2567 447 2598 MSS.
470 2567 566 2598 edidit
580 2579 634 2607 quo
646 2571 833 2599 constituerat
857 2569 925 2602 loco.
943 2578 1026 2598 nem·
1070 2567 1150 2598 hanc
1187 2565 1433 2597 emendationem
1465 2574 1572 2607 parum
1610 2573 1750 2595 necessa·

352 2620 391 2651 pe
408 2619 531 2648 agmen.
573 2609 612 2640 Id
635 2615 736 2641 tamen
752 2611 808 2641 hoc
823 2610 891 2641 loco
905 2610 1028 2641 dubita·
1071 2611 1147 2641 riam
1164 2609 1336 2649 rejecimus.
1661 2647 1667 2652 ·

352 2651 466 2683 tionem
493 2652 626 2693 aliquam
656 2663 777 2684 movere
806 2658 916 2694 potest,
945 2653 1028 2694 quod
1113 2654 1154 2683 24
1184 2652 1307 2682 Nimbus
1334 2649 1457 2692 effusus]
1497 2649 1632 2680 linbrem
1660 2647 1751 2679 intel·

352 2695 433 2726 infra
446 2705 473 2725 c.
490 2696 521 2726 7.
544 2695 597 2726 ubi
612 2695 723 2737 legitur
743 2695 967 2736 legendumque
983 2702 1029 2726 est
1071 2695 1142 2736 lige.

351 2748 409 2767 non
428 2744 496 2768 ante
519 2740 698 2773 restiterunt,
724 2738 878 2779 exemplar
901 2738 1024 2769 unicum
1109 2738 1151 2768 25
1176 2737 1307 2767 Nubibus
1330 2738 1361 2765 in
1384 2742 1489 2766 terram
1505 2734 1649 2775 ‹lerrzissisJ
1679 2733 1749 2764 Nu-

352 2779 460 2810 habuit
480 2782 689 2812 restituemnt:
711 2780 755 2812 ita
777 2786 809 2811 ut
832 2780 881 2811 hic
904 2791 1025 2822 quoque
1069 2780 1158 2810 bibus
1180 2789 1241 2809 non
1262 2778 1415 2820 suspensis
1439 2779 1468 2809 iu
1485 2787 1565 2812 acre,
1580 2777 1634 2808 sed
1649 2775 1743 2808 densa

351 2824 563 2854 constituerunt
584 2835 638 2866 pro
661 2825 849 2855 constiterunt
872 2833 925 2864 per
939 2833 1024 2855 men-
1069 2822 1182 2855 nebula
1196 2827 1281 2854 terrae
1298 2820 1556 2854 incumbentibus.

351 2864 424 2895 ‹lum
441 2865 570 2908 irrepere
587 2866 719 2909 potuisse
733 2866 882 2898 videatur.
