1947 3222
553 106 674 144 LIB.
704 104 790 142 XL.

98 217 353 273 provinciam
383 214 630 273 pervenisse,
652 228 780 269 quam
807 220 855 254 ut
886 226 934 253 ea
954 220 1097 253 aestate
1131 212 1317 269 potuerit
1347 229 1411 255 res
1439 225 1700 301 ge‘g’g'aeg’

157 331 236 371 LI.
270 332 469 372 Censores
488 327 640 369 8⁵fideli
661 327 881 369 concordia
906 332 1094 367 senatum
1115 325 1319 381 legerunt.
1349 327 1384 352 8⁶
1397 328 1509 384 prin-
1520 343 1672 375 Censores

1516 386 1625 427 <legunt
1639 388 1695 418 Se·

100 290 202 315 I'el'e·

831 106 860 142 C
875 106 911 142 A
925 105 966 142 P.
994 105 1064 142 LI.
1435 109 1505 144 501

97 402 193 443 ceps
223 387 379 429 electus
408 394 468 427 est
498 385 586 442 ipse
616 400 759 425 censor
790 385 854 424 M.
878 382 1079 424 AEmilius
1101 382 1290 438 Lepidus
1319 385 1506 439 pontifex

98 444 331 485 maximus:
364 452 447 484 tres
476 441 596 498 ejecti
627 441 679 482 de
710 449 867 482 senatu.
898 439 1071 481 retinuit
1092 439 1295 495 quosdam
1318 442 1507 497 Lepidus

96 516 122 541 a
141 501 298 556 collega
316 500 563 556 praeteritos.
625 500 765 554 Opera
784 513 835 538 ex
860 496 1036 553 pecunia
1056 496 1272 537 adtributa
1291 496 1506 553 divisaque
1519 511 1624 552 Opera
1635 510 1713 553 pub·

756 554 946 610 Lepidus
975 553 1125 594 molem
1146 552 1200 593 ad
1222 552 1505 605 Tarracinam,
1516 554 1590 586 lica.

97 557 206 598 inter
227 573 268 598 se
297 557 386 598 haec
416 557 694 597 confecerunt.

97 614 310 669 ingratum
349 629 470 678 opus,
507 613 623 668 quod
656 611 816 667 praedia
849 611 1030 651 habebat
1063 610 1137 659 ibi,
1173 609 1509 667 ⁸⁷privatamque

98 670 278 726 publicae
313 686 373 711 rel
406 684 620 725 inpensam
653 670 906 724 inposuerat.

967 666 1244 708 88Theatrum
1275 674 1315 708 et
1349 682 1511 723 prosce-

97 727 214 768 nium
235 727 289 768 ad
310 726 533 783 Apollinis,
555 726 588 750 89
602 725 733 767 aedem
754 726 783 765 J
786 724 874 765 ovis
904 724 946 764 in
969 723 1192 779 Capitolio,
1214 723 1511 780 columnasque

98 784 207 824 circa
241 783 454 840 poliendas
484 783 579 824 albo
614 781 789 823 locavit:

822 789 862 822 et
898 782 952 822 ab
986 780 1052 821 his
1081 780 1298 830 columnis,
1320 795 1416 836 quae
1450 782 1512 822 in-

99 840 312 881 commode
341 839 533 896 obposita
561 839 828 888 videbantur,
852 838 970 893 signa
998 836 1178 878 amovit:
1213 837 1429 892 clipeaque
1458 838 1511 879 de

99 897 315 947 columnis,
346 905 387 938 et
424 896 539 952 signa
574 895 771 937 militaria
804 894 942 935 adfixa
979 893 1111 935 omnis
1150 894 1312 949 generis
1347 894 1508 936 demsit.

98 953 162 994 M.
186 954 364 995 Fulvius
395 951 517 1009 plura
537 962 578 1006 et
608 952 776 1008 majoris
806 952 956 993 locavit
984 966 1110 992 usus:
1143 959 1313 1007 portum
1335 959 1376 992 et
1405 951 1511 1007 pilas

96 1010 235 1066 pontis
255 1011 298 1051 in
321 1011 532 1057 Tiberirm
565 1009 720 1065 quibus
745 1008 842 1065 pilis
871 1009 1048 1049 fornices
1076 1018 1170 1064 post
1200 1008 1361 1062 aliquot
1382 1023 1510 1049 annos

98 1069 146 1107 P.
172 1067 309 1123 Scipio
349 1067 575 1108 Africanus
614 1075 655 1108 et
693 1066 743 1106 L.
768 1065 1003 1105 Mummius
1043 1080 1228 1105 censores
1268 1064 1509 1106 locaverunt

97 1123 365 1179 inponendos.
411 1123 620 1165 basilicam
657 1122 691 1146 9⁰
703 1129 796 1177 post
832 1121 1088 1177 argentarias
1126 1135 1254 1162 novas
1289 1128 1331 1162 et
1370 1121 1509 1162 forum

97 1215 275 1255 praecedunt
290 1213 431 1244 habuisse
453 1213 525 1244 olim
549 1211 648 1243 editos
663 1214 702 1243 bis
715 1223 782 1242 cum

99 1257 248 1292 Bracaris,
283 1267 354 1293 non,
383 1261 418 1287 ut
448 1266 530 1286 nunc
566 1256 687 1296 legitur,
716 1266 782 1285 cum

104 1300 240 1331 Vaccaeis.
285 1300 377 1336 Quod
411 1310 465 1330 cur
493 1304 647 1328 mutatum
681 1298 780 1333 fuerit,

96 1348 178 1373 certe
206 1342 313 1383 aliqua
344 1342 420 1374 ratio
449 1341 536 1372 reddi
567 1341 714 1371 debuerat
743 1341 783 1371 ab

97 1385 357 1416 emendatoribus.
395 1385 494 1415 Nobis
509 1384 565 1414 illa
579 1383 710 1414 mutatio
725 1394 778 1414 ne-

97 1428 229 1458 cessaria
258 1428 350 1458 fuisse
380 1438 440 1458 non
468 1427 600 1458 videtur.
652 1426 780 1457 Bracari

98 1477 168 1501 sunt
190 1470 295 1512 populi
318 1470 357 1500 ad
380 1470 515 1500 Durium
538 1480 671 1506 amnem,
687 1469 740 1511 qui
762 1479 780 1500 a

99 1513 201 1544 Plinio
213 1513 341 1554 aliisque
355 1518 573 1543 memorantur.

139 1556 314 1587 85¹*Fideli
335 1557 503 1597 concordia]
540 1556 589 1586 Ea
605 1554 778 1590 concordia,

96 1609 166 1640 quae
188 1599 331 1640 probaret
353 1609 404 1629 eos
425 1599 508 1629 bona
528 1598 589 1629 fide
601 1598 633 1629 in
648 1597 779 1638 gratiam

97 1641 231 1672 rediisse.

140 1685 181 1715 86
207 1685 345 1723 Princeps
366 1685 471 1715 electus
496 1685 551 1725 est]
596 1684 664 1714 Imo
691 1685 780 1714 lectus

95 1734 146 1758 est.
191 1728 241 1758 Sic
255 1728 336 1758 enim
352 1727 435 1768 loqui
451 1727 526 1757 solet
540 1726 656 1758 Livius.

139 1771 179 1801 87
209 1771 416 1810 Privatamque
448 1771 570 1809 publicas
599 1771 642 1800 -νεί
670 1771 780 1808 impen-

93 1824 153 1844 sam
175 1815 321 1854 insuerat]
368 1812 457 1853 Legit
480 1811 653 1844 Gronovius
674 1814 777 1852 injun-

95 1863 187 1892 xerat,
210 1867 271 1898 quo
293 1857 384 1887 verbo
407 1855 554 1887 delectari
579 1855 701 1886 Livium
723 1855 777 1886 ob-

96 1906 208 1931 servat.
252 1899 382 1941 Propius
406 1899 526 1929 abesset
547 1909 566 1929 a
580 1898 692 1940 scripta
714 1898 776 1928 lec-

97 1941 179 1973 tione
211 1944 392 1981 imposuerat.
460 1942 574 1971 Sensus
611 1946 673 1971 est:
720 1941 777 1971 im-

97 1995 235 2025 pensam,
251 1995 320 2025 quze
340 1983 462 2015 cederet
484 1983 516 2014 in
538 1983 692 2026 privatum
712 1983 778 2024 ejus

93 2028 299 2064 commodum,
324 2039 342 2058 a
363 2027 522 2068 republica
543 2026 692 2057 sustinere
710 2025 778 2067 jus-

95 2076 186 2101 serat.

139 2114 179 2143 88
212 2113 368 2143 Tbeatrnm
404 2118 432 2142 et
460 2114 637 2150 proscenium
666 2114 705 2142 ad
735 2113 776 2142 A·

92 2155 225 2195 pollinis]
280 2156 349 2186 Hoc
383 2165 445 2185 non
474 2160 558 2185 caret
587 2155 778 2186 difficultate.

95 2198 263 2229 Theatrum
286 2198 378 2232 enim,
402 2197 485 2238 quod
506 2197 684 2238 poliendum
707 2198 777 2228 albo

93 2241 211 2272 locatur
236 2251 254 2271 a
283 2251 420 2276 censore,
450 2250 511 2269 non
539 2240 660 2271 videtur
686 2241 777 2271 fuisse

95 2283 322 2326 temporarium.
366 2284 410 2314 At
444 2287 563 2312 constat
597 2288 671 2313 tunc
700 2288 777 2314 tem-

97 2327 176 2366 poris
212 2327 331 2356 nullum
366 2326 457 2356 fuisse
486 2325 639 2355 theatrum
668 2326 777 2356 Romae

96 2369 206 2400 stabile
228 2374 258 2399 et
276 2379 472 2400 mansurum:
498 2373 589 2408 atque
605 2368 698 2398 etiam
721 2369 776 2399 ad-

97 2411 220 2441 modum
243 2412 406 2443 verisimile
426 2416 472 2442 est
493 2416 566 2441 tunc
589 2421 710 2451 quoque
724 2422 778 2451 po-

86 2453 204 2493 ,pulum
220 2454 308 2485 ludos
322 2460 455 2485 stantem
471 2454 666 2494 spectavisse.
704 2453 778 2484 vid.

100 2496 262 2537 Epitomen
286 2497 407 2528 Liviani
431 2497 499 2527 libri
520 2497 680 2526 XLVIII.
704 2496 778 2527 Val.

98 2539 188 2569 Max.
205 2538 228 2569 l.
247 2539 293 2569 ΙΙ.
306 2549 331 2569 c.
348 2541 378 2570 4.
401 2545 432 2571 et
453 2540 530 2570 Tac.
549 2539 633 2569 Ann.
648 2539 668 2568 l.
685 2539 777 2570 XIV.

98 2591 123 2610 c.
154 2582 205 2611 20.
250 2582 389 2621 *Itaque
416 2582 473 2612 hoc
503 2582 664 2616 theatrum,
695 2582 778 2621 quod

99 2623 276 2663 poliendum
305 2623 375 2653 albo
398 2624 518 2655 locatur
545 2635 563 2655 a
590 2623 776 2660 censoribus,

99 2666 238 2704 (videtur
266 2667 483 2706 temporarium
508 2666 631 2707 fuisse‚)
660 2672 690 2697 et
716 2677 777 2697 non

97 2709 175 2739 ultra
212 2713 374 2744 staturum,
404 2719 497 2749 quam
525 2719 601 2750 opus
629 2715 710 2740 esset
736 2710 776 2740 ad

95 2751 183 2782 ludos
203 2751 350 2783 edendos,
374 2751 632 2792 quemadmodum
655 2757 686 2782 et
710 2762 775 2782 sce-

92 2803 143 2829 na,
160 2794 182 2824 l.
198 2795 286 2825 XLI.
301 2805 327 2824 c.
343 2794 395 2824 27.
419 2803 438 2824 a
460 2794 636 2824 censoribus
657 2795 776 2825 locatur

92 2837 257 2876 praebenda
288 2836 428 2867 aedilibus
458 2841 549 2876 atque
586 2836 775 2876 praetoribus.

91 2879 214 2919 †Hunc
250 2879 364 2911 nodum
393 2879 509 2909 solvere
547 2888 607 2908 non
637 2878 776 2919 aggredi-

825 1222 904 1241 mur.
950 1211 1096 1242 Ceterum
1116 1209 1341 1241 observandum
1361 1214 1407 1239 est
1421 1208 1511 1240 thea-

826 1259 908 1284 trum
931 1253 1047 1294 duplici
1070 1263 1162 1284 sensu
1185 1252 1276 1287 sumi,
1292 1252 1340 1282 vel
1364 1262 1418 1293 pro
1439 1252 1509 1283 uni-

826 1307 913 1327 verso
935 1295 1078 1331 aedificio,
1094 1295 1177 1336 quod
1199 1306 1237 1325 ea
1253 1295 1423 1325 contineret
1444 1306 1509 1326 om-

826 1339 879 1369 nia
907 1350 975 1380 quae
1004 1339 1044 1370 ad
1072 1339 1162 1369 ludos
1194 1338 1410 1380 pertinebant3
1447 1348 1510 1379 quo

823 1392 915 1412 sensu
952 1381 1146 1424 proscenium
1188 1386 1235 1411 est
1270 1391 1341 1422 pars
1377 1380 1507 1412 theatri:

823 1425 873 1455 vel
894 1435 950 1466 pro
973 1425 1028 1455 illa
1049 1430 1136 1466 parte
1162 1424 1194 1454 in
1223 1434 1286 1464 qua
1311 1429 1400 1454 erant
1420 1433 1507 1465 spec-

824 1472 946 1498 tatores.
1012 1468 1081 1498 Hoc
1124 1467 1287 1509 posteriore
1333 1477 1424 1497 sensu
1458 1466 1508 1497 hic

824 1510 893 1552 capi
918 1510 1021 1541 debet.
1065 1509 1265 1540 Proscenium
1285 1514 1342 1545 est,
1357 1515 1392 1540 ut
1407 1509 1507 1550 ipsum

823 1563 935 1584 nomen
961 1553 1088 1587 indicat,
1112 1552 1245 1595 spatium
1268 1553 1351 1593 quod
1378 1552 1504 1594 porrigi-

823 1600 872 1626 tur
894 1601 966 1627 ante
988 1606 1122 1627 scenam.
1167 1596 1206 1625 In
1230 1606 1277 1630 eo,
1301 1596 1349 1625 vel
1369 1595 1448 1625 inter
1466 1595 1504 1626 il-

823 1638 877 1669 lud
910 1644 940 1669 et
974 1649 1110 1675 scenam,
1140 1638 1315 1680 erigebatur
1338 1637 1505 1680 pulpitum,

822 1692 884 1722 quo
910 1682 1073 1723 prodibant
1101 1686 1230 1717 actores,
1258 1692 1354 1722 quum
1384 1681 1506 1712 fabulas

823 1730 958 1765 agerent.
1018 1725 1082 1762 Qui
1117 1724 1207 1765 plura
1246 1723 1284 1754 de
1316 1723 1505 1755 theatrorum

823 1766 920 1798 forma
940 1767 1017 1798 scire
1039 1767 1151 1810 cupiet,
1168 1767 1262 1797 adeat
1282 1766 1394 1796 librum
1411 1767 1505 1798 Anti-

821 1810 947 1850 quitatis
976 1810 1191 1841 Schematibus
1216 1810 1387 1845 illustratae,
1415 1811 1504 1842 Tom.

822 1853 889 1883 ΙΙΙ.
917 1859 1004 1896 parte
1033 1853 1180 1889 secunda,
1210 1858 1241 1884 et
1270 1853 1506 1884 commentarios

822 1895 931 1937 Regiae
955 1896 1194 1939 Inscriptionum
1208 1895 1400 1932 Academiae,
1416 1896 1505 1928 Tom.

864 1950 905 2012 59
929 1982 1032 2012 AEdem
1053 1981 1132 2011 Jovis
1153 1982 1184 2011 in
1210 1981 1367 2021 Capitolio]
1406 1981 1505 2012 Loca-

821 2023 865 2054 vit
880 2024 1056 2065 poliendam
1079 2023 1151 2054 albo
1175 2024 1273 2054 aedem
1290 2024 1377 2054 Jovis
1391 2023 1423 2054 in
1439 2024 1503 2055 Ca-

821 2066 937 2108 pitolio,
962 2073 993 2098 et
1020 2066 1180 2097 columnas
1205 2077 1273 2106 quae
1296 2066 1379 2096 cirea
1403 2066 1503 2098 aedem

820 2115 916 2140 erant.
963 2111 1033 2141 Vox
1059 2110 1122 2139 albo
1147 2109 1259 2139 frustra
1281 2109 1462 2140 sollicitatur
1484 2120 1504 2141 a

822 2152 942 2193 Pighio.
995 2152 1114 2183 Eodem
1142 2152 1225 2182 enim
1261 2152 1352 2182 modo
1383 2151 1504 2194 scripsit

822 2195 929 2225 Livius
954 2206 1057 2237 supra,
1087 2195 1108 2224 l.
1131 2195 1190 2226 IV.
1216 2204 1244 2225 c.
1269 2195 1322 2225 25.
1348 2195 1447 2225 album
1470 2197 1503 2226 in

820 2240 1018 2268 vestimentum
1032 2239 1147 2268 addere.

863 2282 904 2311 90
932 2281 998 2311 Post
1021 2283 1204 2321 argentarias
1229 2280 1324 2310 Novas
1350 2286 1377 2309 et
1395 2279 1503 2321 ιΙίννιηη

823 2323 1032 2364 Piscatorium]
1068 2323 1117 2353 Sic
1131 2328 1161 2353 et
1176 2333 1278 2364 supra,
1293 2323 1315 2352 1.
1331 2323 1458 2353 XXVI.
1474 2332 1504 2354 e.

820 2367 872 2396 27.
895 2366 1121 2407 conjunguntur
1146 2365 1325 2406 argentariae
1352 2366 1449 2395 Novae
1473 2371 1504 2396 et

822 2407 919 2439 forum
964 2409 1176 2444 Piscatorium‚
1212 2414 1360 2448 tanquam
1403 2407 1504 2438 vicina

822 2452 900 2482 loca.
958 2453 1061 2482 Prava
1090 2451 1334 2492 interpunctione
1361 2450 1503 2480 laborant

822 2494 878 2524 hoc
893 2494 959 2525 loco
975 2494 1091 2535 vulgati
1107 2494 1187 2529 libri,
1203 2492 1256 2534 qui
1272 2493 1500 2523 distinctionem

822 2544 980 2578 apponunt
1017 2542 1085 2579 post
1121 2547 1225 2567 vocem
1264 2536 1375 2566 Novas.-
1420 2535 1501 2564 unde

821 2580 987 2611 existimari
1003 2584 1103 2621 posset
1126 2579 1193 2610 haec
1208 2589 1295 2610 mens
1316 2578 1408 2608 fuisse
1423 2576 1501 2606 Livii

820 2628 855 2652 ut
877 2623 1003 2659 diceret,
1020 2623 1115 2653 sorum
1141 2621 1344 2652 Piscatorium
1366 2619 1501 2649 locatum

820 2675 885 2696 esse
907 2665 964 2696 hoc
988 2676 1068 2696 anno
1084 2676 1102 2696 a
1115 2673 1240 2695 censore
1261 2661 1497 2694 exstruendum:

818 2709 898 2747 quod
924 2709 1034 2739 falsum
1058 2718 1123 2738 esse
1147 2706 1284 2746 arguitur
1304 2715 1340 2735 ex
1356 2704 1421 2734 loco
1437 2714 1501 2733 me-

819 2755 936 2782 morato
960 2752 979 2780 l.
1006 2751 1131 2781 XXVI.
1158 2747 1372 2779 Circumdatas
1398 2746 1499 2775 taber-

819 2803 876 2823 nas
899 2793 1037 2833 intellige
1060 2791 1104 2823 illi
1128 2790 1275 2825 basilicae,
1293 2799 1361 2829 quae
1385 2789 1502 2819 locatur

819 2835 1013 2867 aedificanda.

1519 435 1637 461 natum.
