1947 3222
339 134 415 171 274
871 116 1009 170 T1T1
1056 132 1225 170 lell

132 246 220 279 U.C.
235 247 310 279 561.
340 238 638 281 transcendunt
659 240 821 292 armati,
843 249 899 292 et,
920 241 1091 298 dejectis
1120 241 1320 298 caesisque
1345 239 1744 298 propugnatoribus,

137 288 159 319 Α·
187 288 224 320 C·
238 290 309 323 191.
340 309 488 336 navem
527 297 710 353 capiunt.
770 299 883 347 Una,
924 313 1022 353 quae
1061 299 1243 355 compari
1285 299 1426 339 Marte
1465 304 1744 346 concurrerat,

339 360 563 408 postquam
593 363 757 410 captam
786 355 957 396 alteram
981 369 1129 396 navem
1159 355 1280 403 vidit,
1301 355 1547 412 priusquam
1568 370 1592 394 a
1611 353 1747 394 tribus

341 408 466 450 simul
494 409 876 460 circumveniretur,
908 418 1019 452 retro
1048 411 1101 452 ad
1137 411 1306 452 classem
1335 411 1504 467 refugit.
1581 409 1744 460 Livius,

339 464 622 522 indignatione
652 482 860 516 accensus,
893 467 1090 522 praetoria
1121 482 1226 508 nave
1257 467 1300 509 in
1329 468 1467 510 hostes
1499 467 1646 509 tendit.
1677 466 1749 507 ad-

340 537 484 564 versus
510 538 636 579 quam
667 522 810 564 eadem
840 537 912 578 spe
944 523 1054 571 duae,
1086 539 1182 579 quae
1214 524 1414 565 Punicam
1444 540 1570 566 unam
1599 538 1747 565 navem

340 578 710 629 circumvenerant,
732 594 866 635 quum
892 579 1160 628 inferrentur,
1182 580 1400 622 demittere
1429 581 1472 622 in
1501 596 1652 637 aquam
1683 595 1748 621 re-

339 650 428 676 mos
448 637 501 677 ab
522 644 704 691 utroque
724 636 853 677 latere
879 637 1055 692 remiges
1077 637 1334 678 stabiliendae
1354 637 1470 679 navis
1491 653 1635 679 caussa
1658 638 1748 693 jus-

342 693 409 743 sit,
431 701 471 733 et
502 692 544 732 in
574 691 840 734 advenientes
858 692 1042 734 hostium
1063 709 1188 734 naves
1208 694 1361 734 ferreas
1387 709 1534 736 manus
1563 694 1746 750 injicere,

341 757 396 798 et,
418 748 531 790 ³⁶ubi
561 764 747 805 pugnam
777 749 960 806 pedestri
991 749 1163 791 similem
1193 749 1370 800 fecisset,
1400 751 1632 792 meminisse
1662 751 1748 792 Ro-

339 820 474 846 manae
494 806 680 857 virtutis,
701 821 778 847 nec
796 821 874 862 pro
895 806 993 847 viris
1014 807 1166 848 ducere
1195 807 1312 862 regia
1339 807 1555 864 mancipia.
1616 807 1747 849 Haud

339 862 482 918 paullo
501 862 679 913 facilius,
701 878 828 919 quam
848 871 944 904 ante
969 863 1067 905 duae
1087 879 1228 914 unam,
1251 871 1352 905 tunc
1378 879 1462 905 una
1491 865 1595 905 duas
1624 880 1748 905 naves

339 920 614 976 expugnavit,
636 921 842 976 cepitque.
904 921 963 962 Et
979 921 1067 976 jam
1088 920 1235 962 classes
1256 935 1427 977 quoque
1447 921 1635 978 undique
1655 936 1750 962 con-

337 984 568 1026 currerant,
599 985 639 1018 et
674 978 827 1033 passim
861 977 1079 1033 permixtis
1108 977 1286 1019 navibus
1314 978 1596 1034 pugnabatur.
1657 979 1748 1019 Eu-

336 1047 489 1083 menes,
531 1033 605 1089 qui
646 1042 857 1075 extremus
897 1034 1112 1075 commisso
1152 1034 1374 1076 certamine
1418 1035 1656 1085 advenerat,
1697 1043 1745 1076 ut

335 1089 629 1132 animadvertit
669 1090 822 1131 laevum
861 1106 989 1132 cornu
1029 1091 1212 1132 hostium
1251 1092 1305 1133 ab
1346 1092 1470 1133 Livio
1509 1092 1743 1142 turbatum,

157 1198 162 1204 ¹
335 1145 533 1188 dextrum
553 1146 657 1202 ipse,
679 1147 752 1188 ubi
774 1163 896 1203 aequa
914 1162 1059 1203 pugna
1078 1156 1180 1198 erat,
1202 1147 1375 1189 invadit.

122 1199 264 1272 {mmm}
394 1204 535 1244 XLV.
568 1204 657 1245 Nec
686 1203 746 1245 ita
773 1204 908 1245 multo
936 1213 1031 1260 post
1060 1204 1242 1260 primum
1269 1205 1322 1245 ab
1349 1205 1454 1246 laevo
1481 1220 1609 1246 cornu
1640 1204 1744 1260 fuga

159 1253 270 1275 omnm.
334 1261 474 1316 coepit.
537 1260 820 1317 Polyxenidas
849 1261 973 1309 enim,
1005 1268 1054 1302 ut
1084 1261 1240 1302 virtute
1260 1261 1440 1303 militum
1469 1262 1585 1303 haud
1615 1261 1743 1302 dubie

334 1317 521 1374 superari
543 1332 584 1358 se
607 1317 730 1367 vidit,
753 1318 927 1359 sublatis
957 1317 1178 1359 dolonibus
1207 1318 1334 1359 effuse
1358 1318 1503 1374 fugere
1534 1318 1737 1359 intendit:

332 1389 430 1415 mox
450 1374 563 1415 idem
583 1382 640 1424 et,
662 1374 737 1430 qui
763 1390 894 1431 prope
925 1383 1077 1416 terram
1106 1390 1201 1415 cum
1230 1376 1420 1416 Eumene
1450 1383 1742 1416 contraxerant

330 1439 553 1481 certamen,
575 1431 776 1472 fecerunt.
839 1432 1019 1472 Romani
1051 1440 1091 1472 et
1121 1433 1347 1481 Eumenes,
1369 1432 1511 1487 quoad
1542 1431 1743 1472 subficere

329 1489 506 1544 remiges
525 1496 771 1544 potuerunt,
793 1496 834 1529 et
855 1489 898 1529 in
920 1503 991 1544 spe
1012 1497 1127 1529 erant
1149 1488 1323 1529 extremi
1351 1489 1527 1543 agminis
1548 1487 1741 1537 vexandi,
1930 1526 1933 1541 ,

332 1545 432 1586 satis
466 1545 734 1601 pertinaciter
764 1546 894 1586 secuti
925 1554 1033 1587 sunt.
1065 1553 1288 1601 postquam
1318 1545 1527 1587 celeritate
1557 1545 1740 1595 navium,
1928 1543 1932 1607 ἰ

331 1609 481 1658 utpote
498 1601 667 1651 levium,
685 1617 779 1642 suas
796 1611 1027 1644 commeatu
1042 1610 1213 1643 onustas
1229 1601 1341 1642 eludi
1354 1602 1511 1643 frustra
1526 1602 1742 1644 tendentes
1926 1603 1931 1652 ξ

332 1658 542 1708 viderunt,
565 1658 732 1700 tandem
763 1659 1041 1706 abstiterunt;
1074 1659 1271 1700 tredecim
1294 1659 1426 1714 captis
1449 1658 1626 1700 navibus
1646 1673 1741 1700 cum
1928 1662 1931 1677 ‘

331 1715 462 1757 milite
501 1731 549 1756 ac
587 1715 756 1770 remige,
794 1715 935 1757 decem
975 1716 1184 1757 demersis.
1246 1717 1446 1756 Romanae
1486 1715 1624 1756 classis
1659 1730 1744 1756 una

333 1772 494 1813 Punica
525 1773 654 1820 navis,
678 1772 718 1812 in
748 1773 883 1827 primo
913 1771 1135 1813 certamine
1165 1773 1218 1813 ab
1248 1772 1414 1813 duabus
1443 1772 1739 1821 circumventa,

331 1829 467 1884 periit.
530 1829 811 1884 Polyxenidas
838 1844 920 1870 non
949 1829 1079 1885 prius,
1103 1844 1230 1884 quam
1254 1829 1295 1869 in
1326 1837 1452 1885 portu
1479 1828 1652 1885 Ephesi,
1674 1829 1740 1869 fu-

329 1901 395 1940 gae
425 1886 548 1926 finem
575 1885 686 1927 fecit.
745 1884 779 1912 ³⁷
790 1885 965 1926 Romani
987 1902 1035 1927 eo
1065 1886 1147 1935 die,
1169 1886 1282 1927 unde
1308 1901 1470 1941 egressa
1494 1887 1610 1941 regia
1639 1885 1740 1926 clas-

331 1942 384 1983 sis
414 1950 517 1993 erat,
548 1950 812 1984 manserunt:
848 1952 1013 1998 postero
1043 1942 1110 1984 die
1139 1943 1300 1984 hostem
1330 1942 1525 1999 persequi
1555 1942 1740 1983 intende-

330 2006 440 2040 runt.
473 1999 610 2039 medio
631 1999 717 2040 fere
738 2000 780 2039 in
802 2015 927 2041 cursu
948 1999 1083 2041 obviae
1104 2000 1222 2041 fuere
1243 2000 1293 2041 iis
1320 1999 1507 2055 quinque
1529 2009 1569 2041 et
1590 1999 1739 2055 viginti

329 2064 450 2097 tectae
473 2055 653 2096 Rhodiae
674 2071 813 2107 naves,
835 2071 930 2097 cum
954 2056 1213 2098 Pausistrato
1240 2057 1440 2113 praefecto
1467 2056 1616 2097 classis.
1680 2056 1739 2096 Iis

329 2112 552 2167 adjunctis,
586 2113 803 2168 Ephesum
832 2113 993 2155 hostem
1022 2114 1245 2169 persecuti,
1277 2122 1372 2154 ante
1402 2113 1554 2154 ostium
1591 2121 1738 2168 portus

329 2159 415 2209 acie
436 2170 640 2210 instructa
664 2178 883 2211 steterunt.
944 2171 1171 2226 Postquam
1204 2169 1498 2211 confessionem
1529 2169 1647 2210 victis
1679 2184 1739 2209 sa-

330 2224 382 2266 tis
403 2234 710 2280 expresserunt,
734 2226 891 2267 Rhodii
912 2235 952 2268 et
975 2228 1185 2268 Eumenes
1205 2227 1350 2268 domos
1371 2226 1550 2267 dimissi:
1586 2226 1739 2266 Roma-

328 2281 385 2332 ni,
425 2281 578 2323 Chium
613 2291 814 2337 petenteS,
852 2283 1171 2325 Phoenicuntem
1206 2283 1386 2339 primum
1422 2292 1590 2338 portum
1628 2283 1737 2338 Ery-

328 2338 471 2379 thraeae
493 2346 613 2379 terrae
644 2340 919 2394 praetervecti,
942 2349 1061 2382 nocte
1091 2340 1279 2381 anchoris
1302 2340 1441 2395 jactis,
1473 2347 1638 2395 postero
1668 2339 1735 2380 die

327 2394 367 2435 in
389 2395 566 2435 insulam
589 2396 639 2436 ad
662 2396 792 2451 ipsam
816 2397 961 2437 urbem
993 2398 1256 2453 trajecerunt.
1290 2397 1361 2437 ubi
1393 2411 1546 2452 paucos
1567 2395 1653 2436 dies
1675 2411 1737 2436 re-

328 2452 438 2515 mige
451 2452 629 2493 maxime
646 2452 867 2493 reficiendo
882 2454 1046 2504 morati,
1066 2454 1285 2495 Phocaeam
1302 2452 1602 2494 transmittunt.
1667 2453 1732 2494 Ibi

326 2507 479 2550 rehctis
499 2509 551 2549 ad
573 2508 814 2564 praesidium
836 2510 951 2551 urbis
972 2518 1154 2566 quatuor
1175 2510 1277 2565 quin
1311 2509 1561 2558 ueremibuS,
1579 2509 1632 2550 ad
1656 2512 1734 2552 Ca-

325 2579 398 2606 nas
419 2565 558 2606 classis
579 2565 716 2607 venit:
750 2575 806 2616 et,
829 2582 961 2622 quum
984 2569 1072 2622 jam
1098 2567 1228 2608 hiems
1258 2526 1487 2622 adpeteret,
1510 2566 1620 2608 fossa
1649 2566 1733 2608 val-

364 2713 405 2742 36
433 2712 488 2742 Um·
510 2723 640 2753 pugnam
667 2713 790 2750 pedestri
813 2711 932 2741 similem
948 2710 1002 2752 fe-
1044 2714 1095 2751 gia
1122 2713 1218 2743 elassis
1257 2720 1330 2748 erat,
1360 2713 1543 2753 umnsfrnnt]
1597 2712 1729 2743 Videtur

319 2755 415 2796 visset]
462 2755 635 2786 Gronovius
655 2754 723 2795 jure
747 2754 893 2785 emendat
905 2754 1000 2794 jhc-is·
1047 2754 1095 2785 hic
1118 2755 1267 2786 excidisse
1294 2766 1403 2785 nomen
1427 2756 1495 2791 loci,
1513 2756 1542 2785 in
1566 2766 1626 2796 quo
1642 2766 1729 2786 man-

318 2805 390 2831 sene,
417 2808 524 2839 nempe
549 2797 683 2840 praesccti
708 2803 738 2828 et
761 2802 1001 2839 propugnatores
1045 2804 1149 2828 serunt
1168 2798 1312 2829 Romani.
1360 2800 1472 2829 Forsan
1495 2798 1660 2838 legendum
1683 2805 1729 2828 est

320 2841 455 2870 navium.
1048 2842 1199 2880 (flussunle,
1235 2844 1313 2871 unde
1347 2853 1467 2881 rgresm.
1525 2841 1596 2872 Vid.
1625 2851 1726 2882 supra.

360 2884 398 2913 37
428 2883 548 2913 Hmrmni
578 2895 607 2913 cn
633 2886 690 2916 die.
717 2885 794 2913 mide
819 2893 928 2923 egressa
956 2894 999 2912 re·
1045 2894 1069 2913 c.
1090 2885 1139 2914 43.
