1947 3222
183 238 227 269 U
237 238 274 269 (¹.
283 240 356 269 563.

181 280 224 312 A.
234 281 270 311 C.
288 283 357 313 189.

181 322 372 354 Rhodiorum

179 365 348 405 legatorum

180 409 286 440 oratio.

385 122 467 160 326
923 123 1062 163 T1T1
1101 123 1262 161 LIVII

388 245 479 272 rum
516 230 700 288 Philippi
734 232 865 287 prius,
896 232 1046 274 deinde
1076 232 1276 274 Antiochi
1305 230 1437 272 bello:
1485 229 1607 278 Nihil,
1636 228 1791 284 inquit,

390 288 499 329 nobis
532 295 615 329 tota
637 295 773 329 nostra
804 289 969 338 actione,
1007 290 1154 330 Patres
1181 288 1398 341 conscripti,
1430 301 1553 341 neque
1578 287 1621 326 d
1607 284 1792 349 fficzlzus,

391 359 514 399 neque
533 346 729 387 molestius
747 352 819 397 est,
840 360 957 410 quam
987 347 1091 399 quod
1111 360 1198 386 cum
1218 347 1397 387 Eumene
1425 345 1531 385 nobis
1559 341 1793 398 disceptatio

393 409 471 443 est.-
503 417 586 443 cum
607 417 685 457 quo
705 417 781 444 uno
801 403 974 442 maxime
992 417 1132 456 regum
1151 409 1189 442 et
1207 404 1403 455 privatum
1418 401 1597 457 singulis,
1618 407 1667 452 et,
1688 399 1794 454 quod

393 460 529 514 magis
548 474 616 501 nos
636 466 777 509 movet,
795 460 993 511 publicum
1012 460 1160 500 civitati
1178 467 1321 501 nostrae
1341 460 1542 512 hospitium
1563 464 1631 498 est.
1679 459 1795 500 Cete-

393 531 479 558 rum
507 531 583 557 non
607 517 732 557 animi
758 516 896 564 nostri,
929 517 1078 556 Patres
1105 518 1321 569 conscripti,
1351 530 1434 564 nos,
1464 517 1536 556 sed
1564 529 1690 556 rerum
1719 527 1793 554 na-

396 580 498 622 tura,
521 588 610 628 quoe
626 573 893 625 potentissima
913 579 980 621 est,
1004 571 1192 628 disjungit
1199 596 1213 620 ,·
1247 580 1290 613 ut
1308 587 1380 613 nos
1411 573 1521 613 liberi
1549 573 1669 614 etiam
1691 572 1794 612 alio-

392 645 478 670 rum
501 631 691 671 libertatis
711 643 892 671 caussam
912 644 1106 684 aga·mus‚·
1137 644 1250 685 reges
1268 644 1379 671 serva
1400 631 1532 670 omnia
1559 637 1595 670 et
1623 628 1796 684 subjecta

392 688 555 740 imperio
574 701 644 727 suo
662 701 745 728 esse
763 687 896 728 velint.
961 688 1182 741 Utcumque
1212 693 1343 728 tamen
1361 701 1423 726 res
1441 701 1482 727 se
1509 687 1639 737 habet,
1661 688 1798 742 magis

392 744 627 785 verecundia
656 751 792 785 nostra
822 745 1011 785 adversus
1030 759 1163 799 regem
1183 745 1289 784 nobis
1307 745 1446 791 obstat,
1469 758 1589 797 qnam
1610 746 1695 798 ipsa
1717 746 1797 786 clis-

394 801 564 853 ceptatio
597 808 667 841 aut
701 802 811 842 nobis
842 801 1019 854 inpedita
1052 808 1122 851 est,
1156 807 1225 841 aut
1255 802 1362 842 vobis
1389 801 1622 854 perplexam
1652 803 1795 843 delibe-

391 859 583 899 rationem
621 859 839 911 praebitura
885 859 1052 899 videtur.
1134 859 1253 907 Nam,
1293 859 1327 898 si
1366 859 1483 898 aliter
1529 859 1632 899 socio
1677 866 1797 914 atque

394 916 518 956 amico
550 917 650 971 regi,
681 923 720 956 et
754 916 850 956 bene
882 916 1019 956 meri-to
1051 916 1122 956 hoc
1152 916 1237 968 ipso
1269 916 1309 956 in
1343 916 1450 963 bello,
1476 917 1525 956 de
1554 915 1665 970 czy'us
1692 931 1797 969 prce·

394 973 480 1013 miis
513 973 661 1028 agitur,
695 974 816 1014 honos
846 973 982 1013 haberi
1016 973 1141 1013 nullus
1168 979 1310 1025 posset,
1344 973 1418 1013 nisi
1451 972 1591 1013 liberas
1619 974 1797 1015 civitates

395 1030 431 1069 ei
458 1031 499 1070 in
532 1031 750 1072 servitutem
785 1031 1005 1080 traderetis,
1038 1037 1136 1071 esset
1169 1030 1399 1079 deliberatio
1435 1043 1597 1082 aucep&
1643 1045 1693 1071 ne
1725 1038 1797 1072 aut

393 1101 525 1141 regem
556 1088 720 1128 amicum
749 1088 1018 1128 inhonoratum
1051 1088 1308 1137 dimitteretis,
1330 1094 1400 1127 aut
1430 1088 1666 1128 decederetis
1683 1089 1796 1129 insti-

394 1150 476 1184 tuto
504 1151 647 1195 vestro,
680 1152 717 1185 et
741 1144 926 1199 gloriam,
962 1145 1138 1197 Philippi
1168 1145 1267 1184 bello
1294 1152 1464 1197 partam,
1485 1159 1588 1185 nunc
1616 1146 1799 1188 seruitute

395 1208 451 1241 tot
482 1202 692 1243 civitatium
724 1200 1009 1253 deformaretis.
1071 1202 1149 1242 Sed
1178 1202 1228 1242 ab
1249 1202 1323 1242 hac
1346 1202 1588 1253 necessitate,
1610 1209 1678 1243 aut
1695 1218 1796 1258 gra-

393 1259 461 1298 tioe
478 1259 518 1299 in
539 1260 708 1300 amicum
737 1260 969 1307 minuendae,
992 1266 1063 1299 aut
1086 1258 1227 1314 glorioe
1255 1266 1406 1307 vestrae,
1429 1260 1588 1313 egregie
1615 1274 1685 1300 vos
1700 1259 1793 1312 sor-

390 1323 486 1356 tuna
525 1317 709 1357 vindicat.
790 1317 865 1356 Est
904 1317 1005 1356 enim
1046 1315 1182 1356 Deum
1226 1317 1467 1370 benignitate
1505 1330 1581 1356 nou
1619 1317 1795 1371 gloriosa

390 1374 535 1428 magis,
559 1388 677 1427 quam
708 1373 825 1422 dives,
853 1374 1022 1414 victoria
1050 1380 1203 1414 vestra.-
1235 1387 1323 1427 quae
1349 1387 1414 1414 vos
1432 1371 1560 1424 facile
1585 1373 1660 1414 isto
1689 1375 1795 1415 velut

391 1444 469 1470 cere
488 1431 617 1470 alieno
637 1433 828 1471 exsolvat.
858 1445 953 1471 uam
980 1437 1019 1470 et
1046 1431 1262 1483 Lycaonia,
1285 1437 1321 1471 et
1353 1431 1487 1493 ΡΙη3]ἐρ
1468 1430 1536 1470 σία
1555 1436 1736 1484 utraque,
1758 1439 1796 1472 et

394 1487 549 1528 Pisidia
569 1489 702 1536 omnis,
725 1494 762 1527 et
787 1488 1064 1538 Chersonesus,
1084 1487 1287 1541 ⁶⁰quaeque
1315 1486 1604 1541 circzmy'acent
1609 1488 1794 1541 Europae,

389 1545 431 1584 in
461 1551 594 1586 vestra
624 1551 714 1585 sunt
745 1552 952 1597 potestate.
995 1559 1160 1599 quarum
1192 1559 1271 1584 una
1305 1545 1489 1598 quaelibet
1523 1545 1610 1600 regi
1639 1544 1795 1600 adjecta

390 1602 656 1654 multiplicare
683 1616 844 1656 regnum
875 1603 1066 1643 Eumenis
1085 1608 1231 1654 potest.-
1264 1616 1395 1642 omnes
1423 1616 1513 1643 vero
1533 1603 1641 1642 datoe
1669 1604 1797 1644 maxi-

389 1659 464 1698 mis
493 1673 575 1700 eum
605 1659 766 1713 regibus
794 1673 966 1713 aequare.
1032 1659 1143 1700 Licet
1172 1673 1267 1713 ergo
1295 1659 1414 1708 vobis,
1441 1666 1478 1699 et
1505 1659 1676 1711 prcemiis
1705 1661 1797 1701 belli

390 1716 521 1756 ditare
549 1717 686 1764 socios,
719 1723 757 1756 et
785 1731 861 1757 non
891 1717 1075 1757 decedere
1103 1717 1285 1756 instituto
1313 1722 1440 1757 vestro
1447 1739 1462 1762 ,-
1498 1723 1538 1757 et
1565 1717 1795 1767 meminisse,

389 1787 499 1827 quem
535 1774 684 1814 titulum
715 1774 1004 1826 praetenderitis
1039 1773 1150 1826 prius
1189 1774 1378 1813 adversus
1419 1773 1660 1825 Philippum,
1695 1789 1796 1817 nunc

389 1831 578 1871 adversus
616 1830 867 1879 Antiochum,
910 1830 1018 1870 belli.-
1067 1831 1161 1884 quid
1199 1827 1388 1881 feceritis,
1434 1831 1620 1882 Philippo
1666 1831 1792 1880 victo,-

389 1888 481 1940 quid
500 1902 599 1928 nunc
618 1901 644 1927 a
667 1888 784 1938 vobis,
805 1901 885 1928 non
918 1888 1045 1943 magis
1072 1888 1164 1941 quia
1180 1886 1351 1938 fecistis,
1374 1901 1490 1941 quam
1523 1889 1618 1941 quia
1647 1887 1692 1927 id
1725 1903 1796 1931 vos

379 1943 522 1996 facere
542 1945 662 1994 decet,
685 1946 922 1985 desideretur
947 1952 1066 1999 atque
1085 1951 1337 1997 exspectetur.
1399 1945 1493 1985 Alia
1517 1945 1616 1985 enim
1643 1945 1736 1987 aliis
1755 1953 1794 1988 et

391 2002 553 2042 honesta
572 2009 632 2042 est
658 2008 696 2042 et
722 2002 953 2055 probabilis⁰
972 2015 1111 2043 caussa
1132 2015 1339 2042 armorum.
1399 2001 1467 2042 Illi
1487 2015 1646 2057 agrum,
1669 2003 1708 2043 hi
1736 2004 1795 2046 vi·

390 2073 466 2107 cos,
494 2059 532 2099 hi
562 2059 721 2112 oppida,
755 2059 795 2099 hi
817 2066 966 2111 portus,
995 2073 1180 2113 oramque
1209 2059 1381 2113 aliquam
1410 2059 1531 2100 maris
1555 2066 1598 2099 ut
1620 2061 1796 2112 posside.

391 2123 474 2157 ant.
543 2117 616 2156 Vos
646 2131 717 2156 nec
747 2117 904 2168 cupistis
936 2116 1030 2165 hoec,
1068 2122 1277 2170 antequam
1309 2116 1526 2156 haberetis.-
1570 2131 1640 2157 nec
1674 2131 1791 2170 nunc,

326 2175 331 2178 '
389 2187 503 2226 quum
523 2174 626 2213 orbis
647 2180 836 2214 terrarum
856 2173 897 2213 in
917 2174 1063 2214 ditione
1081 2179 1212 2215 vestra
1231 2173 1294 2222 sit,
1315 2187 1455 2225 cupere
1472 2174 1647 2223 potestis.
1709 2175 1793 2216 Pro

390 2231 590 2285 dignitate
609 2237 645 2270 et
662 2230 798 2284 gloria
817 2232 926 2285 opud
947 2245 1057 2271 omne
1073 2245 1200 2286 genus
1220 2231 1444 2280 humanum,
1464 2230 1608 2284 61φιοιί
1621 2237 1792 2273 vestrum

389 2301 527 2328 nomen
555 2287 830 2352 imperiumque
846 2286 972 2341 juxta
1000 2302 1049 2328 ac
1077 2289 1190 2330 Deos
1216 2286 1478 2329 mmortales
1451 2302 1541 2341 Jam
1560 2287 1743 2340 pridem
1729 2303 1792 2329 m-

392 2351 529 2393 tuetur‚
555 2345 782 2408 pugnastis.
813 2358 901 2398 quae
928 2359 1073 2397 parare
1101 2352 1140 2386 et
1169 2359 1341 2399 quaerere
1365 2345 1528 2385 arduum
1541 2343 1641 2397 suit,
1664 2346 1795 2388 nescio

393 2416 443 2441 an
467 2402 565 2442 tueri
594 2402 790 2457 difficilius
810 2403 868 2443 sit
932 2403 1068 2443 Gentis
1087 2403 1355 2444 vetustissimae
1381 2402 1715 2456 nobilissimaque,
1735 2405 1798 2445 vel

380 2458 503 2509 ⁴lama
538 2473 663 2499 rerum
696 2467 914 2512 gestarum,
949 2460 1013 2500 vel
1048 2461 1148 2500 omn-i
1183 2459 1507 2500 commendatione
1542 2459 1797 2503 humanitatis

841 2538 855 2554 c
872 2540 898 2564 et
914 2535 1067 2573 probabilis
1081 2546 1107 2565 e
1098 2541 1119 2564 t
1136 2535 1233 2566 Gron.
1250 2535 1341 2566 Crev.

437 2613 477 2641 (ιο
513 2610 590 2644 Quas
580 2622 637 2650 qne
680 2612 885 2649 circunyaceut
931 2610 1071 2657 Euroque]
1117 2610 1187 2641 cula
1201 2609 1369 2640 acxidetur
1393 2608 1461 2639 ab
1454 2609 1491 2639 xis
1513 2609 1634 2651 adjecta
1648 2620 1725 2647 esse,
1741 2611 1794 2653 qui

396 2653 436 2682 ]·;.r
463 2663 506 2683 εει*
531 2652 666 2693 regiones
690 2653 829 2694 Luropa,
853 2662 921 2693 quae
944 2653 1072 2683 circum-
1115 2652 1288 2693 ignorarent
1330 2652 1549 2700 prepositionis
1577 2655 1669 2692 juxta
1709 2663 1795 2685 eam-

390 2695 506 2734 jment,
522 2696 585 2725 sim
608 2695 749 2736 adjacent
773 2706 809 2724 ns
823 2705 890 2735 qum
913 2696 1004 2725 modo
1020 2706 1071 2725 no·
1115 2695 1185 2726 dem
1201 2696 1260 2726 sere
1276 2705 1340 2726 esse
1357 2694 1416 2725 vim
1433 2705 1468 2725 ac
1484 2696 1537 2726 τοῦ
1553 2698 1721 2732 secundum,
1736 2709 1795 2727 uon

396 2738 612 2769 ·1=inataesunt
641 2737 735 2768 turris.
766 2737 839 2768 Xid.
865 2738 974 2778 1‘oly.b
997 2739 1070 2777 Leg.
1114 2738 1443 2779 mi›111sq1mm.Si‹l
1462 2739 1520 2769 IX.
1533 2749 1560 2770 c.
1574 2739 1604 2769 9.
1626 2741 1705 2779 opud
1726 2751 1794 2780 quos

393 2781 444 2811 25.
1104 2782 1196 2819 juxta
1233 2783 1345 2812 diuinas
1383 2782 1533 2822 religiones
1560 2783 1636 2821 fides
1667 2783 1793 2813 humana

436 2825 470 2853 61
501 2825 583 2858 Qum!
613 2831 737 2855 restrum
774 2834 872 2853 nomen
903 2824 1069 2863 imperium-
1112 2825 1228 2854 colitur.

393 2869 547 2906 qnejmta
577 2880 610 2898 nc
640 2870 701 2898 dces
727 2890 733 2897 .
761 2890 766 2897 .
791 2868 937 2907 intuetur]
971 2866 1067 2897 Parti-
