1947 3222
302 107 349 146 72
839 97 984 138 TITI
1031 97 1212 139 L1V1'1

90 222 132 253 U.
145 222 184 253 C.
196 222 270 254 554.
361 209 537 252 XXIV.
569 209 686 251 Dum
713 208 804 250 haec
833 209 887 251 ab
910 209 1046 251 navali
1081 211 1269 252 exercitu
1298 218 1519 267 geruntur,
1551 211 1710 262 consul,

87 265 130 317 ⁴³}-
144 265 184 312 Q.
199 266 268 296 198.
302 267 346 307 in
368 266 553 308 Phocide
572 266 633 307 ad·
647 266 832 307 Elatiam
859 267 1005 307 castris
1034 267 1194 321 positis,
1215 267 1350 323 primo
1374 266 1607 323 conloquiis
1624 282 1711 308 rem

87 307 226 391 ξὲὲζζῗ
221 307 291 380 (92²3
302 337 377 379 per
406 323 613 380 principes
634 322 911 363 Elatiensium
940 322 1140 363 tentavit:
1173 331 1412 379 postquam,
1433 323 1537 364 nihil
1563 337 1650 364 esse
1669 323 1714 365 in

303 392 431 420 manu
461 395 551 430 sua,
579 387 621 420 et
679 379 789 420 lures
818 377 1122 433 validioresque
1152 394 1238 420 esse
1267 380 1417 436 regios,
1439 395 1566 436 quam
1595 379 1716 436 oppi-

304 435 448 486 danos,
478 450 627 491 respon
660 436 823 484 ebatur,
853 442 946 476 tum
978 434 1102 475 simul
1136 435 1190 476 ab
1224 438 1337 477 omni
1370 446 1489 493 parte
1518 436 1715 492 operibus

304 492 514 548 armisque
535 492 682 533 urbem
707 499 767 532 est
797 490 1030 545 adgressus.
1089 491 1237 533 Ariete
1257 492 1439 543 admoto,
1462 493 1496 518 ⁰⁶
1508 500 1716 548 quantum

304 548 414 590 inter
443 557 580 590 turres
608 547 718 589 muri
748 554 836 588 erat
865 555 1104 602 prorutum,
1125 563 1259 603 quum
1287 548 1445 604 ingenti
1474 550 1640 604 fragore
1667 564 1714 589 ac

305 604 483 661 strepitu
504 605 702 646 nudasset
731 603 894 652 urbem,
917 603 1040 644 simul
1065 612 1105 645 et
1127 604 1273 646 cohors
1294 606 1486 646 Romana
1504 621 1579 662 per
1599 619 1717 661 aper-

305 669 397 702 tum
426 661 581 702 recenti
611 668 748 715 strage
777 659 857 701 iter
880 659 1060 707 invasit;
1093 668 1134 702 et
1155 675 1207 701 ex
1226 661 1420 704 omnibus
1448 661 1593 718 oppidi
1621 676 1717 718 par-

304 717 433 767 tibus,
454 717 608 758 relictis
638 716 724 757 suis
753 716 934 772 quisque
964 716 1227 767 stationibus,
1248 718 1292 757 in
1321 733 1432 769 eum,
1453 718 1527 774 qui
1556 732 1716 774 preme-

91 788 193 831 Capit.
303 774 431 815 batur
465 773 611 829 inpetu
643 773 844 821 hostium,
875 772 1014 813 locum
1048 782 1359 816 concurrerunt.
1420 774 1583 816 Eodem
1613 782 1716 816 tem-

303 845 403 886 pore
439 830 618 870 Romani
651 838 693 870 et
723 829 864 870 ruinas
897 828 1008 870 muri
1043 828 1392 885 supervadebant,
1422 838 1464 871 et
1499 830 1626 872 scalas
1660 830 1716 872 ad

303 886 457 928 stantia
475 886 629 927 moenia
659 885 907 927 inferebant.
938 893 994 936 et,
1026 885 1128 926 dum
1157 885 1200 926 in
1229 901 1356 927 unam
1382 894 1544 942 partem
1573 886 1716 928 oculos

302 943 544 998 animosque
572 943 758 984 hostium
787 950 996 984 certamen
1019 950 1240 991 averterat,
1262 942 1456 998 pluribus
1477 942 1576 984 locis
1597 943 1716 985 scalis

303 1000 468 1055 capitur
488 1015 649 1049 murus,
670 999 905 1054 armatique
924 998 968 1039 in
988 999 1135 1039 urbem
1155 999 1512 1041 transcenderunt.
1543 1015 1629 1056 quo
1649 1007 1718 1041 tu-

302 1055 443 1097 multu
473 1055 632 1106 audito,
655 1055 790 1097 territi
819 1055 973 1105 hostes,
994 1054 1153 1105 relicto,
1182 1070 1307 1110 quem
1337 1056 1512 1097 conferti
1543 1056 1717 1098 tueban-

302 1120 390 1162 tur,
415 1112 520 1162 loco,
547 1112 588 1153 in
616 1127 752 1153 arcem
779 1126 921 1153 omnes
947 1121 1078 1161 metu,
1099 1111 1246 1153 inermi
1276 1127 1361 1168 quo
1392 1127 1446 1153 ue
1472 1113 1717 1168 insequente

304 1169 444 1219 turba,
466 1169 759 1224 confugerunt.
822 1169 892 1209 Ita
920 1169 1024 1209 urbe
1052 1169 1214 1224 potitur
1241 1128 1396 1210 consul.
1429 1184 1514 1225 qua
1534 1169 1716 1225 direpta,
1934 1174 1940 1210 ἵ»

303 1225 437 1266 missis
466 1224 508 1265 in
539 1240 690 1274 arcem,
716 1225 791 1280 qui
821 1224 951 1266 vitam
980 1224 1120 1280 regiis,
1143 1224 1175 1265 si
1196 1224 1310 1266 abire
1339 1225 1493 1267 vellent
1522 1226 1714 1275 inermes,

302 1281 537 1323 libertatem
569 1281 855 1322 Elatiensibus
883 1281 1194 1337 pollicerentur,
1214 1281 1380 1337 fideque
1411 1283 1454 1323 in
1481 1282 1572 1323 haec
1601 1282 1715 1332 data,
1934 1314 1946 1337 „⁸

302 1347 398 1393 post
419 1353 575 1394 paucos
595 1338 683 1379 dies
704 1353 839 1379 arcem
861 1337 1029 1394 recepit.
1934 1338 1941 1363 *⁵

362 1395 512 1435 XXV.
546 1396 743 1436 Ceterum
773 1394 956 1436 adventu
979 1394 1022 1435 in
1045 1394 1247 1435 Achaiam
1268 1395 1466 1436 Philoclis
1486 1395 1589 1452 regii
1609 1411 1716 1452 prae-

301 1451 400 1493 fecti
425 1466 507 1492 non
531 1451 760 1492 Corinthus
790 1459 955 1492 tantum
985 1450 1159 1492 liberata
1188 1451 1417 1502 obsidione,
1439 1452 1511 1493 sed
1534 1453 1717 1508 Argivo-

90 1519 289 1551 PhilocliAr-
302 1522 397 1548 rum
427 1523 596 1563 quoque
623 1507 768 1548 civitas
789 1521 862 1562 per
889 1507 1094 1562 quosdam
1117 1507 1324 1563 principes
1346 1508 1522 1549 Philocli
1548 1509 1718 1564 prodita

90 1563 258 1604 15081‘10‘15·
302 1572 379 1614 est,
401 1563 572 1606 tentatis
592 1563 710 1619 prius
739 1563 886 1604 animis
915 1563 1061 1618 plebis.
1123 1564 1221 1605 Mos
1241 1572 1345 1614 erat,
1367 1564 1628 1606 comitiorum
1650 1565 1717 1607 die

89 1611 149 1637 ¹¹¹¹·
302 1621 438 1676 primo
474 1620 590 1661 velut
624 1619 773 1660 ominis
808 1635 954 1660 caussa
991 1628 1191 1675 praetores
1262 1621 1506 1662 ronunciare
1546 1623 1714 1673 Jovem,

303 1677 643 1732 Apollinemque,
665 1684 707 1716 et
736 1675 976 1716 Herculem.
1007 1676 1200 1717 additum
1246 1677 1311 1731 egi
1342 1685 1445 1726 erat,
1467 1686 1516 1719 ut
1545 1677 1595 1719 iis
1616 1679 1716 1719 Phi-

302 1733 445 1789 lippus
474 1748 547 1773 rex
578 1731 842 1788 adjiceretur.
875 1732 996 1787 cujus
1016 1747 1165 1773 nomen
1192 1741 1287 1788 post
1308 1742 1472 1789 pactam
1503 1749 1599 1775 cum
1631 1735 1717 1776 Ro-

303 1789 434 1830 manis
465 1790 702 1831 societatem
737 1788 837 1844 quia
869 1803 1007 1844 praeco
1041 1803 1122 1829 non
1155 1789 1322 1844 adjecit,
1353 1789 1546 1831 fremitus
1579 1791 1716 1846 primo

303 1845 588 1888 multitudinis
620 1853 760 1886 ortus:
808 1844 957 1886 deinde
992 1844 1146 1886 clamor
1186 1845 1494 1901 subjicientium
1528 1847 1714 1904 Philippi

303 1917 468 1953 nomen,
493 1902 821 1958 jubentiumque
846 1900 879 1927 ⁹⁷
893 1901 1126 1957 legitimum
1155 1902 1353 1943 honorem
1382 1918 1612 1960 usurpare;
1643 1904 1717 1945 do-

304 1975 379 2000 nec
403 1975 497 2000 cum
529 1958 686 2022 ingenti
719 1958 895 1998 adsensu
927 1973 1075 1999 nomen
1106 1959 1327 2000 recitatum
1357 1967 1431 2001 est.
1493 1960 1640 2016 Hujus
1668 1961 1716 2002 fi-

304 2016 430 2056 ducia
457 2016 611 2057 favorls
642 2014 847 2055 Philocles
877 2015 1096 2056 arcessitus
1125 2023 1245 2056 nocte
1271 2024 1449 2072 occupat
1484 2016 1628 2058 collem
1655 2017 1718 2059 in-

304 2072 526 2114 minentem
560 2071 669 2121 urbi,
701 2071 932 2122 (Larissam
962 2087 1052 2112 eam
1083 2087 1218 2113 arcem
1248 2076 1418 2127 vocant)
1449 2072 1483 2097 ⁹⁸
1496 2073 1715 2130 positoque

304 2128 363 2170 ibi
393 2128 602 2184 praesidio,
623 2143 756 2184 quum
787 2127 891 2168 lucis
917 2127 1123 2191 principio
1143 2128 1271 2185 signis
1300 2129 1461 2171 infestis
1480 2130 1534 2171 ad
1555 2130 1715 2186 subJec-

306 2194 399 2226 tum
428 2185 511 2226 arci
541 2186 679 2226 forum
710 2184 894 2234 vaderet,
916 2192 1120 2226 instructa
1148 2185 1254 2226 acies
1283 2201 1334 2227 ex
1364 2186 1538 2227 adverso
1566 2186 1717 2227 obcur-

307 2242 373 2283 rit.
426 2241 674 2282 Praesidium
696 2249 784 2282 erat
808 2241 1058 2282 Achaeorum
1079 2257 1213 2297 nuper
1233 2241 1473 2298 inpositum,
1495 2243 1713 2298 quingenti

307 2299 392 2339 fere
417 2299 593 2354 juvenes
614 2297 761 2339 delecti
790 2297 974 2339 omnium
1005 2297 1251 2340 civitatium.
1313 2298 1605 2340 AEnesidemus
1627 2300 1717 2355 Dy-

353 2457 396 2487 96
420 2455 573 2490 Quantum
601 2455 677 2485 inter
703 2460 798 2485 turres
820 2456 900 2484 muri
924 2462 987 2485 erat
1031 2466 1065 2486 ra
1079 2466 1116 2486 eo
1133 2454 1253 2486 facilius
1267 2454 1359 2497 recipi
1384 2464 1471 2497 posse
1484 2455 1614 2492 videtur.
1630 2457 1711 2497 quod

307 2498 477 2538 prorutum]
521 2498 626 2533 Quum
663 2497 781 2527 nudata
814 2502 845 2527 et
882 2503 988 2539 aperta
1031 2503 1062 2529 et
1088 2498 1186 2540 priore
1213 2498 1266 2529 illo
1288 2497 1355 2528 loco
1381 2508 1439 2529 vox
1469 2499 1582 2529 honoris
1605 2509 1714 2541 perpe-

309 2543 381 2572 urbs
403 2541 519 2575 fuisset,
537 2545 671 2580 proruto,
695 2550 765 2570 cum
788 2540 904 2580 ingenti
927 2540 987 2570 fra·
1031 2550 1096 2570 ram
1127 2541 1243 2571 intrusa
1271 2540 1380 2572 fuerat.
1431 2540 1516 2571 Ante
1545 2541 1712 2573 Gelenium

309 2595 380 2625 gore
404 2594 440 2614 ac
462 2582 601 2623 strepitu,
625 2588 690 2613 toto
713 2582 766 2612 illo
789 2581 866 2612 muri
889 2583 989 2624 spatio
1030 2583 1192 2624 legebatur
1213 2584 1292 2614 velut
1314 2584 1426 2613 honoris
1449 2594 1554 2614 causa:
1585 2584 1639 2615 ille
1666 2595 1712 2617 re-

310 2627 392 2667 quod
409 2627 486 2657 inter
500 2630 596 2656 turres
610 2630 685 2655 erat.
1032 2625 1133 2667 posuit
1159 2627 1271 2656 ominis.
1315 2626 1493 2667 Legitimum
1521 2637 1601 2657 omen
1624 2638 1713 2658 usur-

354 2669 611 2711 97‘Legitimnm
655 2668 786 2697 honorem
830 2668 988 2708 usurpare]
1030 2679 1118 2707 pare,
1133 2674 1179 2699 est
1199 2678 1312 2699 morem
1336 2669 1492 2700 solennem
1515 2670 1600 2710 sequi
1623 2669 1654 2700 in
1677 2681 1715 2701 eo

314 2711 466 2743 Exhibere
490 2710 633 2753 Philippo
657 2719 694 2741 ex
724 2719 805 2740 more
834 2710 989 2745 honorem,
1032 2711 1132 2741 omine
1158 2710 1313 2752 captando
1340 2711 1423 2753 quod
1453 2711 1573 2753 legibus
1591 2713 1711 2754 jussum

313 2765 403 2794 quern
420 2755 502 2795 leges
512 2753 675 2793 jubebant.
699 2751 900 2794 *Suspicatur
913 2753 991 2783 Gro-
1037 2759 1114 2785 erat.

315 2797 421 2827 novius
444 2798 604 2834 legitimum
627 2806 717 2829 nmen.
744 2800 776 2825 ut
798 2805 889 2836 supra
915 2796 992 2825 velue
1078 2798 1119 2827 98
1158 2796 1305 2836 Positoqm·v
1343 2797 1380 2826 ibi
1414 2799 1565 2840 pra-sidio]
1610 2797 1717 2840 Magis

314 2841 413 2869 eminis
439 2851 536 2869 caum.
583 2840 662 2876 Quae
689 2838 812 2878 quidem
837 2836 990 2878 conjectu·
1037 2838 1181 2879 placeret,
1196 2841 1333 2878 imposito.
