<?xml version="1.0" encoding="UTF-8"?>
<!DOCTYPE html PUBLIC "-//W3C//DTD XHTML 1.0 Transitional//EN"
    "http://www.w3.org/TR/xhtml1/DTD/xhtml1-transitional.dtd">
<html xmlns="http://www.w3.org/1999/xhtml" xml:lang="en" lang="en">
 <head>
  <title>
</title>
<meta http-equiv="Content-Type" content="text/html;charset=utf-8" />
  <meta name='ocr-system' content='tesseract 3.04.00' />
  <meta name='ocr-capabilities' content='ocr_page ocr_carea ocr_par ocr_line ocrx_word'/>
</head>
<body>
  <div class='ocr_page' id='page_1' title='image "./historiarumaburb03livyuoft_0014.png"; bbox 0 0 1947 3222; ppageno 0'>
   <div class='ocr_carea' id='block_1_1' title="bbox 133 244 315 319">
    <p class='ocr_par' dir='ltr' id='par_1_1' title="bbox 133 244 315 319">
     <span class='ocr_line' id='line_1_1' title="bbox 135 244 315 280; baseline -0.017 0"><span class='ocrx_word' id='word_1_1' title='bbox 135 244 225 280; x_wconf 59' lang='grc' dir='ltr'>[λθ.</span> <span class='ocrx_word' id='word_1_2' title='bbox 241 245 315 277; x_wconf 81' lang='grc'><strong>551.</strong></span> 
     </span>
     <span class='ocr_line' id='line_1_2' title="bbox 133 287 314 319; baseline -0.011 0"><span class='ocrx_word' id='word_1_3' title='bbox 133 287 174 319; x_wconf 87' lang='lat' dir='ltr'>A.</span> <span class='ocrx_word' id='word_1_4' title='bbox 190 287 226 319; x_wconf 92' lang='lat' dir='ltr'>C.</span> <span class='ocrx_word' id='word_1_5' title='bbox 240 288 314 318; x_wconf 85' lang='lat'>201.</span> 
     </span>
    </p>
   </div>
   <div class='ocr_carea' id='block_1_2' title="bbox 140 977 336 1094">
    <p class='ocr_par' dir='ltr' id='par_1_2' title="bbox 140 977 336 1094">
     <span class='ocr_line' id='line_1_3' title="bbox 143 977 322 1025; baseline 0.011 -19"><span class='ocrx_word' id='word_1_6' title='bbox 143 977 182 1025; x_wconf 62' lang='lat' dir='ltr'>Q.</span> <span class='ocrx_word' id='word_1_7' title='bbox 200 977 322 1019; x_wconf 84' lang='lat' dir='ltr'>Oppius</span> 
     </span>
     <span class='ocr_line' id='line_1_4' title="bbox 140 1030 331 1051; baseline -0.005 0"><span class='ocrx_word' id='word_1_8' title='bbox 140 1030 331 1051; x_wconf 67' lang='lat' dir='ltr'>circumven&lt;</span> 
     </span>
     <span class='ocr_line' id='line_1_5' title="bbox 141 1063 336 1094; baseline 0.005 -2"><span class='ocrx_word' id='word_1_9' title='bbox 141 1068 191 1094; x_wconf 83' lang='lat' dir='ltr'>tus</span> <span class='ocrx_word' id='word_1_10' title='bbox 206 1073 224 1094; x_wconf 90' lang='lat' dir='ltr'>a</span> <span class='ocrx_word' id='word_1_11' title='bbox 239 1063 336 1094; x_wconf 76' lang='lat' dir='ltr'>Boiis.</span> 
     </span>
    </p>
   </div>
   <div class='ocr_carea' id='block_1_3' title="bbox 343 121 1230 162">
    <p class='ocr_par' dir='ltr' id='par_1_3' title="bbox 343 121 1230 162">
     <span class='ocr_line' id='line_1_6' title="bbox 343 121 1230 162; baseline -0.006 0"><span class='ocrx_word' id='word_1_12' title='bbox 343 130 366 162; x_wconf 78' lang='grc'>4-</span> <span class='ocrx_word' id='word_1_13' title='bbox 847 122 999 160; x_wconf 83' lang='grc' dir='ltr'><strong>ΤΙΤΙ</strong></span> <span class='ocrx_word' id='word_1_14' title='bbox 1049 121 1230 158; x_wconf 90' lang='lat' dir='ltr'>LIVII</span> 
     </span>
    </p>
   </div>
   <div class='ocr_carea' id='block_1_4' title="bbox 345 229 1784 2381">
    <p class='ocr_par' dir='ltr' id='par_1_4' title="bbox 345 229 1778 1519">
     <span class='ocr_line' id='line_1_7' title="bbox 345 229 1767 286; baseline -0.001 -12"><span class='ocrx_word' id='word_1_15' title='bbox 345 239 618 275; x_wconf 83' lang='lat' dir='ltr'><strong>conservaret.</strong></span> <span class='ocrx_word' id='word_1_16' title='bbox 680 230 841 272; x_wconf 91' lang='lat' dir='ltr'>Eodem</span> <span class='ocrx_word' id='word_1_17' title='bbox 873 231 960 271; x_wconf 87' lang='lat' dir='ltr'>fere</span> <span class='ocrx_word' id='word_1_18' title='bbox 990 239 1177 286; x_wconf 85' lang='lat' dir='ltr'>tempore</span> <span class='ocrx_word' id='word_1_19' title='bbox 1202 230 1251 271; x_wconf 92' lang='lat' dir='ltr'>P.</span> <span class='ocrx_word' id='word_1_20' title='bbox 1271 229 1412 270; x_wconf 88' lang='lat' dir='ltr'>AElius</span> <span class='ocrx_word' id='word_1_21' title='bbox 1433 230 1578 271; x_wconf 89' lang='lat' dir='ltr'>consul</span> <span class='ocrx_word' id='word_1_22' title='bbox 1600 231 1645 272; x_wconf 89' lang='lat' dir='ltr'>in</span> <span class='ocrx_word' id='word_1_23' title='bbox 1667 231 1767 272; x_wconf 86' lang='lat' dir='ltr'>Gal-</span> 
     </span>
     <span class='ocr_line' id='line_1_8' title="bbox 345 286 1765 345; baseline -0.001 -14"><span class='ocrx_word' id='word_1_24' title='bbox 345 291 416 340; x_wconf 85' lang='lat' dir='ltr'>lia,</span> <span class='ocrx_word' id='word_1_25' title='bbox 438 303 572 345; x_wconf 90' lang='lat' dir='ltr'>quum</span> <span class='ocrx_word' id='word_1_26' title='bbox 592 287 776 329; x_wconf 82' lang='lat' dir='ltr'>audisset</span> <span class='ocrx_word' id='word_1_27' title='bbox 796 303 821 327; x_wconf 90' lang='lat' dir='ltr'>a</span> <span class='ocrx_word' id='word_1_28' title='bbox 843 287 957 328; x_wconf 89' lang='lat' dir='ltr'>Boiis</span> <span class='ocrx_word' id='word_1_29' title='bbox 978 296 1073 328; x_wconf 90' lang='lat' dir='ltr'>ante</span> <span class='ocrx_word' id='word_1_30' title='bbox 1099 302 1223 328; x_wconf 91' lang='lat' dir='ltr'>suum</span> <span class='ocrx_word' id='word_1_31' title='bbox 1252 286 1481 328; x_wconf 84' lang='lat' dir='ltr'>adventum</span> <span class='ocrx_word' id='word_1_32' title='bbox 1511 287 1765 329; x_wconf 85' lang='lat' dir='ltr'>incursiones</span> 
     </span>
     <span class='ocr_line' id='line_1_9' title="bbox 346 342 1768 402; baseline -0.002 -14"><span class='ocrx_word' id='word_1_33' title='bbox 346 347 390 388; x_wconf 88' lang='lat' dir='ltr'>in</span> <span class='ocrx_word' id='word_1_34' title='bbox 425 361 546 402; x_wconf 88' lang='lat' dir='ltr'>agros</span> <span class='ocrx_word' id='word_1_35' title='bbox 577 344 780 386; x_wconf 90' lang='lat' dir='ltr'>sociorum</span> <span class='ocrx_word' id='word_1_36' title='bbox 811 344 957 391; x_wconf 73' lang='lat' dir='ltr'>factas,</span> <span class='ocrx_word' id='word_1_37' title='bbox 993 343 1160 383; x_wconf 89' lang='lat' dir='ltr'>duabus</span> <span class='ocrx_word' id='word_1_38' title='bbox 1189 342 1423 398; x_wconf 80' lang='lat' dir='ltr'>legionibus</span> <span class='ocrx_word' id='word_1_39' title='bbox 1453 343 1665 385; x_wconf 86' lang='lat' dir='ltr'>subitariis</span> <span class='ocrx_word' id='word_1_40' title='bbox 1702 351 1768 385; x_wconf 88' lang='lat' dir='ltr'>tu-</span> 
     </span>
     <span class='ocr_line' id='line_1_10' title="bbox 347 398 1767 456; baseline -0.002 -12"><span class='ocrx_word' id='word_1_41' title='bbox 347 402 508 444; x_wconf 86' lang='lat' dir='ltr'>multus</span> <span class='ocrx_word' id='word_1_42' title='bbox 528 401 618 456; x_wconf 83' lang='lat' dir='ltr'>ejus</span> <span class='ocrx_word' id='word_1_43' title='bbox 639 415 784 441; x_wconf 83' lang='lat' dir='ltr'>caussa</span> <span class='ocrx_word' id='word_1_44' title='bbox 805 399 983 455; x_wconf 85' lang='lat' dir='ltr'>scriptis,</span> <span class='ocrx_word' id='word_1_45' title='bbox 1001 399 1240 454; x_wconf 90' lang='lat' dir='ltr'>additisque</span> <span class='ocrx_word' id='word_1_46' title='bbox 1261 398 1316 439; x_wconf 90' lang='lat' dir='ltr'>ad</span> <span class='ocrx_word' id='word_1_47' title='bbox 1336 414 1403 439; x_wconf 88' lang='lat' dir='ltr'>eas</span> <span class='ocrx_word' id='word_1_48' title='bbox 1425 408 1608 455; x_wconf 90' lang='lat' dir='ltr'>quatuor</span> <span class='ocrx_word' id='word_1_49' title='bbox 1623 400 1767 441; x_wconf 84' lang='lat' dir='ltr'>cohor-</span> 
     </span>
     <span class='ocr_line' id='line_1_11' title="bbox 349 455 1768 511; baseline -0.002 -10"><span class='ocrx_word' id='word_1_50' title='bbox 349 459 464 502; x_wconf 84' lang='lat' dir='ltr'>tibus</span> <span class='ocrx_word' id='word_1_51' title='bbox 484 458 536 499; x_wconf 91' lang='lat' dir='ltr'>de</span> <span class='ocrx_word' id='word_1_52' title='bbox 565 457 751 498; x_wconf 85' lang='lat' dir='ltr'>exercitu</span> <span class='ocrx_word' id='word_1_53' title='bbox 783 472 872 505; x_wconf 91' lang='lat' dir='ltr'>suo,</span> <span class='ocrx_word' id='word_1_54' title='bbox 895 455 984 495; x_wconf 85' lang='lat' dir='ltr'>l¹C.</span> <span class='ocrx_word' id='word_1_55' title='bbox 1008 455 1196 511; x_wconf 90' lang='lat' dir='ltr'>Oppium</span> <span class='ocrx_word' id='word_1_56' title='bbox 1225 455 1472 511; x_wconf 77' lang='lat' dir='ltr'>praefectum</span> <span class='ocrx_word' id='word_1_57' title='bbox 1503 456 1660 498; x_wconf 90' lang='lat' dir='ltr'>socium</span> <span class='ocrx_word' id='word_1_58' title='bbox 1689 456 1768 498; x_wconf 91' lang='lat' dir='ltr'>hac</span> 
     </span>
     <span class='ocr_line' id='line_1_12' title="bbox 350 511 1765 569; baseline -0.002 -12"><span class='ocrx_word' id='word_1_59' title='bbox 350 513 630 557; x_wconf 89' lang='lat' dir='ltr'>tumultuaria</span> <span class='ocrx_word' id='word_1_60' title='bbox 648 527 775 553; x_wconf 90' lang='lat' dir='ltr'>manu</span> <span class='ocrx_word' id='word_1_61' title='bbox 797 512 909 568; x_wconf 77' lang='lat' dir='ltr'>¹⁶²pe1·</span> <span class='ocrx_word' id='word_1_62' title='bbox 934 511 1155 553; x_wconf 80' lang='lat' dir='ltr'>Umbriam</span> <span class='ocrx_word' id='word_1_63' title='bbox 1174 511 1321 567; x_wconf 89' lang='lat' dir='ltr'>(quam</span> <span class='ocrx_word' id='word_1_64' title='bbox 1343 512 1502 553; x_wconf 87' lang='lat' dir='ltr'>tribum</span> <span class='ocrx_word' id='word_1_65' title='bbox 1526 513 1765 569; x_wconf 89' lang='lat' dir='ltr'>Sappiniam</span> 
     </span>
     <span class='ocr_line' id='line_1_13' title="bbox 352 568 1770 626; baseline -0.005 -13"><span class='ocrx_word' id='word_1_66' title='bbox 352 574 522 625; x_wconf 89' lang='lat' dir='ltr'>vocant)</span> <span class='ocrx_word' id='word_1_67' title='bbox 554 585 703 626; x_wconf 87' lang='lat' dir='ltr'>agrum</span> <span class='ocrx_word' id='word_1_68' title='bbox 735 569 935 610; x_wconf 90' lang='lat' dir='ltr'>Boiorum</span> <span class='ocrx_word' id='word_1_69' title='bbox 965 568 1162 609; x_wconf 90' lang='lat' dir='ltr'>invadere</span> <span class='ocrx_word' id='word_1_70' title='bbox 1187 568 1326 624; x_wconf 83' lang='lat' dir='ltr'>jussit.</span> <span class='ocrx_word' id='word_1_71' title='bbox 1358 569 1447 624; x_wconf 92' lang='lat' dir='ltr'>ipse</span> <span class='ocrx_word' id='word_1_72' title='bbox 1472 569 1631 619; x_wconf 90' lang='lat' dir='ltr'>eodem,</span> <span class='ocrx_word' id='word_1_73' title='bbox 1653 585 1770 626; x_wconf 79' lang='lat' dir='ltr'>aper-</span> 
     </span>
     <span class='ocr_line' id='line_1_14' title="bbox 354 624 1772 683; baseline -0.001 -13"><span class='ocrx_word' id='word_1_74' title='bbox 354 637 399 670; x_wconf 90' lang='lat' dir='ltr'>to</span> <span class='ocrx_word' id='word_1_75' title='bbox 428 627 590 677; x_wconf 90' lang='lat' dir='ltr'>itinere,</span> <span class='ocrx_word' id='word_1_76' title='bbox 617 626 730 683; x_wconf 78' lang='lat' dir='ltr'>¹³per</span> <span class='ocrx_word' id='word_1_77' title='bbox 765 625 923 666; x_wconf 80' lang='lat' dir='ltr'>medjos</span> <span class='ocrx_word' id='word_1_78' title='bbox 955 633 1116 666; x_wconf 87' lang='lat' dir='ltr'>montes</span> <span class='ocrx_word' id='word_1_79' title='bbox 1151 624 1289 665; x_wconf 84' lang='lat' dir='ltr'>duxit.</span> <span class='ocrx_word' id='word_1_80' title='bbox 1351 625 1530 680; x_wconf 90' lang='lat' dir='ltr'>Oppius,</span> <span class='ocrx_word' id='word_1_81' title='bbox 1562 625 1772 681; x_wconf 88' lang='lat' dir='ltr'>ingressus</span> 
     </span>
     <span class='ocr_line' id='line_1_15' title="bbox 353 681 1773 738; baseline -0.001 -12"><span class='ocrx_word' id='word_1_82' title='bbox 353 685 539 726; x_wconf 86' lang='lat' dir='ltr'>hostium</span> <span class='ocrx_word' id='word_1_83' title='bbox 579 684 694 731; x_wconf 87' lang='lat' dir='ltr'>fines,</span> <span class='ocrx_word' id='word_1_84' title='bbox 731 682 866 738; x_wconf 87' lang='lat' dir='ltr'>primo</span> <span class='ocrx_word' id='word_1_85' title='bbox 901 681 1192 738; x_wconf 85' lang='lat' dir='ltr'>populationes</span> <span class='ocrx_word' id='word_1_86' title='bbox 1227 681 1325 723; x_wconf 88' lang='lat' dir='ltr'>satis</span> <span class='ocrx_word' id='word_1_87' title='bbox 1359 696 1555 737; x_wconf 87' lang='lat' dir='ltr'>prospere</span> <span class='ocrx_word' id='word_1_88' title='bbox 1590 697 1638 723; x_wconf 88' lang='lat' dir='ltr'>ac</span> <span class='ocrx_word' id='word_1_89' title='bbox 1677 691 1773 725; x_wconf 92' lang='lat' dir='ltr'>tuto</span> 
     </span>
     <span class='ocr_line' id='line_1_16' title="bbox 353 738 1772 789; baseline -0.001 -6"><span class='ocrx_word' id='word_1_90' title='bbox 353 741 465 783; x_wconf 88' lang='lat' dir='ltr'>fecit.</span> <span class='ocrx_word' id='word_1_91' title='bbox 497 740 658 782; x_wconf 88' lang='lat' dir='ltr'>delecto</span> <span class='ocrx_word' id='word_1_92' title='bbox 679 739 828 780; x_wconf 91' lang='lat' dir='ltr'>deinde</span> <span class='ocrx_word' id='word_1_93' title='bbox 850 738 903 779; x_wconf 91' lang='lat' dir='ltr'>ad</span> <span class='ocrx_word' id='word_1_94' title='bbox 925 746 1107 779; x_wconf 89' lang='lat' dir='ltr'>castrum</span> <span class='ocrx_word' id='word_1_95' title='bbox 1131 738 1339 779; x_wconf 90' lang='lat' dir='ltr'>Mutilum</span> <span class='ocrx_word' id='word_1_96' title='bbox 1360 739 1459 779; x_wconf 90' lang='lat' dir='ltr'>satis</span> <span class='ocrx_word' id='word_1_97' title='bbox 1489 738 1637 780; x_wconf 91' lang='lat' dir='ltr'>idoneo</span> <span class='ocrx_word' id='word_1_98' title='bbox 1667 739 1772 789; x_wconf 91' lang='lat' dir='ltr'>loco,</span> 
     </span>
     <span class='ocr_line' id='line_1_17' title="bbox 355 794 1772 852; baseline -0.001 -13"><span class='ocrx_word' id='word_1_99' title='bbox 355 798 410 840; x_wconf 89' lang='lat' dir='ltr'>ad</span> <span class='ocrx_word' id='word_1_100' title='bbox 439 796 687 838; x_wconf 85' lang='lat' dir='ltr'>demetenda</span> <span class='ocrx_word' id='word_1_101' title='bbox 716 795 928 837; x_wconf 88' lang='lat' dir='ltr'>frumenta</span> <span class='ocrx_word' id='word_1_102' title='bbox 960 794 1068 850; x_wconf 86' lang='lat' dir='ltr'>(jam</span> <span class='ocrx_word' id='word_1_103' title='bbox 1099 794 1206 835; x_wconf 91' lang='lat' dir='ltr'>enim</span> <span class='ocrx_word' id='word_1_104' title='bbox 1238 803 1415 835; x_wconf 85' lang='lat' dir='ltr'>maturae</span> <span class='ocrx_word' id='word_1_105' title='bbox 1443 803 1560 836; x_wconf 87' lang='lat' dir='ltr'>erant</span> <span class='ocrx_word' id='word_1_106' title='bbox 1593 798 1772 852; x_wconf 88' lang='lat' dir='ltr'>segetes)</span> 
     </span>
     <span class='ocr_line' id='line_1_18' title="bbox 354 851 1772 912; baseline -0.002 -16"><span class='ocrx_word' id='word_1_107' title='bbox 354 855 583 912; x_wconf 88' lang='lat' dir='ltr'>profectus,</span> <span class='ocrx_word' id='word_1_108' title='bbox 604 868 739 908; x_wconf 89' lang='lat' dir='ltr'>neque</span> <span class='ocrx_word' id='word_1_109' title='bbox 760 852 977 909; x_wconf 86' lang='lat' dir='ltr'>explorato</span> <span class='ocrx_word' id='word_1_110' title='bbox 998 851 1120 901; x_wconf 89' lang='lat' dir='ltr'>circa,</span> <span class='ocrx_word' id='word_1_111' title='bbox 1143 866 1217 891; x_wconf 89' lang='lat' dir='ltr'>nec</span> <span class='ocrx_word' id='word_1_112' title='bbox 1239 851 1488 892; x_wconf 89' lang='lat' dir='ltr'>stationibus</span> <span class='ocrx_word' id='word_1_113' title='bbox 1509 851 1607 893; x_wconf 89' lang='lat' dir='ltr'>satis</span> <span class='ocrx_word' id='word_1_114' title='bbox 1627 853 1772 903; x_wconf 86' lang='lat' dir='ltr'>firmis,</span> 
     </span>
     <span class='ocr_line' id='line_1_19' title="bbox 355 907 1775 968; baseline -0.002 -15"><span class='ocrx_word' id='word_1_115' title='bbox 355 927 453 968; x_wconf 88' lang='lat' dir='ltr'>quae</span> <span class='ocrx_word' id='word_1_116' title='bbox 474 919 645 952; x_wconf 90' lang='lat' dir='ltr'>armatae</span> <span class='ocrx_word' id='word_1_117' title='bbox 675 910 851 950; x_wconf 89' lang='lat' dir='ltr'>inermes</span> <span class='ocrx_word' id='word_1_118' title='bbox 881 916 1008 963; x_wconf 87' lang='lat' dir='ltr'>atque</span> <span class='ocrx_word' id='word_1_119' title='bbox 1032 907 1149 964; x_wconf 89' lang='lat' dir='ltr'>operi</span> <span class='ocrx_word' id='word_1_120' title='bbox 1181 907 1361 949; x_wconf 90' lang='lat' dir='ltr'>intentos</span> <span class='ocrx_word' id='word_1_121' title='bbox 1391 915 1644 957; x_wconf 88' lang='lat' dir='ltr'>tutarentur,</span> <span class='ocrx_word' id='word_1_122' title='bbox 1666 910 1775 965; x_wconf 91' lang='lat' dir='ltr'>posi-</span> 
     </span>
     <span class='ocr_line' id='line_1_20' title="bbox 356 963 1776 1024; baseline -0.002 -14"><span class='ocrx_word' id='word_1_123' title='bbox 356 969 424 1018; x_wconf 89' lang='lat' dir='ltr'>tis,</span> <span class='ocrx_word' id='word_1_124' title='bbox 446 967 658 1024; x_wconf 89' lang='lat' dir='ltr'>inproviso</span> <span class='ocrx_word' id='word_1_125' title='bbox 688 967 835 1022; x_wconf 90' lang='lat' dir='ltr'>inpetu</span> <span class='ocrx_word' id='word_1_126' title='bbox 859 965 1079 1007; x_wconf 89' lang='lat' dir='ltr'>Gallorum</span> <span class='ocrx_word' id='word_1_127' title='bbox 1105 979 1201 1005; x_wconf 90' lang='lat' dir='ltr'>cum</span> <span class='ocrx_word' id='word_1_128' title='bbox 1221 963 1596 1005; x_wconf 85' lang='lat' dir='ltr'>frumentatoribus</span> <span class='ocrx_word' id='word_1_129' title='bbox 1616 973 1678 1006; x_wconf 91' lang='lat' dir='ltr'>est</span> <span class='ocrx_word' id='word_1_130' title='bbox 1698 967 1776 1007; x_wconf 85' lang='lat' dir='ltr'>cir-</span> 
     </span>
     <span class='ocr_line' id='line_1_21' title="bbox 358 1020 1776 1078; baseline -0.002 -12"><span class='ocrx_word' id='word_1_131' title='bbox 358 1032 617 1066; x_wconf 85' lang='lat' dir='ltr'>cumventus.</span> <span class='ocrx_word' id='word_1_132' title='bbox 680 1023 787 1063; x_wconf 93' lang='lat' dir='ltr'>Inde</span> <span class='ocrx_word' id='word_1_133' title='bbox 811 1037 941 1078; x_wconf 85' lang='lat' dir='ltr'>pavor</span> <span class='ocrx_word' id='word_1_134' title='bbox 961 1021 1150 1077; x_wconf 86' lang='lat' dir='ltr'>fugaque</span> <span class='ocrx_word' id='word_1_135' title='bbox 1171 1020 1294 1062; x_wconf 87' lang='lat' dir='ltr'>etiam</span> <span class='ocrx_word' id='word_1_136' title='bbox 1317 1029 1498 1062; x_wconf 89' lang='lat' dir='ltr'>armatos</span> <span class='ocrx_word' id='word_1_137' title='bbox 1518 1021 1642 1076; x_wconf 85' lang='lat' dir='ltr'>cepit.</span> <span class='ocrx_word' id='word_1_138' title='bbox 1701 1022 1776 1063; x_wconf 93' lang='lat' dir='ltr'>Ad</span> 
     </span>
     <span class='ocr_line' id='line_1_22' title="bbox 358 1078 1777 1138; baseline -0.002 -15"><span class='ocrx_word' id='word_1_139' title='bbox 358 1091 515 1138; x_wconf 87' lang='lat' dir='ltr'>septem</span> <span class='ocrx_word' id='word_1_140' title='bbox 537 1080 666 1121; x_wconf 88' lang='lat' dir='ltr'>millia</span> <span class='ocrx_word' id='word_1_141' title='bbox 686 1080 903 1120; x_wconf 90' lang='lat' dir='ltr'>hominum</span> <span class='ocrx_word' id='word_1_142' title='bbox 933 1078 1074 1134; x_wconf 88' lang='lat' dir='ltr'>palata</span> <span class='ocrx_word' id='word_1_143' title='bbox 1104 1093 1178 1134; x_wconf 90' lang='lat' dir='ltr'>per</span> <span class='ocrx_word' id='word_1_144' title='bbox 1208 1085 1367 1132; x_wconf 87' lang='lat' dir='ltr'>segetes</span> <span class='ocrx_word' id='word_1_145' title='bbox 1388 1086 1485 1118; x_wconf 91' lang='lat' dir='ltr'>sunt</span> <span class='ocrx_word' id='word_1_146' title='bbox 1506 1092 1635 1119; x_wconf 87' lang='lat' dir='ltr'>caesa:</span> <span class='ocrx_word' id='word_1_147' title='bbox 1668 1078 1777 1120; x_wconf 88' lang='lat' dir='ltr'>inter</span> 
     </span>
     <span class='ocr_line' id='line_1_23' title="bbox 356 1135 1777 1195; baseline -0.002 -16"><span class='ocrx_word' id='word_1_148' title='bbox 356 1154 462 1195; x_wconf 91' lang='lat' dir='ltr'>quos</span> <span class='ocrx_word' id='word_1_149' title='bbox 492 1139 581 1194; x_wconf 88' lang='lat' dir='ltr'>ipse</span> <span class='ocrx_word' id='word_1_150' title='bbox 614 1138 661 1178; x_wconf 89' lang='lat' dir='ltr'>C.</span> <span class='ocrx_word' id='word_1_151' title='bbox 685 1136 850 1193; x_wconf 88' lang='lat' dir='ltr'>Oppius</span> <span class='ocrx_word' id='word_1_152' title='bbox 879 1135 1118 1191; x_wconf 87' lang='lat' dir='ltr'>praefectus.</span> <span class='ocrx_word' id='word_1_153' title='bbox 1149 1135 1274 1175; x_wconf 91' lang='lat' dir='ltr'>ceteri</span> <span class='ocrx_word' id='word_1_154' title='bbox 1295 1135 1339 1175; x_wconf 91' lang='lat' dir='ltr'>in</span> <span class='ocrx_word' id='word_1_155' title='bbox 1360 1142 1494 1176; x_wconf 89' lang='lat' dir='ltr'>castra</span> <span class='ocrx_word' id='word_1_156' title='bbox 1522 1143 1639 1176; x_wconf 91' lang='lat' dir='ltr'>metu</span> <span class='ocrx_word' id='word_1_157' title='bbox 1668 1151 1777 1176; x_wconf 89' lang='lat' dir='ltr'>com-</span> 
     </span>
     <span class='ocr_line' id='line_1_24' title="bbox 356 1190 1775 1252; baseline -0.002 -16"><span class='ocrx_word' id='word_1_158' title='bbox 356 1195 483 1252; x_wconf 89' lang='lat' dir='ltr'>pulsi,</span> <span class='ocrx_word' id='word_1_159' title='bbox 504 1194 601 1235; x_wconf 91' lang='lat' dir='ltr'>inde</span> <span class='ocrx_word' id='word_1_160' title='bbox 622 1193 709 1234; x_wconf 90' lang='lat' dir='ltr'>sine</span> <span class='ocrx_word' id='word_1_161' title='bbox 736 1201 850 1234; x_wconf 91' lang='lat' dir='ltr'>certo</span> <span class='ocrx_word' id='word_1_162' title='bbox 880 1192 986 1233; x_wconf 88' lang='lat' dir='ltr'>duce</span> <span class='ocrx_word' id='word_1_163' title='bbox 1007 1206 1209 1232; x_wconf 88' lang='lat' dir='ltr'>consensu</span> <span class='ocrx_word' id='word_1_164' title='bbox 1229 1190 1399 1232; x_wconf 85' lang='lat' dir='ltr'>militari</span> <span class='ocrx_word' id='word_1_165' title='bbox 1429 1191 1620 1247; x_wconf 86' lang='lat' dir='ltr'>proxima</span> <span class='ocrx_word' id='word_1_166' title='bbox 1639 1200 1775 1242; x_wconf 88' lang='lat' dir='ltr'>nocte,</span> 
     </span>
     <span class='ocr_line' id='line_1_25' title="bbox 356 1248 1778 1307; baseline -0.002 -14"><span class='ocrx_word' id='word_1_167' title='bbox 356 1252 502 1293; x_wconf 91' lang='lat' dir='ltr'>relicta</span> <span class='ocrx_word' id='word_1_168' title='bbox 531 1265 683 1307; x_wconf 87' lang='lat' dir='ltr'>magna</span> <span class='ocrx_word' id='word_1_169' title='bbox 709 1257 829 1305; x_wconf 86' lang='lat' dir='ltr'>parte</span> <span class='ocrx_word' id='word_1_170' title='bbox 856 1263 996 1289; x_wconf 86' lang='lat' dir='ltr'>rerum</span> <span class='ocrx_word' id='word_1_171' title='bbox 1021 1263 1207 1298; x_wconf 83' lang='lat' dir='ltr'>suarum,</span> <span class='ocrx_word' id='word_1_172' title='bbox 1229 1248 1284 1289; x_wconf 87' lang='lat' dir='ltr'>ad</span> <span class='ocrx_word' id='word_1_173' title='bbox 1304 1248 1513 1288; x_wconf 89' lang='lat' dir='ltr'>consulem</span> <span class='ocrx_word' id='word_1_174' title='bbox 1542 1263 1617 1304; x_wconf 88' lang='lat' dir='ltr'>per</span> <span class='ocrx_word' id='word_1_175' title='bbox 1647 1248 1778 1290; x_wconf 89' lang='lat' dir='ltr'>saltus</span> 
     </span>
     <span class='ocr_line' id='line_1_26' title="bbox 356 1304 1778 1365; baseline -0.003 -15"><span class='ocrx_word' id='word_1_176' title='bbox 356 1323 488 1365; x_wconf 88' lang='lat' dir='ltr'>prope</span> <span class='ocrx_word' id='word_1_177' title='bbox 514 1307 648 1348; x_wconf 89' lang='lat' dir='ltr'>invios</span> <span class='ocrx_word' id='word_1_178' title='bbox 675 1321 911 1363; x_wconf 89' lang='lat' dir='ltr'>pervenere.</span> <span class='ocrx_word' id='word_1_179' title='bbox 943 1304 1033 1360; x_wconf 86' lang='lat' dir='ltr'>qui,</span> <span class='ocrx_word' id='word_1_180' title='bbox 1054 1304 1132 1345; x_wconf 91' lang='lat' dir='ltr'>nisi</span> <span class='ocrx_word' id='word_1_181' title='bbox 1159 1305 1275 1360; x_wconf 90' lang='lat' dir='ltr'>quod</span> <span class='ocrx_word' id='word_1_182' title='bbox 1302 1304 1532 1360; x_wconf 90' lang='lat' dir='ltr'>populatus</span> <span class='ocrx_word' id='word_1_183' title='bbox 1561 1314 1622 1346; x_wconf 91' lang='lat' dir='ltr'>est</span> <span class='ocrx_word' id='word_1_184' title='bbox 1655 1306 1778 1346; x_wconf 90' lang='lat' dir='ltr'>Boio-</span> 
     </span>
     <span class='ocr_line' id='line_1_27' title="bbox 357 1361 1777 1417; baseline -0.003 -11"><span class='ocrx_word' id='word_1_185' title='bbox 357 1381 451 1406; x_wconf 89' lang='lat' dir='ltr'>rum</span> <span class='ocrx_word' id='word_1_186' title='bbox 486 1365 603 1415; x_wconf 88' lang='lat' dir='ltr'>fines,</span> <span class='ocrx_word' id='word_1_187' title='bbox 639 1372 681 1405; x_wconf 92' lang='lat' dir='ltr'>et</span> <span class='ocrx_word' id='word_1_188' title='bbox 716 1378 811 1404; x_wconf 91' lang='lat' dir='ltr'>cum</span> <span class='ocrx_word' id='word_1_189' title='bbox 849 1361 1052 1417; x_wconf 84' lang='lat' dir='ltr'>Ingaunis</span> <span class='ocrx_word' id='word_1_190' title='bbox 1091 1361 1325 1417; x_wconf 86' lang='lat' dir='ltr'>Liguribus</span> <span class='ocrx_word' id='word_1_191' title='bbox 1359 1361 1499 1402; x_wconf 78' lang='lat' dir='ltr'>foedus</span> <span class='ocrx_word' id='word_1_192' title='bbox 1534 1361 1621 1412; x_wconf 89' lang='lat' dir='ltr'>icit,</span> <span class='ocrx_word' id='word_1_193' title='bbox 1657 1362 1777 1411; x_wconf 89' lang='lat' dir='ltr'>nihil,</span> 
     </span>
     <span class='ocr_line' id='line_1_28' title="bbox 357 1417 1778 1478; baseline -0.001 -16"><span class='ocrx_word' id='word_1_194' title='bbox 357 1421 473 1478; x_wconf 92' lang='lat' dir='ltr'>quod</span> <span class='ocrx_word' id='word_1_195' title='bbox 504 1429 609 1462; x_wconf 88' lang='lat' dir='ltr'>esset</span> <span class='ocrx_word' id='word_1_196' title='bbox 640 1419 921 1469; x_wconf 86' lang='lat' dir='ltr'>memorabile,</span> <span class='ocrx_word' id='word_1_197' title='bbox 943 1417 1060 1458; x_wconf 87' lang='lat' dir='ltr'>aliud</span> <span class='ocrx_word' id='word_1_198' title='bbox 1089 1418 1132 1459; x_wconf 90' lang='lat' dir='ltr'>in</span> <span class='ocrx_word' id='word_1_199' title='bbox 1162 1417 1376 1474; x_wconf 89' lang='lat' dir='ltr'>provincia</span> <span class='ocrx_word' id='word_1_200' title='bbox 1405 1433 1539 1474; x_wconf 90' lang='lat' dir='ltr'>quum</span> <span class='ocrx_word' id='word_1_201' title='bbox 1569 1418 1778 1474; x_wconf 86' lang='lat' dir='ltr'>gessisset,</span> 
     </span>
     <span class='ocr_line' id='line_1_29' title="bbox 359 1477 698 1519; baseline -0.006 0"><span class='ocrx_word' id='word_1_202' title='bbox 359 1480 540 1519; x_wconf 88' lang='lat' dir='ltr'>Romam</span> <span class='ocrx_word' id='word_1_203' title='bbox 561 1477 698 1518; x_wconf 88' lang='lat' dir='ltr'>rediit.</span> 
     </span>
    </p>

    <p class='ocr_par' dir='ltr' id='par_1_5' title="bbox 358 1531 1784 2381">
     <span class='ocr_line' id='line_1_30' title="bbox 419 1531 1780 1589; baseline -0.002 -13"><span class='ocrx_word' id='word_1_204' title='bbox 419 1536 512 1576; x_wconf 90' lang='grc' dir='ltr'><strong>ΙΙΙ.</strong></span> <span class='ocrx_word' id='word_1_205' title='bbox 543 1535 686 1584; x_wconf 81' lang='lat' dir='ltr'>Quum</span> <span class='ocrx_word' id='word_1_206' title='bbox 706 1532 889 1589; x_wconf 89' lang='lat' dir='ltr'>primum</span> <span class='ocrx_word' id='word_1_207' title='bbox 911 1540 1100 1573; x_wconf 86' lang='lat' dir='ltr'>senatum</span> <span class='ocrx_word' id='word_1_208' title='bbox 1122 1531 1287 1580; x_wconf 90' lang='lat' dir='ltr'>habuit,</span> <span class='ocrx_word' id='word_1_209' title='bbox 1309 1532 1512 1573; x_wconf 89' lang='lat' dir='ltr'>universis</span> <span class='ocrx_word' id='word_1_210' title='bbox 1532 1532 1780 1588; x_wconf 87' lang='lat' dir='ltr'>postulanti-</span> 
     </span>
     <span class='ocr_line' id='line_1_31' title="bbox 358 1587 1780 1646; baseline -0.003 -12"><span class='ocrx_word' id='word_1_211' title='bbox 358 1592 454 1641; x_wconf 89' lang='lat' dir='ltr'>bus,</span> <span class='ocrx_word' id='word_1_212' title='bbox 487 1606 539 1632; x_wconf 88' lang='lat' dir='ltr'>ne</span> <span class='ocrx_word' id='word_1_213' title='bbox 569 1605 696 1646; x_wconf 91' lang='lat' dir='ltr'>quam</span> <span class='ocrx_word' id='word_1_214' title='bbox 726 1590 845 1645; x_wconf 89' lang='lat' dir='ltr'>prius</span> <span class='ocrx_word' id='word_1_215' title='bbox 879 1604 982 1638; x_wconf 84' lang='lat' dir='ltr'>rem,</span> <span class='ocrx_word' id='word_1_216' title='bbox 1018 1603 1146 1644; x_wconf 87' lang='lat' dir='ltr'>quam</span> <span class='ocrx_word' id='word_1_217' title='bbox 1176 1588 1228 1628; x_wconf 94' lang='lat' dir='ltr'>de</span> <span class='ocrx_word' id='word_1_218' title='bbox 1260 1587 1402 1643; x_wconf 88' lang='lat' dir='ltr'>Philip</span> <span class='ocrx_word' id='word_1_219' title='bbox 1435 1603 1459 1628; x_wconf 95' lang='lat' dir='ltr'>o</span> <span class='ocrx_word' id='word_1_220' title='bbox 1489 1589 1780 1645; x_wconf 88' lang='lat' dir='ltr'>sociorumque</span> 
     </span>
     <span class='ocr_line' id='line_1_32' title="bbox 360 1644 1781 1705; baseline -0.001 -16"><span class='ocrx_word' id='word_1_221' title='bbox 360 1648 556 1705; x_wconf 85' lang='lat' dir='ltr'>quereliS,</span> <span class='ocrx_word' id='word_1_222' title='bbox 587 1654 755 1701; x_wconf 84' lang='lat' dir='ltr'>ageret;</span> <span class='ocrx_word' id='word_1_223' title='bbox 802 1645 981 1686; x_wconf 91' lang='lat' dir='ltr'>relatum</span> <span class='ocrx_word' id='word_1_224' title='bbox 1016 1644 1226 1700; x_wconf 89' lang='lat' dir='ltr'>extemplo</span> <span class='ocrx_word' id='word_1_225' title='bbox 1261 1652 1347 1685; x_wconf 88' lang='lat' dir='ltr'>est:</span> <span class='ocrx_word' id='word_1_226' title='bbox 1425 1645 1663 1700; x_wconf 89' lang='lat' dir='ltr'>ecrevitque</span> <span class='ocrx_word' id='word_1_227' title='bbox 1697 1646 1781 1687; x_wconf 84' lang='lat' dir='ltr'>fre-</span> 
     </span>
     <span class='ocr_line' id='line_1_33' title="bbox 361 1700 1778 1762; baseline -0.002 -16"><span class='ocrx_word' id='word_1_228' title='bbox 361 1720 495 1762; x_wconf 90' lang='lat' dir='ltr'>quens</span> <span class='ocrx_word' id='word_1_229' title='bbox 525 1711 706 1753; x_wconf 82' lang='lat' dir='ltr'>senatus,</span> <span class='ocrx_word' id='word_1_230' title='bbox 730 1710 778 1743; x_wconf 87' lang='lat' dir='ltr'>ut</span> <span class='ocrx_word' id='word_1_231' title='bbox 804 1703 852 1742; x_wconf 91' lang='lat' dir='ltr'>P.</span> <span class='ocrx_word' id='word_1_232' title='bbox 876 1701 1016 1742; x_wconf 84' lang='lat' dir='ltr'>AElius</span> <span class='ocrx_word' id='word_1_233' title='bbox 1045 1700 1205 1749; x_wconf 90' lang='lat' dir='ltr'>consul,</span> <span class='ocrx_word' id='word_1_234' title='bbox 1227 1715 1354 1756; x_wconf 91' lang='lat' dir='ltr'>quem</span> <span class='ocrx_word' id='word_1_235' title='bbox 1376 1701 1588 1743; x_wconf 90' lang='lat' dir='ltr'>videretur</span> <span class='ocrx_word' id='word_1_236' title='bbox 1609 1701 1661 1751; x_wconf 88' lang='lat' dir='ltr'>ei,</span> <span class='ocrx_word' id='word_1_237' title='bbox 1683 1717 1778 1743; x_wconf 89' lang='lat' dir='ltr'>cum</span> 
     </span>
     <span class='ocr_line' id='line_1_34' title="bbox 361 1757 1780 1818; baseline -0.001 -16"><span class='ocrx_word' id='word_1_238' title='bbox 361 1760 538 1818; x_wconf 90' lang='lat' dir='ltr'>imperio</span> <span class='ocrx_word' id='word_1_239' title='bbox 568 1759 766 1808; x_wconf 88' lang='lat' dir='ltr'>mitteret,</span> <span class='ocrx_word' id='word_1_240' title='bbox 798 1758 888 1814; x_wconf 91' lang='lat' dir='ltr'>qui,</span> <span class='ocrx_word' id='word_1_241' title='bbox 919 1757 1046 1798; x_wconf 87' lang='lat' dir='ltr'>classe</span> <span class='ocrx_word' id='word_1_242' title='bbox 1076 1768 1260 1812; x_wconf 89' lang='lat' dir='ltr'>accepta,</span> <span class='ocrx_word' id='word_1_243' title='bbox 1291 1772 1418 1813; x_wconf 86' lang='lat' dir='ltr'>quam</span> <span class='ocrx_word' id='word_1_244' title='bbox 1448 1772 1500 1798; x_wconf 85' lang='lat' dir='ltr'>ex</span> <span class='ocrx_word' id='word_1_245' title='bbox 1533 1757 1672 1798; x_wconf 89' lang='lat' dir='ltr'>Sicilia</span> <span class='ocrx_word' id='word_1_246' title='bbox 1703 1760 1780 1800; x_wconf 90' lang='lat' dir='ltr'>Cn.</span> 
     </span>
     <span class='ocr_line' id='line_1_35' title="bbox 364 1813 1781 1869; baseline -0.002 -10"><span class='ocrx_word' id='word_1_247' title='bbox 364 1817 567 1860; x_wconf 84' lang='lat' dir='ltr'>Octavius</span> <span class='ocrx_word' id='word_1_248' title='bbox 602 1816 834 1865; x_wconf 88' lang='lat' dir='ltr'>reduceret,</span> <span class='ocrx_word' id='word_1_249' title='bbox 870 1815 914 1855; x_wconf 89' lang='lat' dir='ltr'>in</span> <span class='ocrx_word' id='word_1_250' title='bbox 947 1813 1238 1855; x_wconf 84' lang='lat' dir='ltr'>Macedoniam</span> <span class='ocrx_word' id='word_1_251' title='bbox 1280 1814 1500 1869; x_wconf 89' lang='lat' dir='ltr'>trajiceret.</span> <span class='ocrx_word' id='word_1_252' title='bbox 1574 1815 1637 1854; x_wconf 89' lang='lat' dir='ltr'>M.</span> <span class='ocrx_word' id='word_1_253' title='bbox 1661 1814 1781 1856; x_wconf 89' lang='lat' dir='ltr'>Vale-</span> 
     </span>
     <span class='ocr_line' id='line_1_36' title="bbox 363 1870 1782 1929; baseline -0.002 -13"><span class='ocrx_word' id='word_1_254' title='bbox 363 1874 451 1916; x_wconf 89' lang='lat' dir='ltr'>rius</span> <span class='ocrx_word' id='word_1_255' title='bbox 483 1873 683 1915; x_wconf 88' lang='lat' dir='ltr'>Laevinus</span> <span class='ocrx_word' id='word_1_256' title='bbox 710 1879 943 1929; x_wconf 86' lang='lat' dir='ltr'>propraetor</span> <span class='ocrx_word' id='word_1_257' title='bbox 970 1871 1134 1919; x_wconf 87' lang='lat' dir='ltr'>missus,</span> <span class='ocrx_word' id='word_1_258' title='bbox 1164 1870 1274 1912; x_wconf 89' lang='lat' dir='ltr'>circa</span> <span class='ocrx_word' id='word_1_259' title='bbox 1300 1871 1505 1911; x_wconf 86' lang='lat' dir='ltr'>Vibonem</span> <span class='ocrx_word' id='word_1_260' title='bbox 1537 1870 1782 1927; x_wconf 90' lang='lat' dir='ltr'>duodequa-</span> 
     </span>
     <span class='ocr_line' id='line_1_37' title="bbox 364 1927 1780 1990; baseline -0.002 -18"><span class='ocrx_word' id='word_1_261' title='bbox 364 1930 560 1988; x_wconf 86' lang='lat' dir='ltr'>draginta</span> <span class='ocrx_word' id='word_1_262' title='bbox 589 1929 766 1971; x_wconf 87' lang='lat' dir='ltr'>navibus</span> <span class='ocrx_word' id='word_1_263' title='bbox 798 1928 851 1969; x_wconf 90' lang='lat' dir='ltr'>ab</span> <span class='ocrx_word' id='word_1_264' title='bbox 883 1930 959 1969; x_wconf 89' lang='lat' dir='ltr'>Cn.</span> <span class='ocrx_word' id='word_1_265' title='bbox 984 1927 1160 1968; x_wconf 90' lang='lat' dir='ltr'>Octavio</span> <span class='ocrx_word' id='word_1_266' title='bbox 1190 1927 1383 1990; x_wconf 88' lang='lat' dir='ltr'>acceptis,</span> <span class='ocrx_word' id='word_1_267' title='bbox 1414 1927 1457 1967; x_wconf 92' lang='lat' dir='ltr'>in</span> <span class='ocrx_word' id='word_1_268' title='bbox 1489 1927 1780 1969; x_wconf 90' lang='lat' dir='ltr'>Macedoniam</span> 
     </span>
     <span class='ocr_line' id='line_1_38' title="bbox 364 1984 1782 2041; baseline -0.001 -12"><span class='ocrx_word' id='word_1_269' title='bbox 364 1987 605 2029; x_wconf 89' lang='lat' dir='ltr'>transmisit.</span> <span class='ocrx_word' id='word_1_270' title='bbox 647 1985 702 2027; x_wconf 88' lang='lat' dir='ltr'>ad</span> <span class='ocrx_word' id='word_1_271' title='bbox 736 2001 863 2041; x_wconf 91' lang='lat' dir='ltr'>quem</span> <span class='ocrx_word' id='word_1_272' title='bbox 897 1999 1027 2040; x_wconf 88' lang='lat' dir='ltr'>quum</span> <span class='ocrx_word' id='word_1_273' title='bbox 1068 1985 1130 2024; x_wconf 93' lang='lat' dir='ltr'>M.</span> <span class='ocrx_word' id='word_1_274' title='bbox 1153 1984 1356 2025; x_wconf 85' lang='lat' dir='ltr'>Aurelius</span> <span class='ocrx_word' id='word_1_275' title='bbox 1391 1984 1554 2040; x_wconf 90' lang='lat' dir='ltr'>legatus</span> <span class='ocrx_word' id='word_1_276' title='bbox 1588 1985 1782 2035; x_wconf 82' lang='lat' dir='ltr'>venisset,</span> 
     </span>
     <span class='ocr_line' id='line_1_39' title="bbox 365 2040 1784 2099; baseline -0.002 -13"><span class='ocrx_word' id='word_1_277' title='bbox 365 2044 684 2099; x_wconf 89' lang='lat' dir='ltr'>edocuissetque</span> <span class='ocrx_word' id='word_1_278' title='bbox 704 2057 815 2092; x_wconf 88' lang='lat' dir='ltr'>eum,</span> <span class='ocrx_word' id='word_1_279' title='bbox 837 2049 1017 2098; x_wconf 88' lang='lat' dir='ltr'>quantos</span> <span class='ocrx_word' id='word_1_280' title='bbox 1045 2040 1268 2091; x_wconf 81' lang='lat' dir='ltr'>exercitus,</span> <span class='ocrx_word' id='word_1_281' title='bbox 1322 2049 1495 2082; x_wconf 87' lang='lat' dir='ltr'>uantum</span> <span class='ocrx_word' id='word_1_282' title='bbox 1517 2041 1687 2082; x_wconf 90' lang='lat' dir='ltr'>navium</span> <span class='ocrx_word' id='word_1_283' title='bbox 1707 2057 1784 2083; x_wconf 91' lang='lat' dir='ltr'>nu-</span> 
     </span>
     <span class='ocr_line' id='line_1_40' title="bbox 365 2097 1783 2156; baseline -0.001 -14"><span class='ocrx_word' id='word_1_284' title='bbox 365 2116 528 2142; x_wconf 90' lang='lat' dir='ltr'>merum</span> <span class='ocrx_word' id='word_1_285' title='bbox 558 2106 835 2156; x_wconf 88' lang='lat' dir='ltr'>comparasset</span> <span class='ocrx_word' id='word_1_286' title='bbox 855 2114 944 2149; x_wconf 88' lang='lat' dir='ltr'>rex,</span> <span class='ocrx_word' id='word_1_287' title='bbox 966 2105 1007 2138; x_wconf 91' lang='lat' dir='ltr'>et</span> <span class='ocrx_word' id='word_1_288' title='bbox 1028 2097 1279 2153; x_wconf 88' lang='lat' dir='ltr'>quemadmo</span> <span class='ocrx_word' id='word_1_289' title='bbox 1312 2113 1383 2138; x_wconf 89' lang='lat' dir='ltr'>um</span> <span class='ocrx_word' id='word_1_290' title='bbox 1411 2098 1520 2139; x_wconf 89' lang='lat' dir='ltr'>circa</span> <span class='ocrx_word' id='word_1_291' title='bbox 1538 2113 1680 2140; x_wconf 90' lang='lat' dir='ltr'>omnes</span> <span class='ocrx_word' id='word_1_292' title='bbox 1701 2113 1783 2140; x_wconf 91' lang='lat' dir='ltr'>non</span> 
     </span>
     <span class='ocr_line' id='line_1_41' title="bbox 366 2154 1784 2210; baseline -0.002 -11"><span class='ocrx_word' id='word_1_293' title='bbox 366 2157 615 2200; x_wconf 86' lang='lat' dir='ltr'>continentis</span> <span class='ocrx_word' id='word_1_294' title='bbox 641 2156 766 2197; x_wconf 90' lang='lat' dir='ltr'>modo</span> <span class='ocrx_word' id='word_1_295' title='bbox 796 2155 935 2205; x_wconf 84' lang='lat' dir='ltr'>urbes,</span> <span class='ocrx_word' id='word_1_296' title='bbox 965 2154 1038 2196; x_wconf 93' lang='lat' dir='ltr'>sed</span> <span class='ocrx_word' id='word_1_297' title='bbox 1067 2154 1191 2195; x_wconf 89' lang='lat' dir='ltr'>etiam</span> <span class='ocrx_word' id='word_1_298' title='bbox 1223 2154 1391 2204; x_wconf 89' lang='lat' dir='ltr'>insulas,</span> <span class='ocrx_word' id='word_1_299' title='bbox 1413 2156 1566 2210; x_wconf 87' lang='lat' dir='ltr'>partim</span> <span class='ocrx_word' id='word_1_300' title='bbox 1597 2155 1686 2210; x_wconf 87' lang='lat' dir='ltr'>ipse</span> <span class='ocrx_word' id='word_1_301' title='bbox 1711 2155 1784 2196; x_wconf 90' lang='lat' dir='ltr'>ad-</span> 
     </span>
     <span class='ocr_line' id='line_1_42' title="bbox 366 2211 1783 2270; baseline -0.002 -14"><span class='ocrx_word' id='word_1_302' title='bbox 366 2213 521 2265; x_wconf 89' lang='lat' dir='ltr'>eundo,</span> <span class='ocrx_word' id='word_1_303' title='bbox 546 2213 698 2270; x_wconf 90' lang='lat' dir='ltr'>partim</span> <span class='ocrx_word' id='word_1_304' title='bbox 726 2228 801 2269; x_wconf 89' lang='lat' dir='ltr'>per</span> <span class='ocrx_word' id='word_1_305' title='bbox 831 2212 1004 2268; x_wconf 88' lang='lat' dir='ltr'>legatos,</span> <span class='ocrx_word' id='word_1_306' title='bbox 1032 2211 1211 2252; x_wconf 88' lang='lat' dir='ltr'>conciret</span> <span class='ocrx_word' id='word_1_307' title='bbox 1241 2211 1428 2252; x_wconf 86' lang='lat' dir='ltr'>homines</span> <span class='ocrx_word' id='word_1_308' title='bbox 1451 2211 1505 2252; x_wconf 86' lang='lat' dir='ltr'>ad</span> <span class='ocrx_word' id='word_1_309' title='bbox 1525 2227 1665 2259; x_wconf 77' lang='lat' dir='ltr'>arma3</span> <span class='ocrx_word' id='word_1_310' title='bbox 1698 2227 1783 2253; x_wconf 89' lang='lat' dir='ltr'>ma-</span> 
     </span>
     <span class='ocr_line' id='line_1_43' title="bbox 361 2268 1784 2327; baseline -0.003 -14"><span class='ocrx_word' id='word_1_311' title='bbox 361 2272 454 2327; x_wconf 89' lang='lat' dir='ltr'>jore</span> <span class='ocrx_word' id='word_1_312' title='bbox 475 2278 626 2312; x_wconf 89' lang='lat' dir='ltr'>conatu</span> <span class='ocrx_word' id='word_1_313' title='bbox 650 2270 851 2310; x_wconf 88' lang='lat' dir='ltr'>Romanis</span> <span class='ocrx_word' id='word_1_314' title='bbox 872 2269 915 2310; x_wconf 90' lang='lat' dir='ltr'>id</span> <span class='ocrx_word' id='word_1_315' title='bbox 936 2268 1234 2324; x_wconf 87' lang='lat' dir='ltr'>capessendum</span> <span class='ocrx_word' id='word_1_316' title='bbox 1264 2268 1421 2309; x_wconf 90' lang='lat' dir='ltr'>bellum</span> <span class='ocrx_word' id='word_1_317' title='bbox 1451 2284 1552 2318; x_wconf 89' lang='lat' dir='ltr'>esse,</span> <span class='ocrx_word' id='word_1_318' title='bbox 1572 2283 1639 2318; x_wconf 87' lang='lat' dir='ltr'>ne,</span> <span class='ocrx_word' id='word_1_319' title='bbox 1661 2283 1784 2310; x_wconf 91' lang='lat' dir='ltr'>cunc-</span> 
     </span>
     <span class='ocr_line' id='line_1_44' title="bbox 367 2324 1780 2381; baseline -0.003 -12"><span class='ocrx_word' id='word_1_320' title='bbox 367 2327 555 2370; x_wconf 88' lang='lat' dir='ltr'>tantibus</span> <span class='ocrx_word' id='word_1_321' title='bbox 575 2327 641 2377; x_wconf 87' lang='lat' dir='ltr'>iis,</span> <span class='ocrx_word' id='word_1_322' title='bbox 658 2326 830 2368; x_wconf 88' lang='lat' dir='ltr'>auderet</span> <span class='ocrx_word' id='word_1_323' title='bbox 853 2325 1092 2381; x_wconf 87' lang='lat' dir='ltr'>Philippus,</span> <span class='ocrx_word' id='word_1_324' title='bbox 1109 2324 1225 2380; x_wconf 91' lang='lat' dir='ltr'>quod</span> <span class='ocrx_word' id='word_1_325' title='bbox 1243 2324 1434 2380; x_wconf 87' lang='lat' dir='ltr'>Pyrrhus</span> <span class='ocrx_word' id='word_1_326' title='bbox 1449 2325 1566 2381; x_wconf 91' lang='lat' dir='ltr'>prius</span> <span class='ocrx_word' id='word_1_327' title='bbox 1582 2340 1708 2366; x_wconf 87' lang='lat' dir='ltr'>ausus</span> <span class='ocrx_word' id='word_1_328' title='bbox 1728 2340 1780 2366; x_wconf 83' lang='lat' dir='ltr'>ex</span> 
     </span>
    </p>
   </div>
   <div class='ocr_carea' id='block_1_5' title="bbox 370 2479 1786 2908">
    <p class='ocr_par' dir='ltr' id='par_1_6' title="bbox 370 2479 1783 2653">
     <span class='ocr_line' id='line_1_45' title="bbox 416 2479 1783 2524; baseline -0.004 -10"><span class='ocrx_word' id='word_1_329' title='bbox 416 2484 451 2514; x_wconf 81' lang='lat'>11</span> <span class='ocrx_word' id='word_1_330' title='bbox 479 2484 512 2514; x_wconf 91' lang='lat' dir='ltr'>C.</span> <span class='ocrx_word' id='word_1_331' title='bbox 532 2483 674 2524; x_wconf 81' lang='lat' dir='ltr'>Oppium]</span> <span class='ocrx_word' id='word_1_332' title='bbox 706 2482 789 2514; x_wconf 79' lang='lat' dir='ltr'>Ante</span> <span class='ocrx_word' id='word_1_333' title='bbox 806 2482 964 2523; x_wconf 83' lang='lat' dir='ltr'>Sigonium</span> <span class='ocrx_word' id='word_1_334' title='bbox 980 2481 1054 2513; x_wconf 74' lang='lat' dir='ltr'>editi</span> <span class='ocrx_word' id='word_1_335' title='bbox 1099 2481 1186 2512; x_wconf 80' lang='lat' dir='ltr'>nobis</span> <span class='ocrx_word' id='word_1_336' title='bbox 1212 2480 1398 2522; x_wconf 82' lang='lat' dir='ltr'>persuadent</span> <span class='ocrx_word' id='word_1_337' title='bbox 1423 2479 1503 2510; x_wconf 84' lang='lat' dir='ltr'>hanc</span> <span class='ocrx_word' id='word_1_338' title='bbox 1526 2488 1619 2511; x_wconf 86' lang='lat' dir='ltr'>unam</span> <span class='ocrx_word' id='word_1_339' title='bbox 1648 2479 1739 2510; x_wconf 81' lang='lat' dir='ltr'>fuisse</span> <span class='ocrx_word' id='word_1_340' title='bbox 1765 2490 1783 2509; x_wconf 84' lang='lat' dir='ltr'>e</span> 
     </span>
     <span class='ocr_line' id='line_1_46' title="bbox 370 2521 1782 2565; baseline -0.004 -8"><span class='ocrx_word' id='word_1_341' title='bbox 370 2525 529 2557; x_wconf 85' lang='lat' dir='ltr'>habebant</span> <span class='ocrx_word' id='word_1_342' title='bbox 556 2526 590 2556; x_wconf 85' lang='lat' dir='ltr'>C.</span> <span class='ocrx_word' id='word_1_343' title='bbox 616 2527 760 2565; x_wconf 72' lang='lat' dir='ltr'>Appium.</span> <span class='ocrx_word' id='word_1_344' title='bbox 817 2525 959 2556; x_wconf 82' lang='lat' dir='ltr'>Mutavit</span> <span class='ocrx_word' id='word_1_345' title='bbox 981 2525 1053 2556; x_wconf 85' lang='lat' dir='ltr'>ille:</span> <span class='ocrx_word' id='word_1_346' title='bbox 1099 2524 1250 2559; x_wconf 82' lang='lat' dir='ltr'>tribubus,</span> <span class='ocrx_word' id='word_1_347' title='bbox 1279 2523 1310 2554; x_wconf 87' lang='lat' dir='ltr'>in</span> <span class='ocrx_word' id='word_1_348' title='bbox 1336 2534 1412 2565; x_wconf 85' lang='lat' dir='ltr'>quas</span> <span class='ocrx_word' id='word_1_349' title='bbox 1445 2522 1554 2554; x_wconf 88' lang='lat' dir='ltr'>Umbri</span> <span class='ocrx_word' id='word_1_350' title='bbox 1579 2522 1637 2564; x_wconf 86' lang='lat' dir='ltr'>ipsi</span> <span class='ocrx_word' id='word_1_351' title='bbox 1663 2521 1782 2552; x_wconf 81' lang='lat' dir='ltr'>divide.-</span> 
     </span>
     <span class='ocr_line' id='line_1_47' title="bbox 372 2564 1780 2609; baseline -0.004 -9"><span class='ocrx_word' id='word_1_352' title='bbox 372 2567 606 2600; x_wconf 84' lang='lat' dir='ltr'>necimmerito.</span> <span class='ocrx_word' id='word_1_353' title='bbox 654 2569 764 2608; x_wconf 64' lang='lat' dir='ltr'>Oppius</span> <span class='ocrx_word' id='word_1_354' title='bbox 787 2569 869 2599; x_wconf 85' lang='lat' dir='ltr'>enim</span> <span class='ocrx_word' id='word_1_355' title='bbox 886 2567 986 2609; x_wconf 83' lang='lat' dir='ltr'>gentis</span> <span class='ocrx_word' id='word_1_356' title='bbox 1002 2578 1055 2598; x_wconf 90' lang='lat' dir='ltr'>no—</span> <span class='ocrx_word' id='word_1_357' title='bbox 1099 2568 1228 2598; x_wconf 82' lang='lat' dir='ltr'>bantur:</span> <span class='ocrx_word' id='word_1_358' title='bbox 1258 2566 1366 2597; x_wconf 84' lang='lat' dir='ltr'>eodem</span> <span class='ocrx_word' id='word_1_359' title='bbox 1390 2566 1482 2608; x_wconf 84' lang='lat' dir='ltr'>plane</span> <span class='ocrx_word' id='word_1_360' title='bbox 1505 2564 1595 2595; x_wconf 92' lang='lat' dir='ltr'>modo</span> <span class='ocrx_word' id='word_1_361' title='bbox 1618 2575 1653 2595; x_wconf 87' lang='lat' dir='ltr'>ac</span> <span class='ocrx_word' id='word_1_362' title='bbox 1677 2575 1780 2601; x_wconf 86' lang='lat' dir='ltr'>sensu,</span> 
     </span>
     <span class='ocr_line' id='line_1_48' title="bbox 371 2605 1780 2653; baseline -0.004 -10"><span class='ocrx_word' id='word_1_363' title='bbox 371 2623 445 2643; x_wconf 89' lang='lat' dir='ltr'>men</span> <span class='ocrx_word' id='word_1_364' title='bbox 458 2617 521 2643; x_wconf 88' lang='lat' dir='ltr'>est:</span> <span class='ocrx_word' id='word_1_365' title='bbox 547 2612 658 2652; x_wconf 73' lang='lat' dir='ltr'>Appius</span> <span class='ocrx_word' id='word_1_366' title='bbox 673 2621 860 2653; x_wconf 71' lang='lat' dir='ltr'>praenomen.</span> <span class='ocrx_word' id='word_1_367' title='bbox 1098 2621 1160 2650; x_wconf 88' lang='lat' dir='ltr'>quo</span> <span class='ocrx_word' id='word_1_368' title='bbox 1182 2619 1274 2651; x_wconf 86' lang='lat' dir='ltr'>supra</span> <span class='ocrx_word' id='word_1_369' title='bbox 1290 2609 1312 2639; x_wconf 91' lang='lat' dir='ltr'>l.</span> <span class='ocrx_word' id='word_1_370' title='bbox 1328 2610 1388 2640; x_wconf 76' lang='lat' dir='ltr'>lx.</span> <span class='ocrx_word' id='word_1_371' title='bbox 1408 2620 1434 2640; x_wconf 91' lang='lat' dir='ltr'>c.</span> <span class='ocrx_word' id='word_1_372' title='bbox 1452 2609 1504 2638; x_wconf 82' lang='lat'>41.</span> <span class='ocrx_word' id='word_1_373' title='bbox 1527 2607 1566 2638; x_wconf 87' lang='lat' dir='ltr'>de</span> <span class='ocrx_word' id='word_1_374' title='bbox 1581 2605 1689 2638; x_wconf 78' lang='lat' dir='ltr'>iisdem</span> <span class='ocrx_word' id='word_1_375' title='bbox 1708 2609 1780 2638; x_wconf 87' lang='lat' dir='ltr'>Um—</span> 
     </span>
    </p>

    <p class='ocr_par' dir='ltr' id='par_1_7' title="bbox 371 2650 1786 2908">
     <span class='ocr_line' id='line_1_49' title="bbox 417 2650 1786 2694; baseline -0.005 -9"><span class='ocrx_word' id='word_1_376' title='bbox 417 2656 455 2685; x_wconf 86' lang='lat'>12</span> <span class='ocrx_word' id='word_1_377' title='bbox 496 2655 554 2685; x_wconf 81' lang='lat' dir='ltr'>Per</span> <span class='ocrx_word' id='word_1_378' title='bbox 606 2654 756 2684; x_wconf 75' lang='lat' dir='ltr'>Umbriam</span> <span class='ocrx_word' id='word_1_379' title='bbox 798 2660 901 2694; x_wconf 75' lang='lat' dir='ltr'>(qnam</span> <span class='ocrx_word' id='word_1_380' title='bbox 947 2655 1053 2683; x_wconf 75' lang='lat' dir='ltr'>tribum</span> <span class='ocrx_word' id='word_1_381' title='bbox 1099 2652 1179 2683; x_wconf 87' lang='lat' dir='ltr'>bris:</span> <span class='ocrx_word' id='word_1_382' title='bbox 1239 2652 1333 2693; x_wconf 77' lang='lat' dir='ltr'>Plaga</span> <span class='ocrx_word' id='word_1_383' title='bbox 1380 2663 1439 2682; x_wconf 76' lang='lat' dir='ltr'>uua</span> <span class='ocrx_word' id='word_1_384' title='bbox 1485 2650 1682 2692; x_wconf 76' lang='lat' dir='ltr'>(Materinam</span> <span class='ocrx_word' id='word_1_385' title='bbox 1728 2652 1786 2690; x_wconf 64' lang='lat' dir='ltr'>ipsi</span> 
     </span>
     <span class='ocr_line' id='line_1_50' title="bbox 372 2696 1276 2738; baseline -0.003 -12"><span class='ocrx_word' id='word_1_386' title='bbox 372 2697 547 2736; x_wconf 75' lang='lat' dir='ltr'>Sappiniam</span> <span class='ocrx_word' id='word_1_387' title='bbox 572 2697 690 2738; x_wconf 78' lang='lat' dir='ltr'>vocant]</span> <span class='ocrx_word' id='word_1_388' title='bbox 738 2698 797 2727; x_wconf 88' lang='lat' dir='ltr'>Per</span> <span class='ocrx_word' id='word_1_389' title='bbox 823 2706 890 2727; x_wconf 86' lang='lat' dir='ltr'>eam</span> <span class='ocrx_word' id='word_1_390' title='bbox 922 2696 1056 2726; x_wconf 73' lang='lat' dir='ltr'>Umbriae</span> <span class='ocrx_word' id='word_1_391' title='bbox 1100 2696 1276 2735; x_wconf 59' lang='lat' dir='ltr'>appellant.)</span> 
     </span>
     <span class='ocr_line' id='line_1_51' title="bbox 371 2735 1781 2782; baseline -0.004 -11"><span class='ocrx_word' id='word_1_392' title='bbox 371 2745 585 2781; x_wconf 71' lang='lat' dir='ltr'>partem,quoe</span> <span class='ocrx_word' id='word_1_393' title='bbox 599 2740 638 2771; x_wconf 89' lang='lat' dir='ltr'>ab</span> <span class='ocrx_word' id='word_1_394' title='bbox 650 2739 723 2782; x_wconf 80' lang='lat' dir='ltr'>ipsis</span> <span class='ocrx_word' id='word_1_395' title='bbox 737 2740 834 2770; x_wconf 77' lang='lat' dir='ltr'>tribus</span> <span class='ocrx_word' id='word_1_396' title='bbox 845 2739 993 2781; x_wconf 80' lang='lat' dir='ltr'>Sappinia</span> <span class='ocrx_word' id='word_1_397' title='bbox 1003 2748 1055 2779; x_wconf 81' lang='lat' dir='ltr'>ap·</span> <span class='ocrx_word' id='word_1_398' title='bbox 1144 2739 1185 2768; x_wconf 80' lang='lat'>13</span> <span class='ocrx_word' id='word_1_399' title='bbox 1212 2738 1270 2767; x_wconf 74' lang='lat' dir='ltr'>Per</span> <span class='ocrx_word' id='word_1_400' title='bbox 1295 2738 1397 2766; x_wconf 62' lang='lat' dir='ltr'>„radius</span> <span class='ocrx_word' id='word_1_401' title='bbox 1422 2735 1543 2777; x_wconf 75' lang='lat' dir='ltr'>montes]</span> <span class='ocrx_word' id='word_1_402' title='bbox 1589 2736 1707 2766; x_wconf 74' lang='lat' dir='ltr'>Victor.</span> <span class='ocrx_word' id='word_1_403' title='bbox 1731 2744 1781 2766; x_wconf 90' lang='lat' dir='ltr'>co-</span> 
     </span>
     <span class='ocr_line' id='line_1_52' title="bbox 373 2777 1781 2828; baseline -0.003 -16"><span class='ocrx_word' id='word_1_404' title='bbox 373 2782 516 2824; x_wconf 78' lang='lat' dir='ltr'>pellatur.</span> <span class='ocrx_word' id='word_1_405' title='bbox 563 2783 640 2814; x_wconf 79' lang='lat' dir='ltr'>Haec</span> <span class='ocrx_word' id='word_1_406' title='bbox 662 2783 743 2814; x_wconf 83' lang='lat' dir='ltr'>enim</span> <span class='ocrx_word' id='word_1_407' title='bbox 767 2782 870 2816; x_wconf 71' lang='lat' dir='ltr'>verba,</span> <span class='ocrx_word' id='word_1_408' title='bbox 894 2793 979 2821; x_wconf 76' lang='lat' dir='ltr'>quam</span> <span class='ocrx_word' id='word_1_409' title='bbox 997 2803 1005 2811; x_wconf 88' lang='lat'>.</span> <span class='ocrx_word' id='word_1_410' title='bbox 1022 2804 1028 2811; x_wconf 91' lang='lat'>.</span> <span class='ocrx_word' id='word_1_411' title='bbox 1046 2802 1053 2809; x_wconf 92' lang='lat'>.</span> <span class='ocrx_word' id='word_1_412' title='bbox 1100 2780 1158 2811; x_wconf 84' lang='lat' dir='ltr'>dex</span> <span class='ocrx_word' id='word_1_413' title='bbox 1179 2780 1303 2828; x_wconf 71' lang='lat' dir='ltr'>ignorat</span> <span class='ocrx_word' id='word_1_414' title='bbox 1325 2789 1430 2810; x_wconf 84' lang='lat' dir='ltr'>vocem</span> <span class='ocrx_word' id='word_1_415' title='bbox 1453 2780 1566 2815; x_wconf 74' lang='lat' dir='ltr'>medios,</span> <span class='ocrx_word' id='word_1_416' title='bbox 1587 2789 1680 2819; x_wconf 80' lang='lat' dir='ltr'>qnam</span> <span class='ocrx_word' id='word_1_417' title='bbox 1701 2777 1781 2808; x_wconf 80' lang='lat' dir='ltr'>inse-</span> 
     </span>
     <span class='ocr_line' id='line_1_53' title="bbox 372 2822 1326 2866; baseline -0.002 -12"><span class='ocrx_word' id='word_1_418' title='bbox 372 2832 486 2859; x_wconf 70' lang='lat' dir='ltr'>vocant,</span> <span class='ocrx_word' id='word_1_419' title='bbox 502 2825 615 2866; x_wconf 83' lang='lat' dir='ltr'>quibus</span> <span class='ocrx_word' id='word_1_420' title='bbox 638 2825 682 2856; x_wconf 85' lang='lat' dir='ltr'>uti</span> <span class='ocrx_word' id='word_1_421' title='bbox 697 2835 757 2856; x_wconf 90' lang='lat' dir='ltr'>non</span> <span class='ocrx_word' id='word_1_422' title='bbox 781 2825 855 2855; x_wconf 80' lang='lat' dir='ltr'>solet</span> <span class='ocrx_word' id='word_1_423' title='bbox 870 2824 984 2857; x_wconf 78' lang='lat' dir='ltr'>Livius.</span> <span class='ocrx_word' id='word_1_424' title='bbox 1004 2822 1055 2853; x_wconf 77' lang='lat' dir='ltr'>ubi</span> <span class='ocrx_word' id='word_1_425' title='bbox 1101 2823 1158 2852; x_wconf 73' lang='lat' dir='ltr'>ruit</span> <span class='ocrx_word' id='word_1_426' title='bbox 1167 2822 1326 2863; x_wconf 64' lang='lat' dir='ltr'>Sigonius.</span> 
     </span>
     <span class='ocr_line' id='line_1_54' title="bbox 374 2866 1054 2908; baseline 0.001 -11"><span class='ocrx_word' id='word_1_427' title='bbox 374 2867 507 2899; x_wconf 77' lang='lat' dir='ltr'>tribuum</span> <span class='ocrx_word' id='word_1_428' title='bbox 525 2868 739 2900; x_wconf 80' lang='lat' dir='ltr'>Romana-rum</span> <span class='ocrx_word' id='word_1_429' title='bbox 763 2867 886 2898; x_wconf 71' lang='lat' dir='ltr'>nomina</span> <span class='ocrx_word' id='word_1_430' title='bbox 906 2866 1054 2908; x_wconf 73' lang='lat' dir='ltr'>appellnt.</span> 
     </span>
    </p>
   </div>
   <div class='ocr_carea' id='block_1_6' title="bbox 1921 2204 1940 2723">
    <p class='ocr_par' dir='ltr' id='par_1_8' title="bbox 1921 2204 1940 2723">
     <span class='ocr_line' id='line_1_55' title="bbox 1921 2204 1940 2723; baseline 0 0"><span class='ocrx_word' id='word_1_431' title='bbox 1921 2204 1940 2723; x_wconf 95' lang='lat' dir='ltr'> </span> 
     </span>
    </p>
   </div>
   <div class='ocr_carea' id='block_1_7' title="bbox 1908 2738 1933 3222">
    <p class='ocr_par' dir='ltr' id='par_1_9' title="bbox 1908 2738 1933 3222">
     <span class='ocr_line' id='line_1_56' title="bbox 1908 2738 1933 3222; baseline 0 0"><span class='ocrx_word' id='word_1_432' title='bbox 1908 2738 1933 3222; x_wconf 95' lang='lat' dir='ltr'> </span> 
     </span>
    </p>
   </div>
  </div>
 </body>
</html>
