1947 3222
148 277 178 309 U
182 299 190 306 .
206 279 241 307 C.
254 276 330 307 572.

146 319 190 350 A.
203 320 242 350 C.
258 319 328 349 180.

147 362 336 403 Triumphus

144 405 232 436 nullo
244 404 329 435 bello

146 453 242 489 gesto.

147 553 212 583 Res
226 553 341 596 Hispa·

146 595 217 627 niae.

146 1296 281 1339 Hispani

146 1340 259 1371 Flacco
274 1339 348 1371 insi-

146 1383 281 1414 diantur.

364 146 440 199 490
891 150 956 189 TI
970 151 1033 189 TI
1073 151 1137 189 LI
1152 151 1214 189 VI
1232 152 1248 189 I

360 263 537 304 ercitum
569 262 748 303 Romam
778 260 1065 311 deduxissent,
1088 260 1330 317 triumphus
1359 261 1412 303 ab
1445 269 1591 302 senatu
1622 270 1683 303 cst
1711 261 1780 303 de-

361 327 511 361 cretus.
573 318 634 359 Hi
654 317 839 360 omnium
861 318 985 373 primi
1016 317 1132 358 nullo
1161 318 1271 359 bello
1300 325 1418 373 gesto
1448 317 1776 374 triumpharunt.

358 375 564 418 ⁵⁰tantum
584 375 723 417 hostes
743 374 861 416 ducti
882 383 978 415 ante
999 389 1193 416 currum:
1227 374 1341 431 quia,
1363 389 1437 415 nec
1458 374 1563 430 quid
1583 375 1778 425 ferretur,

359 449 496 490 neque
517 433 623 489 quid
643 432 868 473 duceretur
888 439 1075 486 captum,
1093 446 1228 487 neque
1245 431 1350 487 quid
1370 431 1574 473 militibus
1590 431 1777 481 daretur,

361 491 593 547 quidquam
614 490 657 530 in
679 487 905 543 triumphis
926 502 1070 528 eorum
1091 487 1241 529 fuerat.

419 547 658 588 XXXIX.
702 544 865 585 Eodem
905 559 1014 584 anno
1052 544 1096 584 in
1138 544 1345 601 Hispania
1384 545 1562 586 Fulvius
1603 545 1780 586 Flaccus

359 603 583 662 proconsul
596 611 624 653 Ζ,
647 601 749 658 quia
779 615 988 641 successor
1017 601 1060 641 in
1091 601 1348 657 provinciam
1378 602 1540 643 tardius
1571 602 1780 652 veniebat,

358 661 512 703 educto
542 660 727 701 exercitu
760 673 812 698 ex
847 657 1047 709 hibernis,
1074 658 1314 699 ulteriorem
1348 658 1585 700 Celtiberiae
1615 674 1780 715 agrum,

359 718 471 759 unde
501 717 555 757 ad
590 715 845 757 deditionem
880 729 962 755 non
993 723 1206 766 venerant,
1236 715 1386 757 institit
1419 723 1590 757 vastare.
1622 731 1708 772 qua
1737 731 1781 756 re

358 773 540 816 irritavit
575 773 723 829 magis,
755 786 883 828 quam
918 773 1164 821 conterruit,
1195 772 1353 814 animos
1387 772 1687 813 barbarorum:
1722 780 1779 822 ct,

358 831 465 872 clam
485 830 738 887 comparatis
762 828 907 884 copiiS‚
930 828 1084 870 saltum
1106 829 1386 879 Manlianum,
1407 844 1482 885 per
1503 844 1629 885 quem
1649 837 1782 870 trans-

357 887 518 930 iturum
541 887 770 928 exercitum
794 886 1036 926 Romanum
1058 887 1158 928 satis
1178 886 1377 936 sciebant,
1399 886 1666 927 obsederunt.
1729 887 1781 927 In

360 945 608 1001 Hispaniam
650 944 892 985 ulteriorem
935 943 1052 984 eunti
1090 944 1141 984 L.
1166 944 1386 984 Postumio
1418 943 1578 984 Albino
1613 941 1783 998 collegae

361 1002 580 1043 Gracchus
612 1001 900 1051 mandaverat,
928 999 1024 1042 ³¹ut
1054 1001 1103 1050 Q.
1128 1000 1328 1042 Fulvium
1362 999 1577 1041 certiorem
1611 1000 1782 1050 faceret,

360 1060 644 1100 Tarraconem
679 1057 909 1099 exercitum
951 1057 1192 1099 adduceret.
1237 1058 1296 1098 ibi
1328 1056 1527 1098 ³2dimitti
1559 1064 1782 1106 veteranos,

356 1118 705 1170 supplementaque
741 1114 988 1164 iistrz'buere,
1012 1122 1050 1155 et
1071 1116 1266 1155 ordinare
1295 1129 1444 1156 omnem
1472 1115 1682 1155 exercitum
1703 1129 1784 1155 sese

357 1175 468 1215 velle.
530 1173 633 1214 Dies
653 1187 839 1228 quoque,
861 1180 902 1213 et
930 1187 978 1212 ea
1006 1171 1260 1228 propinqua,
1283 1173 1397 1214 edita
1418 1172 1570 1213 Flacco
1600 1179 1676 1221 est,
1699 1186 1785 1228 qua

358 1246 568 1272 successor
608 1237 714 1271 esset
748 1237 964 1270 venturus.
1027 1229 1134 1269 Haec
1174 1244 1282 1269 nova
1316 1229 1459 1271 adlata
1492 1245 1572 1279 res,
1605 1229 1782 1278 omissis,

358 1303 455 1344 quae
475 1302 598 1343 agere
624 1285 879 1335 instituerat,
902 1285 1103 1327 Flaccum
1131 1285 1286 1342 raptim
1317 1285 1522 1327 deducere
1552 1285 1782 1327 exercitum

358 1361 409 1387 ex
440 1343 668 1386 Celtiberia
698 1358 832 1399 quum
863 1343 1079 1398 coegisset,
1100 1342 1283 1393 barbari,
1306 1358 1461 1384 caussae
1492 1343 1641 1398 ignari,
1664 1358 1782 1383 suam

359 1402 635 1443 defectionem
657 1408 698 1441 et
719 1400 823 1440 clam
846 1409 1086 1456 comparata
1114 1415 1231 1440 arma
1260 1400 1431 1441 sensisse
1452 1415 1563 1450 eum,
1584 1407 1626 1440 et
1655 1400 1783 1455 perti-

358 1459 512 1501 muisse
533 1458 628 1509 rati,
651 1473 700 1499 eo
719 1457 899 1498 ferocius
921 1457 1072 1498 saltum
1095 1456 1348 1498 insederunt.
1404 1456 1490 1498 Ubi
1512 1471 1608 1497 eum
1630 1456 1782 1498 saltum

360 1516 496 1573 prima
530 1515 623 1556 luce
658 1529 807 1569 agmen
842 1514 1082 1555 Romanum
1118 1514 1307 1565 intravit,
1329 1522 1498 1570 repente
1534 1529 1586 1554 ex
1617 1512 1784 1554 duabus

361 1573 554 1630 partibus
589 1571 713 1612 simul
753 1571 887 1612 exorti
922 1571 1061 1612 hostes
1095 1571 1307 1612 Romanos
1341 1572 1595 1613 invaserunt.
1658 1569 1783 1620 Quod

361 1630 435 1672 ubi
459 1629 563 1671 vidit
587 1629 778 1678 Flaccus,
800 1629 957 1685 primos
988 1628 1211 1678 tumultus,
1234 1628 1276 1669 in
1297 1628 1461 1684 agmine
1482 1643 1556 1684 per
1577 1627 1784 1668 centurio-

362 1703 434 1728 nes
466 1695 574 1728 stare
605 1701 762 1736 omnes,
792 1701 868 1726 suo
898 1700 1110 1741 quemque
1142 1685 1246 1735 loco,
1269 1693 1310 1726 et
1340 1701 1456 1726 arma
1488 1683 1684 1741 expedire
1713 1684 1784 1739 ju-

361 1744 515 1795 bendo,
554 1742 738 1784 sedavit:
786 1751 843 1792 et,
877 1742 1046 1783 sarcinis
1075 1742 1364 1798 jumentisque
1400 1742 1442 1783 in
1478 1757 1610 1783 unum
1646 1740 1782 1781 locum

362 1802 530 1852 coactis,
552 1799 692 1852 copias
712 1814 854 1840 omnes
880 1798 1032 1855 partim
1059 1799 1162 1854 ipse,
1184 1800 1337 1855 partim
1368 1814 1442 1855 per
1471 1799 1631 1854 legatos
1651 1797 1784 1838 tribu-

363 1873 521 1914 nosque
549 1857 746 1906 militum,
770 1864 817 1897 ut
849 1864 1030 1910 te1np11S‚
1054 1862 1131 1896 ut²
1155 1855 1271 1896 locus
1299 1855 1556 1912 postulabat,
1580 1855 1666 1895 sine
1696 1853 1783 1894 ulla

363 1914 642 1971 trepidatione
663 1912 888 1959 instruxit;
921 1911 1044 1952 33ειιηι
1074 1913 1135 1953 his
1155 1914 1304 1953 deditis
1333 1927 1414 1953 rem
1441 1927 1522 1953 esse
1541 1911 1782 1953 admonens.

365 1972 498 2013 Scelus
519 1978 555 2012 ec
580 1971 798 2024 perfidiam
820 1971 916 2018 illis,
940 1984 1021 2009 non-
1051 1971 1248 2019 virtutem,
1270 1984 1341 2010 nec
1361 1971 1537 2010 aninmm
1565 1969 1782 2009 accessisse.

361 2030 556 2070 Reditum
578 2028 791 2083 ignobilem
814 2028 856 2067 in
867 2029 1068 2080 patriam,
1085 2028 1236 2067 clarum
1255 2042 1302 2068 ac
1322 2027 1613 2068 memorabilem
1634 2039 1698 2066 eos
1712 2025 1785 2065 sibi

344 2087 518 2141 fecisse:
549 2092 731 2127 cruentos
752 2100 800 2125 ex
820 2085 973 2125 recenti
992 2086 1098 2125 ccede
1116 2086 1286 2126 hostium
1312 2086 1489 2139 gladios,
1511 2091 1549 2125 et
1571 2083 1785 2123 manantia

360 2145 560 2198 sanguine
579 2144 726 2197 spolia,
749 2143 921 2182 Romam
944 2143 1000 2182 ad
1018 2143 1263 2195 triumphum
1284 2143 1500 2183 delaturos.
1552 2140 1683 2182 Plura
1702 2139 1783 2181 dici

362 2209 528 2257 tempus
550 2216 631 2241 non
660 2199 913 2255 patiebatur.
945 2199 1195 2241 invehebant
1218 2209 1259 2240 sc
1279 2199 1433 2250 hostes,
1455 2207 1496 2241 ct
1517 2199 1560 2240 in
1590 2196 1782 2254 partibus

361 2257 557 2300 extremis
573 2259 661 2314 jam
684 2256 967 2312 pugnabatur.
999 2256 1150 2298 deinde
1171 2256 1277 2298 acies
1298 2263 1613 2297 concurrerunt.

698 2359 716 2376 2
730 2363 887 2395 propi-‹rto›-
903 2356 1001 2387 Gron.
1020 2356 1112 2387 Crev.
1284 2360 1299 2377 ²
1315 2363 1340 2386 et
1358 2354 1446 2386 Eaed.

1096 2440 1274 2472 dubitamus
1296 2451 1336 2471 an
1362 2439 1476 2471 locutio
1499 2437 1574 2469 satis
1595 2448 1731 2479 congrua
1752 2443 1783 2469 ct

1095 2494 1132 2515 ex
1158 2495 1215 2515 usu
1242 2485 1330 2515 bonae
1358 2481 1534 2514 Latinitatis
1561 2481 1707 2513 habenda
1732 2481 1783 2512 sit.

1095 2527 1228 2558 Nullum
1243 2533 1327 2558 certe
1343 2525 1427 2556 aliud
1447 2525 1513 2566 ejus
1535 2525 1712 2567 exemplum
1728 2534 1782 2555 no-

405 2443 446 2473 30
480 2443 607 2472 Tantum
641 2443 728 2472 hostes
760 2443 843 2471 ducti
878 2449 946 2473 ante
981 2453 1050 2473 cur-

362 2486 446 2527 rum]
478 2486 530 2515 An
551 2485 571 2514 ii
594 2485 647 2526 qui
671 2496 702 2515 se
724 2484 917 2520 dediderant,
935 2484 1050 2515 dnode-

362 2529 422 2559 cim
453 2527 611 2558 hominum
646 2527 764 2558 millia?
802 2527 854 2557 An
885 2527 1051 2568 legendnm

362 2573 487 2602 obsides?
509 2577 543 2601 ut
564 2569 738 2611 suspicatur
760 2570 944 2601 Gronovius.
990 2571 1051 2601 Pa-

363 2625 430 2645 rum
461 2614 574 2655 liquet:
612 2623 668 2643 nec
696 2614 801 2651 magni
828 2613 973 2643 momenti
1003 2623 1051 2643 res

362 2663 419 2689 cst.
464 2658 541 2687 Mox
572 2666 625 2698 pro
651 2661 696 2687 ter
722 2655 850 2697 repetito
878 2658 959 2695 quid.
984 2656 1050 2686 vult

363 2700 444 2732 idem
469 2699 654 2734 Gronovius,
672 2709 730 2729 non
753 2698 912 2733 immerito,
935 2705 979 2729 ter
1003 2709 1049 2729 re—

363 2743 433 2785 poni
451 2745 538 2783 qnod.

404 2787 442 2816 31
474 2786 513 2815 Ut
536 2786 572 2820 Q.
592 2785 731 2815 Fulvium
752 2785 901 2814 certiorem
920 2783 1050 2824 fuceret,

365 2831 560 2859 Tarraconem
586 2830 743 2859 exercitum
769 2827 942 2867 adduceret]
975 2828 1050 2857 Sen-

360 2882 413 2902 sns
427 2878 484 2906 cst,
500 2877 533 2902 ut
545 2872 667 2912 juberet
683 2873 724 2908 Q.
737 2869 876 2901 Fulvium
893 2869 1051 2901 adducerc

361 2915 530 2946 exercitum
557 2915 585 2945 in
606 2915 711 2946 urbem
727 2915 946 2945 'sarraconem
991 2912 1051 2944 Sed

1097 2581 1206 2600 vimus.

1136 2614 1177 2643 32
1204 2613 1324 2643 Dimitei
1349 2618 1507 2646 veteranos.
1531 2611 1783 2650 supplementaque

1093 2655 1281 2695 distribuere]
1317 2654 1458 2686 Fortasse
1488 2655 1644 2684 dimittere.
1688 2654 1782 2684 Gno-

1095 2709 1232 2729 Novius.

1137 2742 1177 2771 33
1203 2741 1277 2770 Cum
1301 2741 1340 2769 bis
1364 2739 1484 2781 deditis]
1520 2739 1621 2771 Unius
1644 2737 1780 2770 Celtibe·

1096 2793 1195 2813 rorum
1224 2783 1388 2814 deditionis
1416 2793 1509 2824 supra
1538 2783 1573 2813 fit
1601 2781 1726 2817 mentio,
1754 2791 1782 2811 c.

1095 2827 1148 2857 33.
1171 2826 1306 2862 Quando
1322 2827 1418 2858 altera
1433 2826 1517 2858 sacta
1531 2825 1581 2863 sit,
1592 2823 1676 2857 haud
1691 2822 1781 2855 facile

1097 2879 1238 2912 reperies,
