1947 3222
201 228 238 258 U.
254 228 288 257 C.
303 227 376 258 565.

199 271 239 300 A.
254 270 289 300 C.
308 270 378 300 187.

410 113 482 146 :388
869 149 878 157 ⁸
945 105 1298 143 'ri'r1L1v11

412 218 660 273 acciperent,
693 227 733 257 et
770 216 821 256 ab
859 215 1000 256 eadem
1038 215 1234 271 superbia
1270 230 1349 255 non
1388 214 1525 255 venire
1561 213 1613 254 ad
1644 213 1828 255 caussam

413 273 629 315 dicendam
670 282 905 328 arguerent,
943 287 1028 327 qua
1062 271 1269 327 judicium
1311 281 1352 312 et
1391 271 1582 312 tribunos
1622 270 1754 326 plebis
1787 279 1827 311 et

414 330 651 372 concionem
673 329 932 384 reliquissem
965 337 1021 377 et,
1044 327 1199 383 quibus
1222 329 1295 384 jus
1324 328 1376 368 de
1402 343 1443 368 se
1463 327 1650 368 dicendae
1671 336 1831 368 senten-

414 388 483 429 tiae
504 395 545 429 et
576 387 809 428 libertatem
833 385 1065 433 ademisset,
1087 384 1152 424 his
1172 385 1408 435 comitatus,
1430 385 1547 425 velut
1577 393 1719 440 captos
1748 393 1830 425 trae

414 445 530 495 hens,
561 443 824 499 triumphum
856 441 907 482 de
939 441 1098 497 populo
1130 440 1321 482 Romano
1350 442 1515 497 egisset,
1548 441 1832 482 secessionem-

415 517 498 558 que
518 517 566 542 eo
587 500 654 542 die
684 499 726 540 in
756 497 1012 554 Capitolium
1033 513 1057 538 a
1079 497 1258 539 tribunis
1278 498 1411 554 plebis
1434 499 1620 539 fecisset:
1654 497 1834 538 Habetis

413 573 513 613 ergo
533 557 772 598 temeritatis
794 556 906 595 illius
925 555 1149 595 mercedem.
1181 568 1257 608 quo
1283 556 1380 595 duce
1405 561 1443 595 et
1469 562 1632 596 auctore
1651 568 1724 595 nos
1743 555 1835 595 reli-

414 617 571 670 quistis,
590 613 641 654 ab
661 627 706 653 eo
726 613 809 666 ipsi
828 613 964 652 relicti
983 613 1089 652 estis.
1119 619 1157 652 et
1176 618 1332 652 tantum
1352 613 1577 652 animorum
1597 614 1638 652 in
1659 613 1745 653 dies
1765 626 1835 652 no-

416 674 476 714 bis
497 672 701 719 decrescit,
723 676 780 719 ut,
803 671 858 709 od
871 683 982 724 quem
1003 668 1138 709 9¹ante
1158 673 1302 710 annos*
1321 670 1607 722 septemdecim,
1623 671 1834 710 exercitum

415 737 453 770 et
473 731 632 769 classem
652 727 872 777 habentem,
894 727 1072 767 tribunos
1089 726 1222 780 plebis
1240 727 1472 780 oedilemque
1491 727 1649 766 mittere
1665 728 1707 767 in
1730 727 1832 768 Sici-

415 788 531 827 liam⁸
550 786 641 826 ausi
660 798 801 832 sumus,
825 785 896 838 qui
908 785 1206 837 prehenderent
1221 798 1320 834 eum,
1343 790 1380 824 et
1401 784 1572 823 Romam
1587 784 1832 834 reducerent,

416 846 472 884 ad
491 858 575 883 eum
591 844 800 895 privatum
821 856 870 882 ex
889 843 990 882 villa
1010 855 1082 882 sua
1104 841 1404 889 extrahendum,
1427 842 1485 881 ad
1502 855 1677 881 caussam
1700 841 1834 881 dicen—

416 903 521 948 dam,
544 901 702 941 mittere
730 913 810 938 non
831 900 1079 939 audeamus?
1118 898 1303 939 Tribuni
1322 897 1470 953 plebis,
1493 897 1689 953 adpellati
1706 898 1759 939 ab
1781 898 1832 938 L.

418 958 622 1014 Scipione,
654 958 716 999 ita
745 956 1033 1006 decreverunt,
1067 956 1114 997 Si
1147 955 1271 996 morbi
1297 969 1436 996 caussa
1467 961 1735 1005 excusaretur,
1756 956 1837 996 sibi

406 1017 588 1068 placere,
606 1014 740 1068 accipi
760 1028 844 1054 eam
866 1027 1060 1063 caussam,
1077 1014 1257 1067 diemque
1277 1026 1304 1052 α
1323 1013 1480 1067 collegis
1507 1013 1677 1061 prodici.
1739 1012 1833 1052 Tri-

415 1073 554 1114 bun'us
584 1071 717 1128 plebis
741 1086 790 1111 eo
810 1079 996 1126 tempore
1020 1069 1087 1110 Ti.
1113 1070 1383 1126 Sempronius
1405 1069 1621 1110 Gracchus
1641 1078 1744 1119 erat,
1766 1070 1834 1110 cui

415 1128 644 1170 inimicitiae
674 1143 769 1168 cum
802 1128 849 1167 P.
875 1127 1066 1183 Scipione
1095 1126 1418 1167 intercedebant.
1450 1126 1498 1176 is,
1520 1142 1654 1182 quum
1681 1127 1836 1168 vetuis-

417 1195 478 1227 set
498 1200 647 1226 nomen
678 1199 800 1225 suum
832 1184 998 1225 decreto
1028 1183 1280 1240 collegarum
1311 1183 1505 1233 adscribi,
1527 1184 1836 1239 tristioremque

205 1252 403 1285 Gracchide-
416 1258 558 1284 omnes
583 1241 826 1283 sententiam
855 1249 1158 1296 exspectarent,
1186 1240 1246 1281 ita
1275 1240 1482 1281 decrevit:
1519 1239 1649 1288 Quum
1675 1241 1728 1281 L.
1751 1242 1835 1282 Sci-

202 1302 318 1327 cretum
330 1295 362 1326 in

203 1339 333 1377 gratiam

203 1381 362 1423 Scipionis.

411 1302 485 1354 pio
506 1306 660 1340 ea'cuset
682 1298 857 1338 morbum
878 1312 958 1338 esse
976 1298 1297 1350 caussae‘sratri‚
1320 1298 1419 1338 satis
1442 1298 1487 1337 id
1504 1297 1582 1338 sibi
1601 1299 1748 1338 videri.·
1786 1299 1836 1339 Se

418 1360 468 1399 P.
491 1358 730 1410 Scipionem,
744 1356 983 1409 priusquam
1004 1355 1173 1395 Romam
1194 1355 1374 1404 redisset,
1397 1355 1580 1394 accusari
1600 1369 1678 1394 non
1694 1369 1838 1408 passu-

419 1430 517 1455 rum.
550 1421 630 1454 tum
661 1427 826 1467 quoque,
848 1414 882 1453 si
904 1427 944 1452 se
973 1413 1165 1465 adpellet,
1187 1413 1343 1452 auxilio
1363 1413 1402 1452 ei
1415 1411 1624 1466 ficturum,
1645 1426 1696 1452 ne
1723 1427 1836 1453 caus-

417 1487 501 1513 sam
537 1472 659 1512 dicat.
724 1471 790 1511 Aa
823 1471 869 1510 id
886 1470 1105 1523 jostigium
1139 1470 1251 1510 rebus
1277 1470 1415 1524 gestis,
1449 1469 1665 1510 honoribus
1690 1471 1841 1523 populi

419 1530 609 1577 Romani,
644 1529 694 1569 P.
717 1529 942 1580 Scipionem
974 1528 1157 1568 Deorum
1183 1527 1458 1580 bominumque
1488 1540 1678 1567 consensu
1696 1541 1839 1580 perve-

418 1588 533 1637 nisse,
555 1593 597 1626 ut
622 1587 692 1626 sub
723 1585 884 1626 Rostris
912 1599 1020 1624 reum
1050 1591 1174 1634 stare,
1203 1590 1241 1624 et
1269 1583 1442 1636 praebere
1470 1597 1588 1624 aures
1615 1585 1838 1625 adolescen-

419 1646 516 1685 tium
538 1643 744 1692 conviciis,
759 1643 912 1695 populo
935 1642 1117 1682 Romano
1137 1641 1265 1696 magis
1284 1641 1472 1694 deforme,
1494 1655 1612 1695 quam
1633 1642 1729 1694 ipsi,
1750 1643 1816 1682 sit.

478 1701 611 1741 LIII.
643 1699 855 1755 9²Adjecit
876 1698 1042 1739 decreto
1069 1698 1420 1754 indignationem:
1454 1698 1533 1739 Sub
1556 1699 1727 1751 pedibus
1754 1713 1837 1740 ves-

419 1760 496 1799 tris
515 1758 653 1806 stabit,
675 1757 844 1805 tribuni,
868 1756 1035 1796 domitor
1057 1756 1126 1796 ille
1149 1756 1321 1810 Africae,
1344 1755 1482 1807 Scipio
1497 1759 1518 1793 .9
1555 1757 1644 1796 ideo
1665 1762 1838 1809 quatuor

421 1813 684 1855 nobilissimos
710 1815 826 1854 duces
860 1814 1076 1853 Paenorum
1107 1812 1149 1851 in
1185 1812 1405 1864 Hispania,
1437 1820 1611 1866 quatuor
1644 1813 1839 1854 exercitus

403 1872 813 1927 suditfugavitque:
851 1871 939 1909 ideo
967 1869 1183 1924 Syphacem
1215 1870 1333 1922 cepit,
1369 1869 1647 1910 Hannibalem
1677 1871 1839 1921 devicit,

423 1929 720 1982 Karthaginem
743 1928 974 1982 vectigalem
1005 1927 1118 1967 nobis
1125 1927 1249 1981 jecit,
1274 1927 1510 1967 Antiochum
1535 1926 1705 1980 (recepit
1735 1928 1839 1968 enim

405 1987 590 2041 fratrem
620 1991 836 2026 consortem
863 1983 980 2037 liujus
1002 1985 1149 2038 gloriae
1182 1984 1232 2024 L.
1260 1983 1414 2037 Scipio)
1441 1985 1551 2024 ultra
1585 1985 1717 2024 Tauri
1731 1983 1840 2039 juga

422 2044 579 2093 emovit,
610 2049 652 2082 ut
683 2042 830 2083 duobus
863 2042 1046 2083 Petilliis
1073 2041 1351 2090 subcumberet,
1382 2055 1448 2082 vos
1482 2043 1530 2081 de
1562 2043 1612 2082 P.
1634 2041 1839 2096 Africano

416 2102 597 2154 palmam
612 2100 835 2153 peteretis?
870 2098 1061 2139 Nullisne
1085 2099 1240 2139 meritis
1259 2099 1353 2146 suis,
1376 2099 1499 2139 nullis
1518 2100 1660 2140 vestris
1678 2100 1840 2140 honori-

423 2158 494 2197 bus
514 2171 696 2210 umquam
718 2159 761 2197 in
782 2171 911 2197 arcem
933 2162 1057 2196 tutam
1080 2163 1118 2197 et
1136 2157 1242 2197 velut
1262 2162 1442 2196 sanctam
1462 2157 1568 2196 clari
1593 2157 1677 2197 viri
1694 2170 1839 2209 perve—

424 2216 558 2255 nient.-
589 2214 670 2262 ubi,
693 2215 730 2254 si
750 2228 825 2253 non
850 2213 1106 2263 venerabilis,
1130 2214 1327 2254 inviolata
1348 2213 1485 2254 saltem
1510 2219 1684 2254 senectus
1703 2227 1839 2253 eorum

424 2272 636 2312 considat?
680 2271 818 2311 Movit
840 2279 880 2311 et
902 2270 1131 2320 decretum,
1153 2278 1194 2311 et
1219 2269 1382 2326 adjecta
1409 2271 1542 2311 oratio
1571 2284 1651 2310 non
1682 2278 1840 2311 ceteros

425 2329 564 2379 modo,
601 2326 670 2368 sed
706 2328 817 2383 ipsos
857 2327 979 2368 etiam
1021 2335 1301 2368 accusatores:
1349 2335 1405 2376 et,
1441 2326 1741 2367 deliberaturos
1783 2343 1840 2379 se,

425 2385 529 2440 quid
565 2385 629 2425 sui
659 2384 768 2440 juris
803 2391 843 2425 ot
878 2383 999 2424 officii
1035 2393 1156 2434 esset,
1193 2383 1402 2425 dixerunt.
1466 2384 1641 2424 Senatus
1673 2383 1838 2435 deinde,

425 2441 598 2482 concilio
633 2440 767 2496 plebis
801 2440 985 2490 dimisso,
1020 2441 1165 2482 haberi
1198 2450 1258 2482 est
1288 2449 1463 2496 coeptus.
1505 2439 1563 2481 ibi
1599 2439 1747 2495 gratiae
1781 2440 1841 2482 in-

425 2506 568 2553 gentes
589 2497 642 2538 ab
673 2496 864 2538 universo
894 2497 1054 2547 ordine,
1076 2497 1286 2553 praecipue
1306 2512 1331 2537 a
1359 2495 1644 2537 consularibus
1675 2497 1840 2539 seniori-

470 2601 482 2618 ¹
495 2598 580 2627 anuis
595 2596 690 2627 Gron.
709 2595 798 2627 Crev.
892 2599 903 2616 ⁵
919 2597 949 2626 in
964 2595 1094 2626 Siciliam
1109 2598 1222 2627 mittere
1237 2596 1328 2627 Crev.
1421 2598 1430 2616 ¹
1447 2606 1575 2626 caussam
1593 2596 1690 2627 Gron.
1705 2599 1794 2628 Crev.

468 2683 506 2712 91
533 2683 610 2712 Ante
641 2683 727 2712 antiis
757 2681 967 2721 septemdecim]
1006 2681 1112 2721 Magis
1197 2682 1238 2712 92
1248 2682 1391 2722 ‘Adjecit
1438 2684 1550 2712 ἀίω-εἰσ
1592 2682 1838 2723 indignationem]

429 2725 563 2766 placeret
597 2732 665 2755 ante
700 2734 805 2754 annos.-
849 2723 1002 2763 quomodo
1040 2724 1111 2753 MS.
1157 2724 1303 2760 Decreto,
1330 2724 1414 2765 quod
1442 2725 1532 2756 modo
1557 2730 1760 2755 memoratum
1781 2731 1839 2759 est,

430 2767 630 2808 moguntinus
645 2767 751 2802 habet,
769 2771 843 2797 teste
858 2765 1007 2796 Hearnio.
1051 2765 1110 2796 Sed
1155 2765 1267 2806 adjecit
1302 2767 1469 2799 orationem
1501 2767 1624 2810 plenam
1653 2766 1840 2809 indignatio-

431 2810 546 2840 Victor.
573 2821 628 2852 pro
656 2811 753 2841 tribus
779 2809 826 2840 his
848 2808 985 2843 vocibus,
1010 2814 1110 2838 ‹nite-a:
1156 2808 1212 2840 nis.

428 2858 516 2883 recte.
