1947 3222
500 127 531 163 L
547 126 562 163 I
579 127 621 163 Β.
650 123 842 161 XXXVI.
880 123 1013 160 CAP.
1043 122 1192 160 XLIV.
1473 126 1546 164 273

139 233 239 274 mini
269 242 372 284 erat,
406 233 679 289 Magnesiam,
711 247 806 288 quae
836 232 889 273 ad
923 230 1114 287 Sipylum
1145 239 1222 281 est,
1253 231 1465 280 concessit,
1491 230 1545 272 ad
1561 234 1650 266 U.(‘3.
1664 235 1739 266 561.

139 297 353 332 terrestres
373 291 509 347 copias
529 289 837 345 comparandas.
869 287 1008 329 classis
1028 287 1081 328 ad
1104 288 1354 342 Cyssuntem
1375 296 1545 342 portum
1558 278 1598 310 A·
1611 277 1648 309 C·
1665 278 1737 309 ¹9¹⁶

141 346 474 402 Erythraeorum,
511 355 722 402 tamquam
764 346 823 386 ibi
863 345 1003 401 aptius
1043 351 1333 399 exspectatura
1367 343 1543 394 hostem,

139 404 364 445 contendit.
424 403 617 453 Romani,
639 403 713 444 ubi
744 403 925 459 primum
955 401 1169 457 aquilones
1193 400 1241 451 (ii
1271 414 1450 454 namque
1471 416 1544 455 per

140 459 299 515 aliquot
330 460 416 501 dies
445 464 684 514 tenuerant)
717 459 913 508 cecidere,
942 459 994 499 ab
1026 457 1133 498 Delo
1165 457 1344 506 Phanas,
1375 465 1544 511 portum

143 516 342 557 Chiorum
357 518 400 557 in
418 517 616 573 AEgaeum
637 532 749 557 mare
770 531 950 565 versum,
972 522 1145 571 petunt:
1169 513 1304 554 ‘2⁹‘mde
1324 512 1378 553 ad
1399 513 1546 553 urbem

139 572 414 628 circumegere
444 590 584 623 naves,
615 582 933 628 commeatuque
964 580 1117 622 sumto,
1142 570 1401 612 ⁵⁰Phocaeam
1434 569 1548 625 traji-

139 629 266 670 ciunt.
327 631 551 681 Eumenes,
574 631 734 671 Elaeam
751 630 806 671 ad
827 645 943 670 suam
964 629 1133 669 classem
1153 627 1380 684 profectus,
1402 627 1547 682 paucis

138 693 231 740 post
266 686 362 727 inde
397 687 559 738 diebus,
591 703 686 728 cum
722 695 906 743 quatuor
937 694 978 726 et
1013 685 1163 741 viginti
1197 684 1375 725 navibus
1410 682 1545 732 tectis,

137 743 292 797 apertis
321 743 529 799 pluribus,
550 744 693 801 paullo
712 743 776 784 ⁵¹3,
808 744 986 784 Phocaea
1014 742 1066 783 ad
1099 743 1324 791 Romanos,
1352 749 1546 796 parantes

138 797 471 857 instruentesque
502 817 543 842 se
573 802 627 842 ad
656 801 801 842 navale
830 808 1052 850 certamen,
1083 798 1219 840 rediit.
1281 797 1387 838 Inde
1415 796 1548 837 590911-

140 863 231 896 tum
266 858 575 915 quinquaginta
608 857 727 899 tectis
761 857 952 905 navibus,
988 855 1142 912 apertis
1175 855 1304 896 ferme
1339 853 1547 910 quinqua-

138 912 271 967 ginta,
293 915 484 970 profecti,
506 915 655 971 primo,
677 914 944 970 aquilonibus
965 912 1209 955 transversis
1232 926 1365 967 quum
1394 925 1548 966 urgue-

140 977 286 1011 rentur
305 972 346 1012 in
369 980 536 1022 terram,
558 972 814 1028 cogebantur
833 970 949 1012 tenui
970 969 1133 1026 agmine
1152 983 1283 1024 prope
1297 967 1340 1008 in
1360 967 1548 1008 ordinem

141 1024 317 1082 singulae
346 1044 470 1070 naves
490 1029 574 1076 ire;
607 1026 772 1078 deinde,
803 1035 852 1068 ut
878 1027 1006 1069 lenita
1035 1025 1225 1082 paullum
1246 1024 1308 1065 vis
1334 1023 1449 1065 venti
1468 1032 1546 1073 est,

140 1083 195 1123 ad
218 1085 427 1141 Corycum
456 1094 641 1142 portum,
663 1085 738 1141 qui
766 1098 892 1140 super
920 1085 1172 1140 Cyssuntem
1193 1089 1270 1132 est,
1291 1081 1428 1122 conati
1449 1088 1547 1122 sunt

139 1140 339 1195 trajicere.

198 1197 366 1239 XLIV.
399 1199 694 1255 Polyxenidas,
730 1206 779 1240 ut
814 1197 1150 1255 adpropinquare
1184 1197 1324 1238 hostes
1358 1195 1546 1237 adlatum
1560 1207 1670 1247 Pugna
1684 1200 1745 1239 tia-⁷

138 1261 215 1304 est,
232 1257 442 1297 occasione
463 1257 680 1313 pugnandi
701 1256 838 1306 laetus,
861 1255 1072 1297 sinistrum
1093 1255 1180 1311 ipse
1200 1268 1328 1294 cornu
1349 1253 1394 1294 in
1413 1253 1545 1294 altum
1558 1251 1646 1282 valis.

138 1312 342 1362 extendit,
374 1313 570 1355 dextrum
603 1329 732 1355 cornu
762 1313 982 1369 praefectos
1010 1311 1181 1352 navium
1212 1310 1267 1352 ad
1298 1321 1449 1352 terram
1480 1325 1551 1350 ex-

138 1368 291 1423 plicare
307 1370 445 1425 jubet,
467 1379 507 1412 et
530 1386 653 1427 aequa
672 1371 809 1411 fronte
830 1370 884 1411 ad
903 1384 1090 1426 pugnam
1110 1367 1374 1424 procedebat.
1424 1366 1549 1417 Quod

138 1426 212 1467 ubi
243 1426 348 1468 vidit
386 1428 616 1477 Romanus,
647 1427 740 1468 vela
774 1426 995 1475 contrahit,
1026 1425 1240 1480 malosque
1274 1424 1458 1473 inclinat,
1492 1431 1548 1473 et,

139 1482 263 1523 simul
294 1492 548 1525 armamenta
577 1499 840 1540 componens,
872 1482 1091 1539 opperitur
1119 1481 1381 1537 insequentes
1410 1495 1548 1521 naves.

139 1540 169 1579 J
173 1555 238 1580 am
260 1540 389 1581 ferme
409 1541 582 1595 triginta
601 1541 645 1581 in
665 1541 802 1581 fronte
830 1548 961 1589 erant,
982 1538 1178 1595 ³⁵quibus
1203 1547 1252 1579 ut
1273 1545 1460 1593 aequaret
1481 1537 1551 1578 lae-

139 1611 241 1638 vum
271 1612 414 1647 cornu,
435 1597 696 1639 ⁵⁴dolonibus
718 1597 863 1638 erectis
892 1597 1024 1637 altum
1054 1604 1195 1651 petere
1225 1594 1428 1636 intendit:
1457 1595 1549 1650 jus-

142 1653 210 1703 sis,
232 1654 307 1710 qui
337 1655 632 1710 sequebantur,
654 1654 853 1695 adversus
877 1653 1073 1694 dextrum
1095 1660 1234 1693 cornu‘
1245 1666 1376 1707 prope
1397 1659 1551 1692 terram

139 1725 283 1766 proras
313 1711 504 1767 dirigere.
565 1713 775 1752 Eumenes
805 1726 953 1766 agmen
974 1709 1160 1765 cogebat.
1184 1716 1383 1758 ceterum,
1405 1717 1454 1749 ut
1482 1707 1552 1750 de-

139 1767 300 1808 mendis
319 1768 585 1810 armamentis
605 1767 857 1809 tumultuari
877 1767 1061 1824 primum
1081 1773 1268 1821 coeptum
1289 1772 1366 1815 est,
1384 1773 1425 1806 et
1446 1764 1549 1820 ipse,

141 1833 301 1880 quanta
339 1826 521 1866 maxima
560 1825 768 1866 celeritate
807 1832 959 1881 potest,
1001 1824 1179 1864 concitat
1215 1837 1351 1862 naves.
1411 1821 1551 1862 ³⁵Jam

140 1881 351 1923 omnibus⁵
370 1882 413 1923 in
432 1890 657 1939 conspectu
678 1889 819 1923 erant:
852 1881 949 1922 duae
980 1880 1151 1922 Punicae
1181 1894 1305 1919 naves
1336 1878 1548 1920 antecede-

140 1938 242 1979 bant
274 1940 506 1980 Romanam
537 1939 721 1989 classem,
753 1939 909 1994 quibus
940 1938 1076 1979 obviae
1104 1945 1188 1978 tres
1222 1936 1393 1977 fuerunt
1424 1935 1550 1991 regiae

141 2010 278 2036 naves.
310 2005 352 2037 et
375 2005 424 2037 ut
453 1997 497 2037 in
526 2011 700 2037 numero
720 1996 870 2052 inpari,
892 1995 988 2035 duae
1009 1993 1134 2050 regiae
1164 2008 1291 2033 unam
1321 1992 1552 2033 circumsis-

142 2060 238 2094 tunt
254 2069 262 2093 :
295 2061 336 2094 et
352 2053 535 2109 primum
555 2053 608 2094 ab
624 2061 806 2109 utroque
822 2052 950 2094 latere
970 2066 1104 2093 remos
1117 2050 1366 2105 detergunt:
1399 2049 1551 2090 deinde

736 2132 749 2149 ³
764 2140 858 2160 omnes
874 2130 963 2160 Crev.

184 2190 226 2220 29
250 2190 324 2221 Inde
345 2191 383 2220 ad
405 2190 520 2230 urbem]
557 2190 679 2231 Nempe
698 2189 823 2226 Chium,

142 2233 359 2272 cognominem
372 2232 493 2264 insulae.

184 2276 226 2306 30
258 2277 409 2307 Phocaeam
438 2275 610 2315 trajiciunt]
665 2275 746 2305 Eam
773 2285 824 2304 ur-

142 2317 224 2353 bem,
254 2329 349 2360 quum
386 2324 509 2361 pareret
544 2317 711 2353 Antiocho,
738 2323 824 2348 metu

143 2370 209 2391 sese
224 2361 376 2393 Romanis
397 2367 463 2392 tum
486 2360 640 2392 dedidisse
660 2361 824 2402 Appi-anus

144 2402 176 2433 in
195 2403 272 2435 libro
294 2405 333 2436 de
355 2402 490 2447 Syriacis
512 2403 602 2434 bellis
625 2404 728 2434 tradit.
773 2404 825 2433 De

145 2455 183 2476 ea
218 2447 300 2478 enim
334 2448 441 2489 procul
476 2447 570 2478 dubio
605 2446 826 2487 intelligendus

144 2493 201 2522 est,
217 2490 355 2528 quamvis
378 2491 484 2522 vitiose
506 2490 591 2533 apud
613 2500 685 2520 eum
706 2489 825 2531 legatur

145 2530 279 2564 Φωκίδα.

188 2575 226 2604 31
251 2576 275 2605 A
307 2575 442 2617 Phoc-cra]
488 2576 557 2606 Imo
592 2576 630 2605 ad
660 2575 823 2609 Phocaeam,

146 2616 195 2646 vel
209 2616 273 2648 sine
287 2618 498 2659 praepositione
512 2619 672 2649 Phocaeam.
701 2618 749 2647 Ex
764 2628 824 2658 quo

145 2659 227 2689 enim
242 2660 376 2690 Romani
402 2661 565 2692 Phocaeam
582 2661 739 2702 trajecere,
756 2660 826 2690 nul-

146 2702 207 2750 lus.
219 2702 296 2733 alius
317 2703 491 2734 nominatur
510 2705 607 2740 locus,
622 2714 684 2745 quo
698 2703 825 2743 naviga-

146 2750 255 2775 verint.

187 2788 229 2817 32
255 2787 378 2818 Centum
399 2790 626 2831 quinquaginta]
654 2790 739 2830 Lege
754 2799 826 2819 cum

144 2831 214 2861 JaC.
230 2830 395 2866 Gronovio,
411 2839 526 2861 centum
544 2834 682 2873 quinque.
726 2832 827 2873 Supra

145 2883 171 2903 c.
189 2874 241 2903 42.
257 2872 368 2903 dieitur
390 2873 430 2905 C.
446 2873 550 2905 Livius
572 2874 717 2906 habuisse
731 2884 826 2905 unam

201 2930 295 2957 VOL.
319 2930 388 2957 111.

867 2193 898 2220 et
924 2186 1080 2228 octoginta
1111 2191 1258 2216 rostratas
1291 2194 1402 2215 naves:
1440 2184 1552 2225 quibus

868 2231 982 2262 additae
1004 2234 1135 2271 quatuor
1159 2235 1190 2259 et
1211 2227 1320 2268 viginti
1335 2228 1484 2258 Eumenis
1506 2227 1551 2258 ef-

868 2274 974 2305 ficlunt
989 2282 1150 2303 numerum
1164 2282 1256 2312 quem
1272 2271 1422 2302 volumus.

910 2318 950 2348 33
977 2316 1088 2350 Quibus
1108 2321 1143 2345 ut
1165 2320 1294 2355 oequaret
1317 2315 1421 2343 loevum
1442 2312 1550 2353 cornu]

868 2360 987 2391 Volens
1015 2358 1146 2393 efficere,
1180 2362 1215 2387 ut
1249 2357 1363 2387 laevum
1393 2367 1488 2387 cornu
1515 2356 1552 2386 iis

868 2401 994 2443 aequari,
1016 2401 1049 2431 id
1071 2406 1128 2435 est,
1151 2400 1304 2441 aequalem
1331 2399 1445 2430 habere
1468 2399 1550 2429 fron-

867 2451 931 2476 tem
953 2449 1066 2487 posset,
1089 2443 1183 2485 *ipse
1206 2443 1237 2472 in
1257 2442 1398 2473 dextram
1420 2442 1552 2472 tendens

869 2488 968 2518 altum
989 2486 1089 2529 petiit,
1106 2491 1141 2516 ut
1161 2485 1421 2527 subsequentibus
1442 2495 1474 2515 se
1497 2494 1552 2514 na-

865 2530 956 2561 vibus
978 2530 1111 2572 spatium
1134 2528 1175 2560 ad
1196 2528 1351 2559 sinistram
1374 2538 1468 2570 prope
1492 2533 1551 2557 ter-

867 2584 933 2604 ram
948 2583 1081 2604 vacuum
1096 2572 1330 2613 relinqueretur.

910 2617 953 2646 34
977 2616 1135 2646 Dolonibus
1156 2615 1272 2655 erectis]
1319 2614 1457 2644 Dolones
1483 2616 1554 2642 sunt

869 2660 901 2690 in
923 2659 994 2689 navi
1010 2659 1129 2689 minora
1141 2658 1222 2692 vela,
1238 2667 1307 2698 quae
1330 2665 1423 2697 supra
1438 2664 1555 2695 majora

870 2702 1033 2733 celeritatis
1048 2711 1142 2732 causa
1156 2701 1324 2741 erig-untur.

912 2746 954 2776 35
982 2745 1051 2775 Jam
1083 2754 1177 2774 omnes
1213 2745 1244 2773 in
1273 2747 1424 2780 conspectu
1452 2740 1553 2781 erant]

871 2788 977 2828 Vulgo
990 2790 1059 2827 jam
1080 2788 1221 2818 omnibus.
1265 2784 1327 2814 Sed
1343 2782 1485 2814 Andreas
1499 2783 1554 2813 ha-

870 2831 924 2860 bet
945 2841 1055 2860 omnes:
1086 2827 1169 2870 quod
1195 2826 1303 2858 merito
1328 2826 1444 2868 placuit
1468 2825 1553 2856 Peri-

872 2872 969 2903 zonio.
1015 2873 1118 2904 Omnes
1144 2871 1298 2902 Romanae
1320 2869 1427 2900 classis
1451 2879 1556 2900 naves·

940 2929 966 2955 Τ
