1947 3222
562 79 688 118 LIB.
726 79 811 116 XL.
858 81 936 117 CA
952 80 992 117 P.
1021 81 1136 121 VIII.
1474 88 1549 130 459

141 196 318 244 uterquc
349 189 512 240 habuit,
534 204 666 243 quum
688 195 859 228 vocatus
879 187 932 227 ad
953 203 1111 228 coenam
1139 189 1191 229 ab
1214 190 1428 233 Demetrio
1453 191 1552 235 Per-
1568 204 1742 235 U.C.570.

141 261 234 286 scus
264 255 463 301 negasset.
525 245 650 285 Festo
679 243 746 284 die
776 243 968 284 invitatio
997 244 1177 299 benigna
1206 255 1246 287 et
1273 246 1459 290 hilaritas
1483 246 1603 305 ju-A·
1616 246 1653 278 C·
1671 248 1742 278 182.

143 302 317 343 *venalise
339 311 537 356 utrosque
563 300 606 340 in
626 300 770 341 vinum
801 299 941 341 traxit.
1005 301 1352 344 Commemoratio
1379 305 1437 346 ibi
1467 322 1553 347 cer-

143 358 308 399 taminis
338 358 485 399 ludicri
505 366 546 398 et
572 358 714 412 jocosa
741 357 854 398 dicta
873 356 915 397 in
935 356 1204 407 adversarios,
1225 358 1284 399 ita
1314 369 1361 400 ut
1381 376 1432 402 ne
1452 362 1552 418 ipsis

141 415 313 469 quidem
343 414 520 455 ducibus
548 413 841 461 abstineretur,
858 413 1138 468 jactabantur.
1199 414 1273 455 Ad
1300 415 1374 457 has
1401 419 1553 474 excipi-

141 471 267 512 endas
288 486 405 512 voces
436 471 670 527 speculator
691 486 742 511 ex
765 470 946 511 convivis
978 470 1117 511 Persei
1147 470 1309 522 missus,
1332 487 1463 527 quum
1493 476 1553 516 in-
1564 484 1745 531 speculator

140 527 300 569 cautior
333 528 640 577 obversaretur,
677 535 875 583 exceptus
908 542 932 567 a
966 526 1194 584 juvenibus
1233 528 1341 570 forte
1376 530 1552 572 triclinio
1565 528 1668 600 11³5ss⁰¹
1681 527 1765 574 apud

140 584 325 638 egressis,
367 584 473 625 male
513 584 734 625 mulcatur.
802 584 948 640 Hujus
987 584 1045 624 rei
1084 584 1255 640 ignarus
1296 586 1552 637 Demetrius,
1567 575 1720 643 mgtnem-

138 643 235 694 quin
256 642 516 688 comissatum,
540 641 694 697 inquit,
711 642 776 693 ad,
775 641 954 694 fratrem
977 642 1104 681 z'mus'?
1137 647 1175 682 et
1191 643 1293 682 iram
1315 641 1408 696 effus,
1423 646 1460 685 si
1475 659 1553 698 qua

136 712 186 737 ea·
205 700 420 738 certamine
439 700 599 746 residet,
621 699 882 750 simplicitate
901 705 939 738 et
958 699 1174 738 hilaritate
1200 706 1338 740 nostra
1359 701 1553 742 lenimus?

139 755 294 795 Omnes
316 771 357 795 se
377 756 437 795 ire
467 755 790 805 conclamarunt,
812 764 965 811 praeter
995 771 1077 805 eOS,
1100 755 1173 811 qui
1200 757 1470 812 speculatoris
1500 760 1554 801 ab

139 826 181 851 se
210 811 366 866 pulsati
395 820 640 867 praesentem
670 812 872 853 ultionem
901 812 1156 853 metuebant.
1189 828 1322 868 quum
1353 830 1421 855 eos
1451 831 1555 870 quo-

140 883 224 923 que
246 869 486 910 Demetrius
505 868 702 918 traheret,
719 869 877 909 ferrum
898 876 1012 910 veste
1033 868 1301 920 abdiderunt,
1319 886 1404 926 quo
1425 888 1467 913 se
1488 881 1554 913 tu-

139 925 235 974 tari,
259 925 291 965 si
320 941 406 981 qua
425 926 488 966 vis
514 926 646 975 fieret,
668 933 850 980 possent.
912 925 1031 966 Nihil
1060 926 1212 967 occulti
1244 942 1330 968 esse
1359 928 1403 968 in
1430 929 1555 970 intes-

138 980 225 1021 tina
254 980 459 1023 discordia
487 990 636 1038 potest.
668 990 847 1036 utraque
875 982 1024 1023 domus
1056 983 1363 1037 speculatorum
1391 994 1432 1026 et
1460 1001 1554 1041 pro-

137 1036 319 1078 ditorum
351 1039 474 1094 plena
501 1047 599 1080 erat.
661 1038 983 1080 1⁷P1·aecucu1·rit
1013 1039 1139 1080 index
1171 1039 1225 1080 ad
1256 1041 1421 1092 Persea,
1443 1043 1554 1084 ferro

136 1094 372 1136 subcinctos
411 1095 610 1136 nuncians
650 1110 745 1136 cum
787 1095 1006 1135 Demetrio
1050 1104 1233 1150 quatuor
1273 1096 1553 1141 adolescentes

134 1151 283 1192 venire.
315 1152 392 1193 etsi
420 1167 564 1192 caussa
588 1151 830 1207 adparebat,
864 1151 978 1203 (nam
1008 1151 1062 1192 ab
1091 1151 1140 1192 iis
1170 1152 1385 1208 pulsatum
1416 1156 1553 1196 convi-

134 1222 228 1248 vam
260 1223 381 1249 suum
411 1208 620 1262 audierat)
653 1217 807 1259 tamen,
829 1208 1080 1249 infamandae
1110 1209 1169 1249 rei
1200 1225 1358 1261 caussa,
1376 1212 1550 1267 januam

131 1264 315 1306 obserari
339 1265 486 1320 jubet:
520 1273 561 1306 et
591 1280 642 1305 ex
674 1273 792 1320 parte
824 1265 1035 1320 superiore
1067 1265 1237 1316 aedium,
1266 1268 1478 1324 versisque
1508 1269 1551 1310 in

131 1319 241 1361 viam
270 1321 475 1372 fenestris,
498 1321 795 1371 comissatores,
822 1329 1037 1377 tamquam
1068 1322 1122 1363 ad
1151 1322 1307 1364 caedem
1339 1339 1455 1366 suam
1483 1342 1551 1367 ve-
1562 1334 1764 1383 Perseus-sra-

131 1377 305 1428 nientes,
336 1378 455 1419 aditu
486 1379 628 1433 januae
663 1387 786 1419 arcet.
847 1378 1102 1428 Demetrius,
1134 1395 1208 1435 per
1242 1379 1402 1432 vinum,
1434 1383 1548 1438 quod
1561 1382 1636 1424 trem
1653 1378 1739 1409 adun

133 1433 442 1485 excluderetur,
464 1435 692 1491 paullisper
721 1435 986 1485 vociferatus,
1008 1435 1051 1476 in
1072 1436 1309 1477 convivium
1339 1439 1464 1490 redit,
1489 1431 1661 1481 tO-Januae
1671 1427 1765 1453 ἣκει

132 1490 218 1531 tius
238 1491 297 1531 rei
317 1491 500 1547 ignarus.

190 1547 320 1588 VIII.
353 1549 526 1589 Postero
557 1548 622 1590 die
659 1550 849 1600 Perseus,
887 1547 1029 1606 quam‘
1057 1549 1241 1605 primum
1277 1553 1546 1596 conveniendi

132 1611 316 1658 potestas
345 1605 476 1660 patris
506 1605 603 1656 fuit,
632 1606 788 1661 regiam
819 1606 1042 1662 ingressus,
1068 1608 1315 1662 perturbato
1346 1609 1469 1651 vultu
1501 1611 1543 1652 in

131 1669 354 1716 conspectu
385 1661 515 1716 patris
546 1663 698 1704 tacitus
726 1663 869 1718 procul
903 1663 1100 1704 constitit.
1133 1664 1253 1715 18cui,
1285 1681 1379 1707 cum
1411 1676 1544 1722 pater,
1560 1686 1638 1715 Eum
1656 1696 1747 1717 accu-

129 1717 265 1757 Satin’
298 1719 448 1759 salvcc?
499 1727 554 1769 et,
587 1733 768 1775 quaenam
799 1735 846 1760 ea
877 1721 1058 1761 maestitia
1094 1724 1222 1762 esset?
1271 1721 1545 1779 interrogaret
1559 1733 1606 1758 sat
1622 1728 1705 1769 apud

130 1788 241 1824 eum,
263 1773 371 1815 ¹⁹De
389 1776 499 1815 lucro
526 1777 616 1824 tibi,
639 1776 790 1831 inquit,
813 1778 945 1818 vivere
964 1792 1023 1817 me
1042 1779 1152 1818 scito.
1170 1777 1264 1831 jam
1287 1794 1365 1818 non
1386 1783 1546 1824 occultis
1559 1777 1689 1812 patrem.

125 1844 154 1869 a
156 1831 307 1884 fratre
320 1834 498 1885 petimur
524 1834 701 1873 insidiis.
766 1834 892 1874 Nocte
919 1849 1001 1874 cum
1025 1837 1195 1876 armatis
1225 1838 1376 1876 domum
1400 1840 1458 1878 ad
1483 1840 1546 1879 in-

127 1889 397 1941 teificiendum
429 1904 487 1929 me
517 1893 644 1930 venit:
676 1892 898 1945 clausisque
910 1892 1091 1945 foribus,
1116 1894 1323 1946 parietum
1346 1897 1547 1946 prasidio

127 1958 187 1984 me
208 1959 233 1984 a
246 1946 400 1998 furore
429 1946 511 1999 ‘jus
539 1961 621 1987 sum
651 1954 815 1987 lutatus.
877 1949 1016 1998 Quum
1046 1965 1243 2004 pavorem
1272 1951 1454 1992 mixtum
1475 1953 1546 1994 ad-

128 2000 346 2042 miratione
375 2002 484 2058 patri
514 2003 735 2059 injecisset,
758 2005 901 2057 Atqui,
923 2006 955 2045 si
984 2020 1103 2046 aures
1124 2006 1311 2058 praebere
1338 2015 1462 2059 potes,
1486 2010 1546 2050 in-

127 2057 236 2112 quit,
258 2060 509 2113 manifestam
532 2075 611 2100 rem
628 2067 777 2110 teneas,
783 2063 960 2114 jaciam.
1007 2063 1224 2103 Enimvero
1244 2078 1297 2112 se,
1324 2063 1545 2122 Philippus

126 2113 280 2165 dicere,
316 2117 560 2166 auditurum,
596 2118 820 2174 vocarique
855 2119 1065 2174 extemplo
1101 2120 1364 2161 Demetrium
1389 2122 1539 2177 jussit:

125 2178 169 2212 et
190 2171 368 2213 seniores
397 2173 503 2214 duos
532 2174 697 2224 amicos,
719 2186 911 2231 expertes
938 2175 1047 2217 inter
1073 2176 1223 2218 fratres
1253 2178 1541 2230 certaminum,

421 2264 586 2302 ‘juvenilis
602 2263 700 2294 Gron.
718 2263 809 2294 Crev.
1020 2261 1034 2285 f
1047 2277 1136 2306 quum
1151 2266 1239 2297 Eaed.

168 2346 206 2377 17
229 2347 433 2379 Praecucurrit
462 2350 547 2379 index
575 2370 584 2378 .
615 2371 624 2380 .
650 2350 810 2390 nuncians]
901 2351 938 2381 19
963 2351 1009 2381 De
1030 2351 1111 2382 lucro
1138 2353 1189 2382 tibi
1210 2373 1218 2381 .
1245 2373 1252 2381 .
1280 2353 1374 2382 vivere
1395 2364 1438 2382 nze
1456 2354 1541 2394 scito]

126 2386 317 2421 postremam
352 2401 459 2421 vocem
496 2390 676 2431 adjecerunt
712 2391 812 2432 ignan'
855 2392 987 2434 Egregia
1013 2393 1130 2433 Sigonii
1166 2394 1352 2430 emendatio,
1383 2405 1477 2436 quum
1508 2397 1540 2427 in

126 2430 219 2460 moris
253 2432 344 2464 Livii.
388 2434 468 2464 Eam
502 2434 648 2464 delemus.
694 2434 812 2465 Sufficit
854 2435 940 2465 libris
961 2436 1114 2475 legeretur
1135 2438 1170 2466 de
1196 2438 1319 2473 ludicro,
1346 2448 1468 2479 prorsus
1494 2439 1538 2468 in-

124 2471 207 2502 enim
221 2483 332 2505 nomen
346 2477 442 2507 index.
854 2483 935 2519 epte.
980 2478 1027 2509 De
1050 2480 1131 2510 lucro
1151 2481 1245 2509 vivere
1262 2486 1308 2510 est
1327 2479 1426 2521 ipsam
1445 2481 1538 2511 vitam

173 2517 210 2546 18
236 2517 293 2546 Cui
328 2530 417 2558 quum
449 2525 543 2558 pater,
568 2519 666 2549 Satin'
701 2520 811 2550 salvoe?
853 2520 885 2550 in
908 2521 993 2551 lucro
1015 2532 1147 2562 ponere3
1181 2522 1224 2552 sic
1246 2523 1360 2558 vivere,
1385 2529 1419 2553 ut
1441 2524 1540 2553 omnis

124 2563 153 2587 et
179 2579 189 2588 .
218 2580 226 2588 .
256 2583 262 2588 .
292 2561 482 2602 ἰηῐωγυὲανεε
511 2563 591 2602 eum]
638 2562 708 2592 Vox
744 2574 808 2593 eum
854 2563 929 2599 dies,
946 2563 1045 2594 omnis
1064 2564 1149 2599 hora,
1165 2570 1288 2606 propter
1306 2565 1469 2595 imminens
1484 2576 1538 2606 pe-

123 2600 215 2631 abest
231 2601 270 2631 ab
286 2612 346 2632 uno
361 2603 432 2634 Ms.
475 2605 569 2635 Illam
589 2604 671 2635 delet
687 2605 808 2635 Grono-
852 2606 993 2641 riculum,
1022 2607 1106 2638 lucro
1129 2607 1302 2648 deputetur.
1346 2608 1395 2637 Sic
1421 2608 1537 2643 Cicero,

123 2642 204 2679 vius,
220 2648 251 2673 et
273 2654 447 2685 praenomen
469 2649 529 2683 cui,
545 2653 579 2678 ut
595 2647 661 2677 haec
684 2647 808 2679 nitidior
854 2648 894 2678 ad
918 2650 1006 2679 Fam.
1021 2650 1042 2679 1.
1060 2651 1118 2680 IX.
1136 2661 1185 2692 ep.
1211 2651 1259 2680 17.
1286 2651 1332 2680 De
1348 2652 1429 2680 lucro
1450 2661 1537 2688 prope

123 2694 198 2716 sane
223 2685 314 2717 lectio
344 2687 470 2718 existat:
496 2711 528 2720 ..
546 2712 553 2720 .
570 2692 677 2720 tacitns
701 2693 805 2729 procul
837 2693 908 2729 jam
934 2694 1157 2731 quadriennium
1190 2695 1319 2727 vivimus,
1349 2694 1371 2722 si
1401 2698 1454 2721 aut
1488 2693 1538 2721 hoc

119 2729 258 2758 ccmstitit.
325 2729 424 2764 Quum
451 2737 545 2769 paim,
569 2732 667 2763 Satin'
699 2735 806 2764 sulm?
849 2735 965 2764 lucrum
1001 2742 1051 2770 est,
1082 2742 1134 2764 aut
1164 2736 1223 2764 hccc
1257 2736 1327 2769 vita,
1358 2736 1536 2773 superstitem

119 2776 158 2805 et,
187 2781 321 2810 quamam
346 2783 376 2802 eo
399 2775 532 2804 vnoestitia
558 2777 644 2806 esset?
680 2777 804 2807 interro·
847 2778 1131 2817 reipublicoerivcrc.

115 2819 201 2856 garet
211 2824 223 2851 ,·
247 2814 293 2844 De
307 2815 398 2846 lucro.
