<?xml version="1.0" encoding="UTF-8"?>
<!DOCTYPE html PUBLIC "-//W3C//DTD XHTML 1.0 Transitional//EN"
    "http://www.w3.org/TR/xhtml1/DTD/xhtml1-transitional.dtd">
<html xmlns="http://www.w3.org/1999/xhtml" xml:lang="en" lang="en">
 <head>
  <title>
</title>
<meta http-equiv="Content-Type" content="text/html;charset=utf-8" />
  <meta name='ocr-system' content='tesseract 3.04.00' />
  <meta name='ocr-capabilities' content='ocr_page ocr_carea ocr_par ocr_line ocrx_word'/>
</head>
<body>
  <div class='ocr_page' id='page_1' title='image "./historiarumaburb03livyuoft_0460.png"; bbox 0 0 1947 3222; ppageno 0'>
   <div class='ocr_carea' id='block_1_1' title="bbox 152 249 330 324">
    <p class='ocr_par' dir='ltr' id='par_1_1' title="bbox 152 249 330 324">
     <span class='ocr_line' id='line_1_1' title="bbox 152 249 328 281; baseline -0.006 0"><span class='ocrx_word' id='word_1_1' title='bbox 152 250 193 281; x_wconf 88' lang='lat' dir='ltr'><em>U.</em></span> <span class='ocrx_word' id='word_1_2' title='bbox 206 249 244 280; x_wconf 88' lang='lat' dir='ltr'><em>C.</em></span> <span class='ocrx_word' id='word_1_3' title='bbox 255 250 328 280; x_wconf 88' lang='grc'><strong>569.</strong></span> 
     </span>
     <span class='ocr_line' id='line_1_2' title="bbox 153 292 330 324; baseline 0.006 -1"><span class='ocrx_word' id='word_1_4' title='bbox 153 292 192 323; x_wconf 84' lang='grc' dir='ltr'><em>Α.</em></span> <span class='ocrx_word' id='word_1_5' title='bbox 205 293 240 323; x_wconf 88' lang='lat' dir='ltr'><em>C.</em></span> <span class='ocrx_word' id='word_1_6' title='bbox 261 293 330 324; x_wconf 82' lang='lat'><em>183.</em></span> 
     </span>
    </p>
   </div>
   <div class='ocr_carea' id='block_1_2' title="bbox 351 125 1781 1366">
    <p class='ocr_par' dir='ltr' id='par_1_2' title="bbox 351 125 1774 741">
     <span class='ocr_line' id='line_1_3' title="bbox 362 125 1269 171; baseline -0.01 0"><span class='ocrx_word' id='word_1_7' title='bbox 362 137 437 171; x_wconf 74' lang='lat'><em>450</em></span> <span class='ocrx_word' id='word_1_8' title='bbox 863 126 1041 164; x_wconf 84' lang='lat' dir='ltr'><em>&#39;TITI</em></span> <span class='ocrx_word' id='word_1_9' title='bbox 1090 125 1269 164; x_wconf 85' lang='lat' dir='ltr'>LIVII</span> 
     </span>
     <span class='ocr_line' id='line_1_4' title="bbox 362 232 1772 292; baseline -0.007 -11"><span class='ocrx_word' id='word_1_10' title='bbox 362 240 515 282; x_wconf 86' lang='lat' dir='ltr'><em>deditos</em></span> <span class='ocrx_word' id='word_1_11' title='bbox 551 238 733 292; x_wconf 82' lang='lat' dir='ltr'><em>spoliari.</em></span> <span class='ocrx_word' id='word_1_12' title='bbox 794 236 934 290; x_wconf 83' lang='lat' dir='ltr'><em>Itaque</em></span> <span class='ocrx_word' id='word_1_13' title='bbox 973 249 1013 276; x_wconf 84' lang='lat' dir='ltr'><em>se</em></span> <span class='ocrx_word' id='word_1_14' title='bbox 1043 249 1126 276; x_wconf 87' lang='lat' dir='ltr'><em>cum</em></span> <span class='ocrx_word' id='word_1_15' title='bbox 1163 234 1215 275; x_wconf 86' lang='lat' dir='ltr'><em>iis</em></span> <span class='ocrx_word' id='word_1_16' title='bbox 1249 232 1440 286; x_wconf 83' lang='lat' dir='ltr'><em>¹³legaeos</em></span> <span class='ocrx_word' id='word_1_17' title='bbox 1471 233 1528 272; x_wconf 81' lang='lat' dir='ltr'><em>ad</em></span> <span class='ocrx_word' id='word_1_18' title='bbox 1560 233 1772 281; x_wconf 66' lang='lat' dir='ltr'><em>ccmsulem}¹</em></span> 
     </span>
     <span class='ocr_line' id='line_1_5' title="bbox 363 288 1772 349; baseline -0.007 -11"><span class='ocrx_word' id='word_1_19' title='bbox 363 298 547 338; x_wconf 83' lang='lat' dir='ltr'><em>missuros</em></span> <span class='ocrx_word' id='word_1_20' title='bbox 554 318 569 342; x_wconf 89' lang='lat'><em>,·</em></span> <span class='ocrx_word' id='word_1_21' title='bbox 602 295 685 349; x_wconf 84' lang='lat' dir='ltr'><em>qui,</em></span> <span class='ocrx_word' id='word_1_22' title='bbox 706 295 742 336; x_wconf 88' lang='lat' dir='ltr'><em>si</em></span> <span class='ocrx_word' id='word_1_23' title='bbox 765 294 945 341; x_wconf 82' lang='lat' dir='ltr'><em>redeant,</em></span> <span class='ocrx_word' id='word_1_24' title='bbox 966 293 1072 332; x_wconf 87' lang='lat' dir='ltr'><em>unde</em></span> <span class='ocrx_word' id='word_1_25' title='bbox 1097 291 1290 339; x_wconf 83' lang='lat' dir='ltr'><em>venerint,</em></span> <span class='ocrx_word' id='word_1_26' title='bbox 1314 289 1448 330; x_wconf 85' lang='lat' dir='ltr'><em>omnia</em></span> <span class='ocrx_word' id='word_1_27' title='bbox 1476 290 1529 330; x_wconf 84' lang='lat' dir='ltr'><em>iis</em></span> <span class='ocrx_word' id='word_1_28' title='bbox 1554 303 1627 329; x_wconf 87' lang='lat' dir='ltr'><em>sua</em></span> <span class='ocrx_word' id='word_1_29' title='bbox 1653 288 1772 329; x_wconf 83' lang='lat' dir='ltr'><strong><em>reddi</em></strong></span> 
     </span>
     <span class='ocr_line' id='line_1_6' title="bbox 351 345 1772 408; baseline -0.006 -14"><span class='ocrx_word' id='word_1_30' title='bbox 351 353 525 408; x_wconf 85' lang='lat' dir='ltr'><em>jubeant</em></span> <span class='ocrx_word' id='word_1_31' title='bbox 533 374 549 399; x_wconf 91' lang='grc'><em>,·</em></span> <span class='ocrx_word' id='word_1_32' title='bbox 581 353 726 406; x_wconf 83' lang='lat' dir='ltr'><em>quique</em></span> <span class='ocrx_word' id='word_1_33' title='bbox 739 351 928 404; x_wconf 79' lang='lat' dir='ltr'><em>protinus</em></span> <span class='ocrx_word' id='word_1_34' title='bbox 947 354 1043 388; x_wconf 77' lang='lat' dir='ltr'><em>eant</em></span> <span class='ocrx_word' id='word_1_35' title='bbox 1061 353 1177 387; x_wconf 85' lang='lat' dir='ltr'><em>trans</em></span> <span class='ocrx_word' id='word_1_36' title='bbox 1197 347 1335 400; x_wconf 82' lang='lat' dir='ltr'><em>Alpes,</em></span> <span class='ocrx_word' id='word_1_37' title='bbox 1353 351 1391 386; x_wconf 84' lang='lat' dir='ltr'><em>et</em></span> <span class='ocrx_word' id='word_1_38' title='bbox 1411 346 1650 386; x_wconf 82' lang='lat' dir='ltr'><em>denuncient</em></span> <span class='ocrx_word' id='word_1_39' title='bbox 1672 345 1772 386; x_wconf 80' lang='lat' dir='ltr'><em>Gal-</em></span> 
     </span>
     <span class='ocr_line' id='line_1_7' title="bbox 364 402 1773 464; baseline -0.007 -13"><span class='ocrx_word' id='word_1_40' title='bbox 364 410 454 451; x_wconf 86' lang='lat' dir='ltr'><em>licis</em></span> <span class='ocrx_word' id='word_1_41' title='bbox 462 410 640 464; x_wconf 80' lang='lat' dir='ltr'><em>populis,</em></span> <span class='ocrx_word' id='word_1_42' title='bbox 657 407 950 449; x_wconf 82' lang='lat' dir='ltr'><em>multitudinem</em></span> <span class='ocrx_word' id='word_1_43' title='bbox 965 418 1075 444; x_wconf 85' lang='lat' dir='ltr'><em>suam</em></span> <span class='ocrx_word' id='word_1_44' title='bbox 1091 403 1198 444; x_wconf 87' lang='lat' dir='ltr'><em>domi</em></span> <span class='ocrx_word' id='word_1_45' title='bbox 1212 404 1456 443; x_wconf 82' lang='lat' dir='ltr'><em>contineant.</em></span> <span class='ocrx_word' id='word_1_46' title='bbox 1505 402 1633 455; x_wconf 81' lang='lat' dir='ltr'><em>Alpes</em></span> <span class='ocrx_word' id='word_1_47' title='bbox 1639 414 1773 455; x_wconf 81' lang='lat' dir='ltr'><em>prope</em></span> 
     </span>
     <span class='ocr_line' id='line_1_8' title="bbox 366 458 1774 520; baseline -0.005 -13"><span class='ocrx_word' id='word_1_48' title='bbox 366 466 722 520; x_wconf 74' lang='lat' dir='ltr'><em>inexsuperabilem</em></span> <span class='ocrx_word' id='word_1_49' title='bbox 736 465 866 517; x_wconf 78' lang='lat' dir='ltr'><em>finem</em></span> <span class='ocrx_word' id='word_1_50' title='bbox 896 462 938 500; x_wconf 88' lang='lat' dir='ltr'><em>in</em></span> <span class='ocrx_word' id='word_1_51' title='bbox 965 461 1094 500; x_wconf 87' lang='lat' dir='ltr'><em>medio</em></span> <span class='ocrx_word' id='word_1_52' title='bbox 1124 473 1214 500; x_wconf 87' lang='lat' dir='ltr'><em>esse.</em></span> <span class='ocrx_word' id='word_1_53' title='bbox 1246 458 1277 483; x_wconf 75' lang='lat'><em>¹4</em></span> <span class='ocrx_word' id='word_1_54' title='bbox 1289 474 1366 500; x_wconf 90' lang='lat' dir='ltr'><em>non</em></span> <span class='ocrx_word' id='word_1_55' title='bbox 1393 460 1526 514; x_wconf 83' lang='lat' dir='ltr'><em>utique</em></span> <span class='ocrx_word' id='word_1_56' title='bbox 1556 459 1608 499; x_wconf 89' lang='lat' dir='ltr'><em>iis</em></span> <span class='ocrx_word' id='word_1_57' title='bbox 1633 459 1774 500; x_wconf 87' lang='lat' dir='ltr'><em>melius</em></span> 
     </span>
     <span class='ocr_line' id='line_1_9' title="bbox 354 514 1769 577; baseline -0.008 -12"><span class='ocrx_word' id='word_1_58' title='bbox 354 522 466 576; x_wconf 83' lang='lat' dir='ltr'><em>sore,</em></span> <span class='ocrx_word' id='word_1_59' title='bbox 488 529 624 577; x_wconf 76' lang='lat' dir='ltr'><em>quame</em></span> <span class='ocrx_word' id='word_1_60' title='bbox 644 522 713 575; x_wconf 83' lang='lat' dir='ltr'><em>qui</em></span> <span class='ocrx_word' id='word_1_61' title='bbox 733 533 800 559; x_wconf 83' lang='lat' dir='ltr'><em>eas</em></span> <span class='ocrx_word' id='word_1_62' title='bbox 814 517 944 571; x_wconf 79' lang='lat' dir='ltr'><em>primi</em></span> <span class='ocrx_word' id='word_1_63' title='bbox 965 516 1131 569; x_wconf 79' lang='lat' dir='ltr'><em>pervias</em></span> <span class='ocrx_word' id='word_1_64' title='bbox 1143 516 1352 570; x_wconf 83' lang='lat' dir='ltr'><em>fecissent.</em></span> <span class='ocrx_word' id='word_1_65' title='bbox 1412 516 1562 572; x_wconf 84' lang='lat' dir='ltr'><em>Legati</em></span> <span class='ocrx_word' id='word_1_66' title='bbox 1583 514 1696 556; x_wconf 90' lang='lat' dir='ltr'><em>missi</em></span> <span class='ocrx_word' id='word_1_67' title='bbox 1717 515 1769 555; x_wconf 93' lang='lat' dir='ltr'><em>L.</em></span> 
     </span>
     <span class='ocr_line' id='line_1_10' title="bbox 368 570 1771 633; baseline -0.008 -11"><span class='ocrx_word' id='word_1_68' title='bbox 368 580 522 621; x_wconf 89' lang='lat' dir='ltr'><em>Furius</em></span> <span class='ocrx_word' id='word_1_69' title='bbox 564 580 798 633; x_wconf 86' lang='lat' dir='ltr'><em>Purpureo,</em></span> <span class='ocrx_word' id='word_1_70' title='bbox 841 575 889 624; x_wconf 79' lang='lat' dir='ltr'><em>Q.</em></span> <span class='ocrx_word' id='word_1_71' title='bbox 919 571 1150 621; x_wconf 88' lang='lat' dir='ltr'><em>Minucius,</em></span> <span class='ocrx_word' id='word_1_72' title='bbox 1184 570 1298 612; x_wconf 75' lang='lat' dir='ltr'><em>1⁵L.f</em></span> <span class='ocrx_word' id='word_1_73' title='bbox 1324 572 1510 613; x_wconf 87' lang='lat' dir='ltr'><em>Manlius</em></span> <span class='ocrx_word' id='word_1_74' title='bbox 1551 570 1771 612; x_wconf 84' lang='lat' dir='ltr'><em>Acidinus.</em></span> 
     </span>
     <span class='ocr_line' id='line_1_11' title="bbox 369 627 1774 686; baseline -0.008 -8"><span class='ocrx_word' id='word_1_75' title='bbox 369 636 496 686; x_wconf 87' lang='lat' dir='ltr'><em>Galli,</em></span> <span class='ocrx_word' id='word_1_76' title='bbox 517 634 691 676; x_wconf 80' lang='lat' dir='ltr'><em>redditis</em></span> <span class='ocrx_word' id='word_1_77' title='bbox 720 631 928 680; x_wconf 86' lang='lat' dir='ltr'><em>omnibus,</em></span> <span class='ocrx_word' id='word_1_78' title='bbox 950 645 1047 685; x_wconf 88' lang='lat' dir='ltr'><em>quae</em></span> <span class='ocrx_word' id='word_1_79' title='bbox 1077 628 1162 670; x_wconf 89' lang='lat' dir='ltr'><em>sine</em></span> <span class='ocrx_word' id='word_1_80' title='bbox 1191 628 1440 684; x_wconf 89' lang='lat' dir='ltr'><em>cujusquam</em></span> <span class='ocrx_word' id='word_1_81' title='bbox 1468 628 1620 684; x_wconf 87' lang='lat' dir='ltr'><em>injuria</em></span> <span class='ocrx_word' id='word_1_82' title='bbox 1648 627 1774 668; x_wconf 48' lang='lat' dir='ltr'><em>habe*-</em></span> 
     </span>
     <span class='ocr_line' id='line_1_12' title="bbox 366 690 926 741; baseline -0.016 -6"><span class='ocrx_word' id='word_1_83' title='bbox 366 693 483 741; x_wconf 86' lang='lat' dir='ltr'><em>bant,</em></span> <span class='ocrx_word' id='word_1_84' title='bbox 507 690 632 731; x_wconf 80' lang='lat' dir='ltr'><em>Italia</em></span> <span class='ocrx_word' id='word_1_85' title='bbox 651 695 926 730; x_wconf 85' lang='lat' dir='ltr'><em>excesserunt.</em></span> 
     </span>
    </p>

    <p class='ocr_par' dir='ltr' id='par_1_3' title="bbox 366 740 1781 1366">
     <span class='ocr_line' id='line_1_13' title="bbox 425 740 1773 801; baseline -0.006 -13"><span class='ocrx_word' id='word_1_86' title='bbox 425 746 515 788; x_wconf 94' lang='lat' dir='ltr'><em>LV.</em></span> <span class='ocrx_word' id='word_1_87' title='bbox 545 746 718 801; x_wconf 86' lang='lat' dir='ltr'><em>Legatis</em></span> <span class='ocrx_word' id='word_1_88' title='bbox 739 742 938 785; x_wconf 86' lang='lat' dir='ltr'><em>Romanis</em></span> <span class='ocrx_word' id='word_1_89' title='bbox 960 741 1226 798; x_wconf 75' lang='lat' dir='ltr'><em>Transalpini</em></span> <span class='ocrx_word' id='word_1_90' title='bbox 1246 740 1392 797; x_wconf 90' lang='lat' dir='ltr'><em>populi</em></span> <span class='ocrx_word' id='word_1_91' title='bbox 1412 741 1588 796; x_wconf 87' lang='lat' dir='ltr'><em>benigne</em></span> <span class='ocrx_word' id='word_1_92' title='bbox 1608 755 1773 797; x_wconf 86' lang='lat' dir='ltr'><em>respon-</em></span> 
     </span>
     <span class='ocr_line' id='line_1_14' title="bbox 367 796 1774 854; baseline -0.005 -9"><span class='ocrx_word' id='word_1_93' title='bbox 367 802 531 845; x_wconf 84' lang='lat' dir='ltr'><em>derunt.</em></span> <span class='ocrx_word' id='word_1_94' title='bbox 576 802 752 844; x_wconf 83' lang='lat' dir='ltr'><em>seniores</em></span> <span class='ocrx_word' id='word_1_95' title='bbox 787 814 928 841; x_wconf 91' lang='lat' dir='ltr'><em>eorum</em></span> <span class='ocrx_word' id='word_1_96' title='bbox 964 798 1133 840; x_wconf 86' lang='lat' dir='ltr'><em>nimiam</em></span> <span class='ocrx_word' id='word_1_97' title='bbox 1167 797 1378 839; x_wconf 85' lang='lat' dir='ltr'><em>lenitatem</em></span> <span class='ocrx_word' id='word_1_98' title='bbox 1413 796 1560 854; x_wconf 90' lang='lat' dir='ltr'><em>populi</em></span> <span class='ocrx_word' id='word_1_99' title='bbox 1594 797 1774 838; x_wconf 88' lang='lat' dir='ltr'><em>Romani</em></span> 
     </span>
     <span class='ocr_line' id='line_1_15' title="bbox 367 852 1776 915; baseline -0.006 -14"><span class='ocrx_word' id='word_1_100' title='bbox 367 859 646 915; x_wconf 84' lang='lat' dir='ltr'><em>castigarunt:</em></span> <span class='ocrx_word' id='word_1_101' title='bbox 697 857 816 906; x_wconf 72' lang='lat' dir='ltr'><em>Quod</em></span> <span class='ocrx_word' id='word_1_102' title='bbox 848 871 911 897; x_wconf 87' lang='lat' dir='ltr'><em>eos</em></span> <span class='ocrx_word' id='word_1_103' title='bbox 944 857 1135 905; x_wconf 77' lang='lat' dir='ltr'><em>homines,</em></span> <span class='ocrx_word' id='word_1_104' title='bbox 1171 855 1242 908; x_wconf 79' lang='lat' dir='ltr'><em>qui</em></span> <span class='ocrx_word' id='word_1_105' title='bbox 1265 854 1399 909; x_wconf 86' lang='lat' dir='ltr'><em>gentis</em></span> <span class='ocrx_word' id='word_1_106' title='bbox 1429 852 1580 907; x_wconf 83' lang='lat' dir='ltr'><em>injussu</em></span> <span class='ocrx_word' id='word_1_107' title='bbox 1601 853 1776 907; x_wconf 72' lang='lat' dir='ltr'><em>profecti</em></span> 
     </span>
     <span class='ocr_line' id='line_1_16' title="bbox 366 910 1778 970; baseline -0.006 -13"><span class='ocrx_word' id='word_1_108' title='bbox 366 930 561 969; x_wconf 81' lang='lat' dir='ltr'><em>occupare</em></span> <span class='ocrx_word' id='word_1_109' title='bbox 589 930 730 970; x_wconf 79' lang='lat' dir='ltr'><em>ugrum</em></span> <span class='ocrx_word' id='word_1_110' title='bbox 761 914 927 967; x_wconf 80' lang='lat' dir='ltr'><em>imperii</em></span> <span class='ocrx_word' id='word_1_111' title='bbox 950 913 1142 960; x_wconf 82' lang='lat' dir='ltr'><em>Romani,</em></span> <span class='ocrx_word' id='word_1_112' title='bbox 1166 918 1203 952; x_wconf 89' lang='lat' dir='ltr'><em>et</em></span> <span class='ocrx_word' id='word_1_113' title='bbox 1231 913 1274 952; x_wconf 90' lang='lat' dir='ltr'><em>in</em></span> <span class='ocrx_word' id='word_1_114' title='bbox 1301 911 1435 951; x_wconf 82' lang='lat' dir='ltr'><em>alieno</em></span> <span class='ocrx_word' id='word_1_115' title='bbox 1464 911 1546 951; x_wconf 91' lang='lat' dir='ltr'><em>solo</em></span> <span class='ocrx_word' id='word_1_116' title='bbox 1574 910 1778 966; x_wconf 59' lang='lat' dir='ltr'><em>cedg‘fieare</em></span> 
     </span>
     <span class='ocr_line' id='line_1_17' title="bbox 366 967 1779 1027; baseline -0.006 -13"><span class='ocrx_word' id='word_1_117' title='bbox 366 974 556 1027; x_wconf 82' lang='lat' dir='ltr'><em>oppidum</em></span> <span class='ocrx_word' id='word_1_118' title='bbox 572 972 747 1013; x_wconf 81' lang='lat' dir='ltr'><em>¹⁶conati</em></span> <span class='ocrx_word' id='word_1_119' title='bbox 765 973 882 1022; x_wconf 42' lang='lat' dir='ltr'><em>sint&amp;</em></span> <span class='ocrx_word' id='word_1_120' title='bbox 901 971 1108 1024; x_wconf 80' lang='lat' dir='ltr'><em>inpunitos</em></span> <span class='ocrx_word' id='word_1_121' title='bbox 1123 969 1359 1009; x_wconf 84' lang='lat' dir='ltr'><em>dimiserint.</em></span> <span class='ocrx_word' id='word_1_122' title='bbox 1403 967 1598 1008; x_wconf 82' lang='lat' dir='ltr'><em>Debuisse</em></span> <span class='ocrx_word' id='word_1_123' title='bbox 1612 980 1779 1021; x_wconf 83' lang='lat' dir='ltr'><em>gravem</em></span> 
     </span>
     <span class='ocr_line' id='line_1_18' title="bbox 368 1024 1777 1081; baseline -0.006 -10"><span class='ocrx_word' id='word_1_124' title='bbox 368 1030 607 1071; x_wconf 80' lang='lat' dir='ltr'><em>temeritatis</em></span> <span class='ocrx_word' id='word_1_125' title='bbox 627 1030 836 1070; x_wconf 84' lang='lat' dir='ltr'><em>mercedem</em></span> <span class='ocrx_word' id='word_1_126' title='bbox 857 1028 993 1068; x_wconf 83' lang='lat' dir='ltr'><em>statui.</em></span> <span class='ocrx_word' id='word_1_127' title='bbox 1025 1027 1131 1081; x_wconf 84' lang='lat' dir='ltr'><em>quod</em></span> <span class='ocrx_word' id='word_1_128' title='bbox 1150 1040 1242 1067; x_wconf 87' lang='lat' dir='ltr'><em>vero</em></span> <span class='ocrx_word' id='word_1_129' title='bbox 1268 1026 1388 1066; x_wconf 85' lang='lat' dir='ltr'><em>etiam</em></span> <span class='ocrx_word' id='word_1_130' title='bbox 1417 1038 1490 1065; x_wconf 84' lang='lat' dir='ltr'><em>sua</em></span> <span class='ocrx_word' id='word_1_131' title='bbox 1510 1024 1777 1075; x_wconf 83' lang='lat' dir='ltr'><em>reddiderint,</em></span> 
     </span>
     <span class='ocr_line' id='line_1_19' title="bbox 368 1080 1779 1139; baseline -0.006 -11"><span class='ocrx_word' id='word_1_132' title='bbox 368 1087 512 1135; x_wconf 79' lang='lat' dir='ltr'><em>vereri,</em></span> <span class='ocrx_word' id='word_1_133' title='bbox 535 1101 583 1127; x_wconf 88' lang='lat' dir='ltr'><em>ne</em></span> <span class='ocrx_word' id='word_1_134' title='bbox 602 1092 720 1127; x_wconf 83' lang='lat' dir='ltr'><em>tanta</em></span> <span class='ocrx_word' id='word_1_135' title='bbox 742 1086 996 1139; x_wconf 85' lang='lat' dir='ltr'><em>indulgentia</em></span> <span class='ocrx_word' id='word_1_136' title='bbox 1014 1085 1154 1137; x_wconf 80' lang='lat' dir='ltr'><em>plures</em></span> <span class='ocrx_word' id='word_1_137' title='bbox 1174 1085 1230 1123; x_wconf 84' lang='lat' dir='ltr'><em>ad</em></span> <span class='ocrx_word' id='word_1_138' title='bbox 1248 1083 1352 1123; x_wconf 81' lang='lat' dir='ltr'><em>talia</em></span> <span class='ocrx_word' id='word_1_139' title='bbox 1373 1082 1559 1122; x_wconf 85' lang='lat' dir='ltr'><em>audenda</em></span> <span class='ocrx_word' id='word_1_140' title='bbox 1581 1080 1779 1134; x_wconf 83' lang='lat' dir='ltr'><em>inpellan-</em></span> 
     </span>
     <span class='ocr_line' id='line_1_20' title="bbox 367 1137 1776 1199; baseline -0.004 -15"><span class='ocrx_word' id='word_1_141' title='bbox 367 1150 446 1185; x_wconf 86' lang='lat' dir='ltr'><em>tur.</em></span> <span class='ocrx_word' id='word_1_142' title='bbox 508 1144 569 1184; x_wconf 84' lang='lat' dir='ltr'><em>Et</em></span> <span class='ocrx_word' id='word_1_143' title='bbox 598 1155 865 1199; x_wconf 82' lang='lat' dir='ltr'><em>exceperunt,</em></span> <span class='ocrx_word' id='word_1_144' title='bbox 895 1150 935 1183; x_wconf 90' lang='lat' dir='ltr'><em>et</em></span> <span class='ocrx_word' id='word_1_145' title='bbox 964 1139 1172 1196; x_wconf 87' lang='lat' dir='ltr'><em>prosecuti</em></span> <span class='ocrx_word' id='word_1_146' title='bbox 1204 1154 1299 1180; x_wconf 89' lang='lat' dir='ltr'><em>cum</em></span> <span class='ocrx_word' id='word_1_147' title='bbox 1331 1137 1450 1180; x_wconf 89' lang='lat' dir='ltr'><em>donis</em></span> <span class='ocrx_word' id='word_1_148' title='bbox 1478 1137 1637 1194; x_wconf 84' lang='lat' dir='ltr'><em>legatos</em></span> <span class='ocrx_word' id='word_1_149' title='bbox 1666 1144 1776 1178; x_wconf 87' lang='lat' dir='ltr'><em>sunt.</em></span> 
     </span>
     <span class='ocr_line' id='line_1_21' title="bbox 371 1193 1779 1252; baseline -0.006 -10"><span class='ocrx_word' id='word_1_150' title='bbox 371 1200 434 1241; x_wconf 90' lang='lat' dir='ltr'><em>M.</em></span> <span class='ocrx_word' id='word_1_151' title='bbox 459 1200 663 1242; x_wconf 90' lang='lat' dir='ltr'><em>Claudius</em></span> <span class='ocrx_word' id='word_1_152' title='bbox 692 1198 850 1248; x_wconf 88' lang='lat' dir='ltr'><em>consul,</em></span> <span class='ocrx_word' id='word_1_153' title='bbox 883 1197 1017 1238; x_wconf 89' lang='lat' dir='ltr'><em>Gallis</em></span> <span class='ocrx_word' id='word_1_154' title='bbox 1046 1212 1096 1238; x_wconf 83' lang='lat' dir='ltr'><em>ex</em></span> <span class='ocrx_word' id='word_1_155' title='bbox 1132 1195 1344 1252; x_wconf 86' lang='lat' dir='ltr'><em>provincia</em></span> <span class='ocrx_word' id='word_1_156' title='bbox 1378 1195 1547 1245; x_wconf 84' lang='lat' dir='ltr'><em>exactis,</em></span> <span class='ocrx_word' id='word_1_157' title='bbox 1580 1193 1779 1235; x_wconf 87' lang='lat' dir='ltr'><em>Istricum</em></span> 
     </span>
     <span class='ocr_line' id='line_1_22' title="bbox 369 1249 1778 1310; baseline -0.006 -12"><span class='ocrx_word' id='word_1_158' title='bbox 369 1257 526 1298; x_wconf 85' lang='lat' dir='ltr'><em>bellum</em></span> <span class='ocrx_word' id='word_1_159' title='bbox 556 1255 691 1296; x_wconf 88' lang='lat' dir='ltr'><em>moliri</em></span> <span class='ocrx_word' id='word_1_160' title='bbox 726 1254 867 1310; x_wconf 87' lang='lat' dir='ltr'><em>coepit,</em></span> <span class='ocrx_word' id='word_1_161' title='bbox 900 1253 1030 1295; x_wconf 89' lang='lat' dir='ltr'><em>literis</em></span> <span class='ocrx_word' id='word_1_162' title='bbox 1058 1253 1112 1294; x_wconf 85' lang='lat' dir='ltr'><em>ad</em></span> <span class='ocrx_word' id='word_1_163' title='bbox 1145 1259 1334 1294; x_wconf 86' lang='lat' dir='ltr'><em>senatum</em></span> <span class='ocrx_word' id='word_1_164' title='bbox 1364 1251 1511 1301; x_wconf 89' lang='lat' dir='ltr'><em>missis,</em></span> <span class='ocrx_word' id='word_1_165' title='bbox 1544 1258 1593 1291; x_wconf 90' lang='lat' dir='ltr'><em>ut</em></span> <span class='ocrx_word' id='word_1_166' title='bbox 1625 1250 1703 1291; x_wconf 87' lang='lat' dir='ltr'><em>sibi</em></span> <span class='ocrx_word' id='word_1_167' title='bbox 1735 1249 1778 1291; x_wconf 91' lang='lat' dir='ltr'><em>in</em></span> 
     </span>
     <span class='ocr_line' id='line_1_23' title="bbox 373 1305 1781 1366; baseline -0.006 -12"><span class='ocrx_word' id='word_1_168' title='bbox 373 1313 542 1355; x_wconf 86' lang='lat' dir='ltr'><em>Istriam</em></span> <span class='ocrx_word' id='word_1_169' title='bbox 563 1312 779 1354; x_wconf 85' lang='lat' dir='ltr'><em>traducere</em></span> <span class='ocrx_word' id='word_1_170' title='bbox 800 1311 982 1366; x_wconf 81' lang='lat' dir='ltr'><em>legiones</em></span> <span class='ocrx_word' id='word_1_171' title='bbox 1002 1309 1154 1351; x_wconf 88' lang='lat' dir='ltr'><em>liceret.</em></span> <span class='ocrx_word' id='word_1_172' title='bbox 1217 1308 1272 1349; x_wconf 90' lang='lat' dir='ltr'><em>Id</em></span> <span class='ocrx_word' id='word_1_173' title='bbox 1299 1307 1459 1349; x_wconf 86' lang='lat' dir='ltr'><em>senatui</em></span> <span class='ocrx_word' id='word_1_174' title='bbox 1490 1307 1660 1363; x_wconf 84' lang='lat' dir='ltr'><em>placuit.</em></span> <span class='ocrx_word' id='word_1_175' title='bbox 1722 1305 1781 1347; x_wconf 91' lang='grc' dir='ltr'><em>Ῐ1-</em></span> 
     </span>
    </p>
   </div>
   <div class='ocr_carea' id='block_1_3' title="bbox 157 1362 1783 1425">
    <p class='ocr_par' dir='ltr' id='par_1_4' title="bbox 157 1362 1783 1425">
     <span class='ocr_line' id='line_1_24' title="bbox 157 1362 1783 1425; baseline -0.002 -19"><span class='ocrx_word' id='word_1_176' title='bbox 157 1374 359 1417; x_wconf 82' lang='lat' dir='ltr'><em>Aquileiaeo-</em></span> <span class='ocrx_word' id='word_1_177' title='bbox 370 1369 447 1411; x_wconf 89' lang='lat' dir='ltr'><em>lud</em></span> <span class='ocrx_word' id='word_1_178' title='bbox 475 1368 704 1425; x_wconf 84' lang='lat' dir='ltr'><em>agitabant,</em></span> <span class='ocrx_word' id='word_1_179' title='bbox 737 1368 799 1409; x_wconf 89' lang='lat' dir='ltr'><em>uti</em></span> <span class='ocrx_word' id='word_1_180' title='bbox 829 1367 989 1409; x_wconf 87' lang='lat' dir='ltr'><em>colonia</em></span> <span class='ocrx_word' id='word_1_181' title='bbox 1017 1365 1217 1422; x_wconf 84' lang='lat' dir='ltr'><em>Aquileia</em></span> <span class='ocrx_word' id='word_1_182' title='bbox 1251 1364 1539 1405; x_wconf 78' lang='lat' dir='ltr'><em>deduceretur.</em></span> <span class='ocrx_word' id='word_1_183' title='bbox 1578 1377 1653 1404; x_wconf 89' lang='lat' dir='ltr'><em>nec</em></span> <span class='ocrx_word' id='word_1_184' title='bbox 1683 1362 1783 1404; x_wconf 87' lang='lat' dir='ltr'><em>satis</em></span> 
     </span>
    </p>
   </div>
   <div class='ocr_carea' id='block_1_4' title="bbox 153 1419 246 1450">
    <p class='ocr_par' dir='ltr' id='par_1_5' title="bbox 153 1419 246 1450">
     <span class='ocr_line' id='line_1_25' title="bbox 153 1419 246 1450; baseline 0.011 -1"><span class='ocrx_word' id='word_1_185' title='bbox 153 1419 246 1450; x_wconf 68' lang='lat' dir='ltr'><em>ionia.</em></span> 
     </span>
    </p>
   </div>
   <div class='ocr_carea' id='block_1_5' title="bbox 158 1659 335 1776">
    <p class='ocr_par' dir='ltr' id='par_1_6' title="bbox 158 1659 335 1776">
     <span class='ocr_line' id='line_1_26' title="bbox 159 1659 330 1690; baseline 0.012 -2"><span class='ocrx_word' id='word_1_186' title='bbox 159 1659 285 1690; x_wconf 86' lang='lat' dir='ltr'><em>Mutina</em></span> <span class='ocrx_word' id='word_1_187' title='bbox 299 1665 330 1690; x_wconf 81' lang='lat' dir='ltr'><em>et</em></span> 
     </span>
     <span class='ocr_line' id='line_1_27' title="bbox 158 1701 335 1733; baseline 0.011 -2"><span class='ocrx_word' id='word_1_188' title='bbox 158 1701 272 1732; x_wconf 83' lang='lat' dir='ltr'><em>Parma</em></span> <span class='ocrx_word' id='word_1_189' title='bbox 285 1712 335 1733; x_wconf 94' lang='lat' dir='ltr'><em>co-</em></span> 
     </span>
     <span class='ocr_line' id='line_1_28' title="bbox 158 1743 259 1776; baseline 0.04 -4"><span class='ocrx_word' id='word_1_190' title='bbox 158 1743 259 1776; x_wconf 86' lang='lat' dir='ltr'><em>loniae.</em></span> 
     </span>
    </p>
   </div>
   <div class='ocr_carea' id='block_1_6' title="bbox 370 1419 1786 1986">
    <p class='ocr_par' dir='ltr' id='par_1_7' title="bbox 370 1419 1786 1986">
     <span class='ocr_line' id='line_1_29' title="bbox 373 1419 1782 1476; baseline -0.006 -9"><span class='ocrx_word' id='word_1_191' title='bbox 373 1426 604 1476; x_wconf 84' lang='lat' dir='ltr'><em>constabat,</em></span> <span class='ocrx_word' id='word_1_192' title='bbox 644 1433 789 1466; x_wconf 88' lang='lat' dir='ltr'><em>utrum</em></span> <span class='ocrx_word' id='word_1_193' title='bbox 830 1423 1040 1473; x_wconf 87' lang='lat' dir='ltr'><em>Latinam,</em></span> <span class='ocrx_word' id='word_1_194' title='bbox 1081 1437 1134 1463; x_wconf 86' lang='lat' dir='ltr'><em>an</em></span> <span class='ocrx_word' id='word_1_195' title='bbox 1176 1421 1330 1463; x_wconf 88' lang='lat' dir='ltr'><em>civium</em></span> <span class='ocrx_word' id='word_1_196' title='bbox 1369 1421 1671 1470; x_wconf 89' lang='lat' dir='ltr'><em>Romanorum,</em></span> <span class='ocrx_word' id='word_1_197' title='bbox 1711 1419 1782 1460; x_wconf 92' lang='lat' dir='ltr'><em>de-</em></span> 
     </span>
     <span class='ocr_line' id='line_1_30' title="bbox 373 1475 1783 1538; baseline -0.006 -15"><span class='ocrx_word' id='word_1_198' title='bbox 373 1482 471 1523; x_wconf 90' lang='lat' dir='ltr'><em>duci</em></span> <span class='ocrx_word' id='word_1_199' title='bbox 497 1482 688 1538; x_wconf 88' lang='lat' dir='ltr'><em>placeret.</em></span> <span class='ocrx_word' id='word_1_200' title='bbox 721 1489 929 1537; x_wconf 89' lang='lat' dir='ltr'><em>postremo</em></span> <span class='ocrx_word' id='word_1_201' title='bbox 952 1480 1147 1520; x_wconf 86' lang='lat' dir='ltr'><em>Latinam</em></span> <span class='ocrx_word' id='word_1_202' title='bbox 1175 1478 1316 1535; x_wconf 89' lang='lat' dir='ltr'><em>potius</em></span> <span class='ocrx_word' id='word_1_203' title='bbox 1346 1476 1546 1518; x_wconf 87' lang='lat' dir='ltr'><em>coloniam</em></span> <span class='ocrx_word' id='word_1_204' title='bbox 1575 1475 1783 1517; x_wconf 87' lang='lat' dir='ltr'><em>deducen-</em></span> 
     </span>
     <span class='ocr_line' id='line_1_31' title="bbox 370 1531 1782 1588; baseline -0.005 -8"><span class='ocrx_word' id='word_1_205' title='bbox 370 1539 467 1580; x_wconf 90' lang='lat' dir='ltr'><em>dam</em></span> <span class='ocrx_word' id='word_1_206' title='bbox 503 1540 649 1580; x_wconf 87' lang='lat' dir='ltr'><em>Patres</em></span> <span class='ocrx_word' id='word_1_207' title='bbox 683 1546 944 1578; x_wconf 84' lang='lat' dir='ltr'><em>censuerunt.</em></span> <span class='ocrx_word' id='word_1_208' title='bbox 1007 1535 1239 1577; x_wconf 86' lang='lat' dir='ltr'><em>Triumviri</em></span> <span class='ocrx_word' id='word_1_209' title='bbox 1270 1534 1394 1575; x_wconf 88' lang='lat' dir='ltr'><em>creati</em></span> <span class='ocrx_word' id='word_1_210' title='bbox 1430 1541 1527 1574; x_wconf 90' lang='lat' dir='ltr'><em>sunt</em></span> <span class='ocrx_word' id='word_1_211' title='bbox 1563 1534 1611 1574; x_wconf 92' lang='lat' dir='ltr'><em>P.</em></span> <span class='ocrx_word' id='word_1_212' title='bbox 1643 1531 1782 1588; x_wconf 88' lang='lat' dir='ltr'><em>Scipio</em></span> 
     </span>
     <span class='ocr_line' id='line_1_32' title="bbox 372 1589 1783 1646; baseline -0.006 -9"><span class='ocrx_word' id='word_1_213' title='bbox 372 1595 537 1646; x_wconf 85' lang='lat' dir='ltr'><em>Nasica,</em></span> <span class='ocrx_word' id='word_1_214' title='bbox 567 1596 613 1636; x_wconf 92' lang='lat' dir='ltr'><em>C.</em></span> <span class='ocrx_word' id='word_1_215' title='bbox 638 1593 883 1645; x_wconf 86' lang='lat' dir='ltr'><em>Flaminius,</em></span> <span class='ocrx_word' id='word_1_216' title='bbox 913 1594 963 1634; x_wconf 90' lang='lat' dir='ltr'><em>L.</em></span> <span class='ocrx_word' id='word_1_217' title='bbox 987 1592 1176 1634; x_wconf 91' lang='lat' dir='ltr'><em>Manlius</em></span> <span class='ocrx_word' id='word_1_218' title='bbox 1202 1591 1422 1632; x_wconf 87' lang='lat' dir='ltr'><em>Acidinus.</em></span> <span class='ocrx_word' id='word_1_219' title='bbox 1481 1589 1644 1630; x_wconf 90' lang='lat' dir='ltr'><em>Eodem</em></span> <span class='ocrx_word' id='word_1_220' title='bbox 1673 1603 1783 1630; x_wconf 88' lang='lat' dir='ltr'><em>anno</em></span> 
     </span>
     <span class='ocr_line' id='line_1_33' title="bbox 374 1645 1782 1693; baseline -0.005 0"><span class='ocrx_word' id='word_1_221' title='bbox 374 1652 546 1693; x_wconf 90' lang='lat' dir='ltr'><em>Mutina</em></span> <span class='ocrx_word' id='word_1_222' title='bbox 565 1660 606 1693; x_wconf 90' lang='lat' dir='ltr'><em>et</em></span> <span class='ocrx_word' id='word_1_223' title='bbox 628 1652 780 1692; x_wconf 81' lang='lat' dir='ltr'><em>Parma</em></span> <span class='ocrx_word' id='word_1_224' title='bbox 809 1651 979 1691; x_wconf 87' lang='lat' dir='ltr'><em>coloniae</em></span> <span class='ocrx_word' id='word_1_225' title='bbox 1001 1651 1288 1690; x_wconf 89' lang='lat' dir='ltr'><em>Romanorum</em></span> <span class='ocrx_word' id='word_1_226' title='bbox 1317 1647 1471 1689; x_wconf 86' lang='lat' dir='ltr'><em>civium</em></span> <span class='ocrx_word' id='word_1_227' title='bbox 1502 1654 1598 1688; x_wconf 91' lang='lat' dir='ltr'><em>sunt</em></span> <span class='ocrx_word' id='word_1_228' title='bbox 1628 1645 1782 1687; x_wconf 89' lang='lat' dir='ltr'><em>deduc-</em></span> 
     </span>
     <span class='ocr_line' id='line_1_34' title="bbox 374 1703 1782 1762; baseline -0.004 -13"><span class='ocrx_word' id='word_1_229' title='bbox 374 1717 440 1750; x_wconf 89' lang='lat' dir='ltr'><em>tae.</em></span> <span class='ocrx_word' id='word_1_230' title='bbox 480 1709 579 1749; x_wconf 88' lang='lat' dir='ltr'><em>bina</em></span> <span class='ocrx_word' id='word_1_231' title='bbox 608 1707 738 1748; x_wconf 86' lang='lat' dir='ltr'><em>millia</em></span> <span class='ocrx_word' id='word_1_232' title='bbox 772 1707 986 1748; x_wconf 88' lang='lat' dir='ltr'><em>hominum</em></span> <span class='ocrx_word' id='word_1_233' title='bbox 1018 1707 1060 1747; x_wconf 91' lang='lat' dir='ltr'><em>in</em></span> <span class='ocrx_word' id='word_1_234' title='bbox 1096 1721 1211 1762; x_wconf 86' lang='lat' dir='ltr'><em>agro,</em></span> <span class='ocrx_word' id='word_1_235' title='bbox 1243 1704 1317 1761; x_wconf 90' lang='lat' dir='ltr'><em>qui</em></span> <span class='ocrx_word' id='word_1_236' title='bbox 1346 1704 1534 1760; x_wconf 61' lang='lat' dir='ltr'><em>proxime</em></span> <span class='ocrx_word' id='word_1_237' title='bbox 1565 1703 1782 1754; x_wconf 88' lang='lat' dir='ltr'><em>Boiorum,</em></span> 
     </span>
     <span class='ocr_line' id='line_1_35' title="bbox 374 1753 1784 1818; baseline -0.005 -12"><span class='ocrx_word' id='word_1_238' title='bbox 374 1765 507 1806; x_wconf 83' lang='lat' dir='ltr'><em>¹⁷ante</em></span> <span class='ocrx_word' id='word_1_239' title='bbox 537 1766 774 1805; x_wconf 86' lang='lat' dir='ltr'><em>Tuscorum</em></span> <span class='ocrx_word' id='word_1_240' title='bbox 804 1764 957 1814; x_wconf 86' lang='lat' dir='ltr'><em>fuerat,</em></span> <span class='ocrx_word' id='word_1_241' title='bbox 979 1771 1127 1804; x_wconf 87' lang='lat' dir='ltr'><em>octona</em></span> <span class='ocrx_word' id='word_1_242' title='bbox 1149 1763 1301 1818; x_wconf 81' lang='lat' dir='ltr'><em>jugera</em></span> <span class='ocrx_word' id='word_1_243' title='bbox 1332 1753 1509 1809; x_wconf 50' lang='lat' dir='ltr'><em>Pafffiffi,</em></span> <span class='ocrx_word' id='word_1_244' title='bbox 1531 1759 1660 1815; x_wconf 90' lang='lat' dir='ltr'><em>quina</em></span> <span class='ocrx_word' id='word_1_245' title='bbox 1682 1758 1784 1800; x_wconf 64' lang='grc' dir='ltr'><em>Βία-</em></span> 
     </span>
     <span class='ocr_line' id='line_1_36' title="bbox 375 1815 1786 1877; baseline -0.006 -14"><span class='ocrx_word' id='word_1_246' title='bbox 375 1823 473 1864; x_wconf 87' lang='lat' dir='ltr'><em>tinae</em></span> <span class='ocrx_word' id='word_1_247' title='bbox 494 1830 753 1877; x_wconf 83' lang='lat' dir='ltr'><em>acceperunt.</em></span> <span class='ocrx_word' id='word_1_248' title='bbox 814 1820 1096 1862; x_wconf 84' lang='lat' dir='ltr'><em>Deduxerunt</em></span> <span class='ocrx_word' id='word_1_249' title='bbox 1125 1818 1335 1860; x_wconf 80' lang='lat' dir='ltr'><em>triumviri</em></span> <span class='ocrx_word' id='word_1_250' title='bbox 1360 1818 1423 1857; x_wconf 93' lang='lat' dir='ltr'><em>M.</em></span> <span class='ocrx_word' id='word_1_251' title='bbox 1440 1816 1638 1857; x_wconf 85' lang='lat' dir='ltr'><em>AEmilius</em></span> <span class='ocrx_word' id='word_1_252' title='bbox 1660 1815 1786 1871; x_wconf 86' lang='lat' dir='ltr'><em>Lepi-</em></span> 
     </span>
     <span class='ocr_line' id='line_1_37' title="bbox 374 1873 1784 1929; baseline -0.004 -10"><span class='ocrx_word' id='word_1_253' title='bbox 374 1879 470 1928; x_wconf 91' lang='lat' dir='ltr'><em>dus,</em></span> <span class='ocrx_word' id='word_1_254' title='bbox 504 1879 557 1918; x_wconf 88' lang='lat' dir='ltr'><em>T.</em></span> <span class='ocrx_word' id='word_1_255' title='bbox 582 1878 786 1919; x_wconf 86' lang='lat' dir='ltr'><em>AEbutius</em></span> <span class='ocrx_word' id='word_1_256' title='bbox 824 1878 971 1926; x_wconf 89' lang='lat' dir='ltr'><em>Carus,</em></span> <span class='ocrx_word' id='word_1_257' title='bbox 1004 1876 1055 1916; x_wconf 91' lang='lat' dir='ltr'><em>L.</em></span> <span class='ocrx_word' id='word_1_258' title='bbox 1080 1874 1300 1926; x_wconf 82' lang='lat' dir='ltr'><em>Quinctius</em></span> <span class='ocrx_word' id='word_1_259' title='bbox 1332 1873 1560 1929; x_wconf 87' lang='lat' dir='ltr'><em>Crispinus.</em></span> <span class='ocrx_word' id='word_1_260' title='bbox 1620 1873 1680 1914; x_wconf 87' lang='lat' dir='ltr'><em>Et</em></span> <span class='ocrx_word' id='word_1_261' title='bbox 1713 1873 1784 1913; x_wconf 84' lang='lat' dir='ltr'><em>Sa-</em></span> 
     </span>
     <span class='ocr_line' id='line_1_38' title="bbox 374 1929 1784 1986; baseline -0.004 -11"><span class='ocrx_word' id='word_1_262' title='bbox 374 1935 515 1975; x_wconf 89' lang='lat' dir='ltr'><em>turnia</em></span> <span class='ocrx_word' id='word_1_263' title='bbox 549 1934 709 1975; x_wconf 89' lang='lat' dir='ltr'><em>colonia</em></span> <span class='ocrx_word' id='word_1_264' title='bbox 744 1933 897 1975; x_wconf 83' lang='lat' dir='ltr'><em>civium</em></span> <span class='ocrx_word' id='word_1_265' title='bbox 934 1934 1219 1974; x_wconf 81' lang='lat' dir='ltr'><em>Romanorum</em></span> <span class='ocrx_word' id='word_1_266' title='bbox 1251 1931 1294 1972; x_wconf 93' lang='lat' dir='ltr'><em>in</em></span> <span class='ocrx_word' id='word_1_267' title='bbox 1329 1945 1477 1986; x_wconf 87' lang='lat' dir='ltr'><em>agrum</em></span> <span class='ocrx_word' id='word_1_268' title='bbox 1514 1929 1784 1970; x_wconf 89' lang='lat' dir='ltr'><em>Caletranum</em></span> 
     </span>
    </p>
   </div>
   <div class='ocr_carea' id='block_1_7' title="bbox 416 2014 1465 2052">
    <p class='ocr_par' dir='ltr' id='par_1_8' title="bbox 416 2014 1465 2052">
     <span class='ocr_line' id='line_1_39' title="bbox 416 2014 1465 2052; baseline -0.004 0"><span class='ocrx_word' id='word_1_269' title='bbox 416 2022 435 2045; x_wconf 61' lang='grc' dir='ltr'><strong>ἅ</strong></span> <span class='ocrx_word' id='word_1_270' title='bbox 447 2022 573 2052; x_wconf 69' lang='lat' dir='ltr'><em>consules</em></span> <span class='ocrx_word' id='word_1_271' title='bbox 588 2021 684 2052; x_wconf 90' lang='lat' dir='ltr'><em>Gron.</em></span> <span class='ocrx_word' id='word_1_272' title='bbox 1197 2014 1211 2039; x_wconf 86' lang='lat' dir='ltr'>f</span> <span class='ocrx_word' id='word_1_273' title='bbox 1225 2018 1261 2049; x_wconf 92' lang='lat' dir='ltr'><em>L.</em></span> <span class='ocrx_word' id='word_1_274' title='bbox 1277 2018 1298 2048; x_wconf 91' lang='lat' dir='ltr'><em>l.</em></span> <span class='ocrx_word' id='word_1_275' title='bbox 1311 2019 1354 2050; x_wconf 88' lang='lat' dir='ltr'><em>P.</em></span> <span class='ocrx_word' id='word_1_276' title='bbox 1369 2018 1465 2050; x_wconf 87' lang='lat' dir='ltr'><em>Gron.</em></span> 
     </span>
    </p>
   </div>
   <div class='ocr_carea' id='block_1_8' title="bbox 376 2020 1090 2096">
    <p class='ocr_par' dir='ltr' id='par_1_9' title="bbox 376 2020 1090 2096">
     <span class='ocr_line' id='line_1_40' title="bbox 789 2020 1090 2061; baseline 0 -10"><span class='ocrx_word' id='word_1_277' title='bbox 789 2024 804 2041; x_wconf 85' lang='lat' dir='ltr'><em>e</em></span> <span class='ocrx_word' id='word_1_278' title='bbox 820 2031 905 2061; x_wconf 78' lang='lat' dir='ltr'><em>quam</em></span> <span class='ocrx_word' id='word_1_279' title='bbox 921 2020 984 2051; x_wconf 86' lang='lat' dir='ltr'><em>del.</em></span> <span class='ocrx_word' id='word_1_280' title='bbox 999 2022 1090 2051; x_wconf 77' lang='lat' dir='ltr'><em>Crev-</em></span> 
     </span>
     <span class='ocr_line' id='line_1_41' title="bbox 376 2063 470 2096; baseline 0.011 -1"><span class='ocrx_word' id='word_1_281' title='bbox 376 2063 470 2096; x_wconf 75' lang='lat' dir='ltr'><em>Crev-</em></span> 
     </span>
    </p>
   </div>
   <div class='ocr_carea' id='block_1_9' title="bbox 1571 2017 1783 2062">
    <p class='ocr_par' dir='ltr' id='par_1_10' title="bbox 1571 2017 1783 2062">
     <span class='ocr_line' id='line_1_42' title="bbox 1571 2017 1783 2062; baseline 0.009 -15"><span class='ocrx_word' id='word_1_282' title='bbox 1571 2020 1588 2046; x_wconf 81' lang='lat' dir='ltr'>g</span> <span class='ocrx_word' id='word_1_283' title='bbox 1602 2023 1670 2048; x_wconf 82' lang='lat' dir='ltr'><em>sunt</em></span> <span class='ocrx_word' id='word_1_284' title='bbox 1685 2017 1783 2062; x_wconf 78' lang='lat' dir='ltr'><em>Gron.</em></span> 
     </span>
    </p>
   </div>
   <div class='ocr_carea' id='block_1_10' title="bbox 377 2135 1064 2900">
    <p class='ocr_par' dir='ltr' id='par_1_11' title="bbox 377 2135 1064 2465">
     <span class='ocr_line' id='line_1_43' title="bbox 422 2135 1058 2178; baseline 0 -12"><span class='ocrx_word' id='word_1_285' title='bbox 422 2137 460 2167; x_wconf 87' lang='grc'><em>13</em></span> <span class='ocrx_word' id='word_1_286' title='bbox 484 2136 606 2178; x_wconf 76' lang='lat' dir='ltr'><em>Legatos</em></span> <span class='ocrx_word' id='word_1_287' title='bbox 627 2138 665 2167; x_wconf 81' lang='lat' dir='ltr'><em>ad</em></span> <span class='ocrx_word' id='word_1_288' title='bbox 686 2135 844 2176; x_wconf 74' lang='lat' dir='ltr'><em>consulem]</em></span> <span class='ocrx_word' id='word_1_289' title='bbox 885 2136 935 2167; x_wconf 89' lang='lat' dir='ltr'><em>Sic</em></span> <span class='ocrx_word' id='word_1_290' title='bbox 954 2136 1058 2177; x_wconf 85' lang='lat' dir='ltr'><em>legen-</em></span> 
     </span>
     <span class='ocr_line' id='line_1_44' title="bbox 377 2178 1057 2215; baseline -0.001 -6"><span class='ocrx_word' id='word_1_291' title='bbox 377 2178 452 2209; x_wconf 88' lang='lat' dir='ltr'><em>dum</em></span> <span class='ocrx_word' id='word_1_292' title='bbox 476 2185 533 2215; x_wconf 86' lang='lat' dir='ltr'><em>est,</em></span> <span class='ocrx_word' id='word_1_293' title='bbox 557 2189 617 2209; x_wconf 90' lang='lat' dir='ltr'><em>non</em></span> <span class='ocrx_word' id='word_1_294' title='bbox 643 2180 681 2209; x_wconf 83' lang='lat' dir='ltr'><em>ad</em></span> <span class='ocrx_word' id='word_1_295' title='bbox 707 2179 846 2209; x_wconf 82' lang='lat' dir='ltr'><em>consules.</em></span> <span class='ocrx_word' id='word_1_296' title='bbox 894 2179 984 2210; x_wconf 84' lang='lat' dir='ltr'><em>Unus</em></span> <span class='ocrx_word' id='word_1_297' title='bbox 1008 2179 1057 2209; x_wconf 86' lang='lat' dir='ltr'><em>M.</em></span> 
     </span>
     <span class='ocr_line' id='line_1_45' title="bbox 378 2221 1060 2252; baseline 0 -1"><span class='ocrx_word' id='word_1_298' title='bbox 378 2221 530 2252; x_wconf 87' lang='lat' dir='ltr'><em>Claudius</em></span> <span class='ocrx_word' id='word_1_299' title='bbox 551 2221 655 2252; x_wconf 89' lang='lat' dir='ltr'><em>consul</em></span> <span class='ocrx_word' id='word_1_300' title='bbox 680 2221 712 2251; x_wconf 90' lang='lat' dir='ltr'><em>in</em></span> <span class='ocrx_word' id='word_1_301' title='bbox 733 2221 869 2251; x_wconf 86' lang='lat' dir='ltr'><em>Galliam</em></span> <span class='ocrx_word' id='word_1_302' title='bbox 894 2221 1060 2252; x_wconf 84' lang='lat' dir='ltr'><em>exercitum</em></span> 
     </span>
     <span class='ocr_line' id='line_1_46' title="bbox 378 2263 1062 2306; baseline 0 -12"><span class='ocrx_word' id='word_1_303' title='bbox 378 2264 560 2294; x_wconf 82' lang='lat' dir='ltr'><em>induxerat:</em></span> <span class='ocrx_word' id='word_1_304' title='bbox 600 2264 676 2295; x_wconf 82' lang='lat' dir='ltr'><em>alter</em></span> <span class='ocrx_word' id='word_1_305' title='bbox 704 2264 811 2294; x_wconf 85' lang='lat' dir='ltr'><em>oonsul</em></span> <span class='ocrx_word' id='word_1_306' title='bbox 838 2263 966 2305; x_wconf 84' lang='lat' dir='ltr'><em>Ligures</em></span> <span class='ocrx_word' id='word_1_307' title='bbox 991 2274 1062 2306; x_wconf 89' lang='lat' dir='ltr'><em>pro-</em></span> 
     </span>
     <span class='ocr_line' id='line_1_47' title="bbox 378 2305 1063 2348; baseline -0.001 -11"><span class='ocrx_word' id='word_1_308' title='bbox 378 2306 511 2337; x_wconf 85' lang='lat' dir='ltr'><em>vinciam</em></span> <span class='ocrx_word' id='word_1_309' title='bbox 533 2305 680 2342; x_wconf 87' lang='lat' dir='ltr'><em>habebat,</em></span> <span class='ocrx_word' id='word_1_310' title='bbox 699 2311 734 2336; x_wconf 89' lang='lat' dir='ltr'><em>ut</em></span> <span class='ocrx_word' id='word_1_311' title='bbox 747 2311 832 2348; x_wconf 77' lang='lat' dir='ltr'><em>patet</em></span> <span class='ocrx_word' id='word_1_312' title='bbox 847 2317 884 2337; x_wconf 79' lang='lat' dir='ltr'><em>ex</em></span> <span class='ocrx_word' id='word_1_313' title='bbox 899 2317 926 2337; x_wconf 92' lang='lat' dir='ltr'><em>c.</em></span> <span class='ocrx_word' id='word_1_314' title='bbox 942 2308 993 2337; x_wconf 89' lang='grc'><em>56.</em></span> <span class='ocrx_word' id='word_1_315' title='bbox 1017 2307 1063 2336; x_wconf 92' lang='lat' dir='ltr'><em>in-</em></span> 
     </span>
     <span class='ocr_line' id='line_1_48' title="bbox 381 2348 1064 2391; baseline 0 -12"><span class='ocrx_word' id='word_1_316' title='bbox 381 2349 437 2380; x_wconf 85' lang='lat' dir='ltr'><em>fra.</em></span> <span class='ocrx_word' id='word_1_317' title='bbox 484 2348 624 2379; x_wconf 84' lang='lat' dir='ltr'><em>Firmant</em></span> <span class='ocrx_word' id='word_1_318' title='bbox 646 2349 726 2379; x_wconf 89' lang='lat' dir='ltr'><em>hanc</em></span> <span class='ocrx_word' id='word_1_319' title='bbox 749 2359 843 2390; x_wconf 84' lang='lat' dir='ltr'><em>quam</em></span> <span class='ocrx_word' id='word_1_320' title='bbox 862 2349 1064 2391; x_wconf 84' lang='lat' dir='ltr'><em>expressimus</em></span> 
     </span>
     <span class='ocr_line' id='line_1_49' title="bbox 377 2391 1061 2428; baseline 0 -6"><span class='ocrx_word' id='word_1_321' title='bbox 377 2391 540 2422; x_wconf 74' lang='lat' dir='ltr'><em>lectionem</em></span> <span class='ocrx_word' id='word_1_322' title='bbox 568 2401 648 2422; x_wconf 88' lang='lat' dir='ltr'><em>unus</em></span> <span class='ocrx_word' id='word_1_323' title='bbox 677 2402 715 2422; x_wconf 84' lang='lat' dir='ltr'><em>ex</em></span> <span class='ocrx_word' id='word_1_324' title='bbox 742 2392 836 2421; x_wconf 80' lang='lat' dir='ltr'><em>MSS.</em></span> <span class='ocrx_word' id='word_1_325' title='bbox 864 2391 1003 2428; x_wconf 84' lang='lat' dir='ltr'><em>Hearnii,</em></span> <span class='ocrx_word' id='word_1_326' title='bbox 1030 2397 1061 2422; x_wconf 88' lang='lat' dir='ltr'><em>et</em></span> 
     </span>
     <span class='ocr_line' id='line_1_50' title="bbox 380 2433 877 2465; baseline -0.002 0"><span class='ocrx_word' id='word_1_327' title='bbox 380 2434 464 2465; x_wconf 83' lang='lat' dir='ltr'><em>Vict.</em></span> <span class='ocrx_word' id='word_1_328' title='bbox 477 2434 564 2465; x_wconf 85' lang='lat' dir='ltr'><em>liber.</em></span> <span class='ocrx_word' id='word_1_329' title='bbox 579 2439 610 2465; x_wconf 85' lang='lat' dir='ltr'><em>et</em></span> <span class='ocrx_word' id='word_1_330' title='bbox 625 2433 759 2465; x_wconf 81' lang='lat' dir='ltr'><em>Andreae</em></span> <span class='ocrx_word' id='word_1_331' title='bbox 774 2433 877 2464; x_wconf 85' lang='lat' dir='ltr'><em>editio.</em></span> 
     </span>
    </p>

    <p class='ocr_par' dir='ltr' id='par_1_12' title="bbox 378 2476 1062 2900">
     <span class='ocr_line' id='line_1_51' title="bbox 423 2476 1061 2518; baseline 0 -12"><span class='ocrx_word' id='word_1_332' title='bbox 423 2477 462 2507; x_wconf 85' lang='lat'><em>14</em></span> <span class='ocrx_word' id='word_1_333' title='bbox 495 2476 561 2506; x_wconf 81' lang='lat' dir='ltr'><em>Non</em></span> <span class='ocrx_word' id='word_1_334' title='bbox 589 2479 689 2516; x_wconf 75' lang='lat' dir='ltr'><em>utique</em></span> <span class='ocrx_word' id='word_1_335' title='bbox 719 2478 753 2507; x_wconf 76' lang='lat' dir='ltr'><em>iis</em></span> <span class='ocrx_word' id='word_1_336' title='bbox 784 2478 884 2507; x_wconf 81' lang='lat' dir='ltr'><em>melius</em></span> <span class='ocrx_word' id='word_1_337' title='bbox 903 2476 983 2518; x_wconf 81' lang='lat' dir='ltr'><em>sore,</em></span> <span class='ocrx_word' id='word_1_338' title='bbox 1011 2479 1061 2517; x_wconf 77' lang='lat' dir='ltr'><em>qui</em></span> 
     </span>
     <span class='ocr_line' id='line_1_52' title="bbox 379 2518 1059 2562; baseline 0 -13"><span class='ocrx_word' id='word_1_339' title='bbox 379 2519 441 2559; x_wconf 83' lang='lat' dir='ltr'><em>eas]</em></span> <span class='ocrx_word' id='word_1_340' title='bbox 487 2519 610 2549; x_wconf 85' lang='lat' dir='ltr'><em>Malum</em></span> <span class='ocrx_word' id='word_1_341' title='bbox 633 2518 789 2549; x_wconf 83' lang='lat' dir='ltr'><em>habituros</em></span> <span class='ocrx_word' id='word_1_342' title='bbox 810 2530 872 2554; x_wconf 86' lang='lat' dir='ltr'><em>eos,</em></span> <span class='ocrx_word' id='word_1_343' title='bbox 896 2520 948 2560; x_wconf 91' lang='lat' dir='ltr'><em>qui</em></span> <span class='ocrx_word' id='word_1_344' title='bbox 970 2519 1059 2562; x_wconf 84' lang='lat' dir='ltr'><em>primi</em></span> 
     </span>
     <span class='ocr_line' id='line_1_53' title="bbox 379 2561 1061 2603; baseline 0.001 -12"><span class='ocrx_word' id='word_1_345' title='bbox 379 2567 485 2603; x_wconf 87' lang='lat' dir='ltr'><em>postea</em></span> <span class='ocrx_word' id='word_1_346' title='bbox 507 2561 604 2602; x_wconf 77' lang='lat' dir='ltr'><em>Alpes</em></span> <span class='ocrx_word' id='word_1_347' title='bbox 626 2562 815 2592; x_wconf 75' lang='lat' dir='ltr'><em>transissent.</em></span> <span class='ocrx_word' id='word_1_348' title='bbox 862 2562 968 2593; x_wconf 76' lang='lat' dir='ltr'><em>Verba</em></span> <span class='ocrx_word' id='word_1_349' title='bbox 989 2568 1061 2593; x_wconf 88' lang='lat' dir='ltr'><em>sunt</em></span> 
     </span>
     <span class='ocr_line' id='line_1_54' title="bbox 379 2602 1062 2635; baseline 0.003 -2"><span class='ocrx_word' id='word_1_350' title='bbox 379 2602 573 2634; x_wconf 80' lang='lat' dir='ltr'><em>minantium.</em></span> <span class='ocrx_word' id='word_1_351' title='bbox 628 2603 679 2634; x_wconf 77' lang='lat' dir='ltr'><em>sie</em></span> <span class='ocrx_word' id='word_1_352' title='bbox 707 2604 728 2634; x_wconf 88' lang='lat'><em>1.</em></span> <span class='ocrx_word' id='word_1_353' title='bbox 758 2604 822 2634; x_wconf 93' lang='lat' dir='ltr'><em>III.</em></span> <span class='ocrx_word' id='word_1_354' title='bbox 851 2615 877 2634; x_wconf 92' lang='lat' dir='ltr'><em>c.</em></span> <span class='ocrx_word' id='word_1_355' title='bbox 907 2605 957 2635; x_wconf 81' lang='lat'><em>41.</em></span> <span class='ocrx_word' id='word_1_356' title='bbox 995 2605 1062 2635; x_wconf 77' lang='lat' dir='ltr'><em>Non</em></span> 
     </span>
     <span class='ocr_line' id='line_1_55' title="bbox 379 2647 1060 2686; baseline 0.001 -10"><span class='ocrx_word' id='word_1_357' title='bbox 379 2648 434 2676; x_wconf 82' lang='lat' dir='ltr'><em>erit</em></span> <span class='ocrx_word' id='word_1_358' title='bbox 457 2647 570 2683; x_wconf 83' lang='lat' dir='ltr'><em>melius,</em></span> <span class='ocrx_word' id='word_1_359' title='bbox 593 2648 649 2676; x_wconf 84' lang='lat' dir='ltr'><em>nisi</em></span> <span class='ocrx_word' id='word_1_360' title='bbox 669 2648 704 2676; x_wconf 89' lang='lat' dir='ltr'><em>de</em></span> <span class='ocrx_word' id='word_1_361' title='bbox 729 2658 783 2686; x_wconf 78' lang='lat' dir='ltr'><em>quo</em></span> <span class='ocrx_word' id='word_1_362' title='bbox 807 2648 992 2683; x_wconf 77' lang='lat' dir='ltr'><em>consulimus,</em></span> <span class='ocrx_word' id='word_1_363' title='bbox 1015 2659 1060 2677; x_wconf 72' lang='lat' dir='ltr'><em>vo-</em></span> 
     </span>
     <span class='ocr_line' id='line_1_56' title="bbox 379 2688 1061 2729; baseline 0 -10"><span class='ocrx_word' id='word_1_364' title='bbox 379 2700 438 2719; x_wconf 80' lang='lat' dir='ltr'><em>cem</em></span> <span class='ocrx_word' id='word_1_365' title='bbox 473 2690 586 2719; x_wconf 68' lang='lat' dir='ltr'><em>misisse.</em></span> <span class='ocrx_word' id='word_1_366' title='bbox 647 2688 766 2719; x_wconf 74' lang='lat' dir='ltr'><em>Per-vias</em></span> <span class='ocrx_word' id='word_1_367' title='bbox 790 2688 929 2729; x_wconf 63' lang='lat' dir='ltr'><em>jecissent</em></span> <span class='ocrx_word' id='word_1_368' title='bbox 971 2689 1061 2720; x_wconf 87' lang='lat' dir='ltr'><em>inter-</em></span> 
     </span>
     <span class='ocr_line' id='line_1_57' title="bbox 379 2730 1061 2772; baseline 0 -11"><span class='ocrx_word' id='word_1_369' title='bbox 379 2736 534 2772; x_wconf 86' lang='lat' dir='ltr'><em>pretamur</em></span> <span class='ocrx_word' id='word_1_370' title='bbox 561 2733 738 2761; x_wconf 79' lang='lat' dir='ltr'><em>transissent.</em></span> <span class='ocrx_word' id='word_1_371' title='bbox 789 2731 851 2762; x_wconf 88' lang='lat' dir='ltr'><em>Sed</em></span> <span class='ocrx_word' id='word_1_372' title='bbox 879 2730 948 2762; x_wconf 87' lang='lat' dir='ltr'><em>ideo</em></span> <span class='ocrx_word' id='word_1_373' title='bbox 978 2732 1061 2762; x_wconf 87' lang='lat' dir='ltr'><em>locu—</em></span> 
     </span>
     <span class='ocr_line' id='line_1_58' title="bbox 379 2773 1061 2816; baseline 0.001 -13"><span class='ocrx_word' id='word_1_374' title='bbox 379 2773 461 2804; x_wconf 81' lang='lat' dir='ltr'><em>tione</em></span> <span class='ocrx_word' id='word_1_375' title='bbox 488 2774 581 2816; x_wconf 88' lang='lat' dir='ltr'><em>paulo</em></span> <span class='ocrx_word' id='word_1_376' title='bbox 619 2773 780 2814; x_wconf 84' lang='lat' dir='ltr'><em>grandiore</em></span> <span class='ocrx_word' id='word_1_377' title='bbox 815 2773 909 2804; x_wconf 84' lang='lat' dir='ltr'><em>utitur</em></span> <span class='ocrx_word' id='word_1_378' title='bbox 945 2774 1061 2809; x_wconf 88' lang='lat' dir='ltr'><em>Livius,</em></span> 
     </span>
     <span class='ocr_line' id='line_1_59' title="bbox 380 2816 1061 2858; baseline 0.001 -12"><span class='ocrx_word' id='word_1_379' title='bbox 380 2816 454 2856; x_wconf 85' lang='lat' dir='ltr'><em>quia</em></span> <span class='ocrx_word' id='word_1_380' title='bbox 474 2816 557 2858; x_wconf 87' lang='lat' dir='ltr'><em>prius</em></span> <span class='ocrx_word' id='word_1_381' title='bbox 579 2816 676 2857; x_wconf 85' lang='lat' dir='ltr'><em>Alpes</em></span> <span class='ocrx_word' id='word_1_382' title='bbox 699 2821 858 2847; x_wconf 64' lang='lat' dir='ltr'><em>vocaverat</em></span> <span class='ocrx_word' id='word_1_383' title='bbox 873 2827 961 2856; x_wconf 79' lang='lat' dir='ltr'><em>prope</em></span> <span class='ocrx_word' id='word_1_384' title='bbox 984 2819 1061 2847; x_wconf 78' lang='lat' dir='ltr'><em>iner-</em></span> 
     </span>
     <span class='ocr_line' id='line_1_60' title="bbox 378 2858 1062 2900; baseline 0.007 -13"><span class='ocrx_word' id='word_1_385' title='bbox 378 2860 563 2898; x_wconf 75' lang='lat' dir='ltr'><em>superahilem</em></span> <span class='ocrx_word' id='word_1_386' title='bbox 592 2861 695 2898; x_wconf 74' lang='lat' dir='ltr'><em>finem.</em></span> <span class='ocrx_word' id='word_1_387' title='bbox 755 2858 897 2900; x_wconf 70' lang='lat' dir='ltr'><em>Sigonius</em></span> <span class='ocrx_word' id='word_1_388' title='bbox 931 2859 1062 2892; x_wconf 76' lang='lat' dir='ltr'><em>inserue-</em></span> 
     </span>
    </p>
   </div>
   <div class='ocr_carea' id='block_1_11' title="bbox 1102 2134 1786 2816">
    <p class='ocr_par' dir='ltr' id='par_1_13' title="bbox 1102 2134 1784 2304">
     <span class='ocr_line' id='line_1_61' title="bbox 1102 2134 1784 2177; baseline -0.001 -12"><span class='ocrx_word' id='word_1_389' title='bbox 1102 2140 1149 2165; x_wconf 85' lang='lat' dir='ltr'><em>rat</em></span> <span class='ocrx_word' id='word_1_390' title='bbox 1173 2134 1211 2166; x_wconf 90' lang='lat' dir='ltr'><em>de</em></span> <span class='ocrx_word' id='word_1_391' title='bbox 1235 2145 1290 2166; x_wconf 89' lang='lat' dir='ltr'><em>suo</em></span> <span class='ocrx_word' id='word_1_392' title='bbox 1315 2134 1500 2177; x_wconf 82' lang='lat' dir='ltr'><em>particulam</em></span> <span class='ocrx_word' id='word_1_393' title='bbox 1524 2145 1611 2175; x_wconf 71' lang='lat' dir='ltr'><em>qaam</em></span> <span class='ocrx_word' id='word_1_394' title='bbox 1637 2139 1708 2165; x_wconf 85' lang='lat' dir='ltr'><em>ante</em></span> <span class='ocrx_word' id='word_1_395' title='bbox 1733 2136 1784 2174; x_wconf 80' lang='lat' dir='ltr'><em>qui</em></span> 
     </span>
     <span class='ocr_line' id='line_1_62' title="bbox 1102 2176 1781 2219; baseline -0.003 -11"><span class='ocrx_word' id='word_1_396' title='bbox 1102 2188 1158 2208; x_wconf 74' lang='lat' dir='ltr'><em>eas.</em></span> <span class='ocrx_word' id='word_1_397' title='bbox 1202 2178 1306 2219; x_wconf 88' lang='lat' dir='ltr'><em>Atque</em></span> <span class='ocrx_word' id='word_1_398' title='bbox 1329 2188 1398 2208; x_wconf 85' lang='lat' dir='ltr'><em>eam</em></span> <span class='ocrx_word' id='word_1_399' title='bbox 1421 2186 1526 2207; x_wconf 89' lang='lat' dir='ltr'><em>omnes</em></span> <span class='ocrx_word' id='word_1_400' title='bbox 1547 2176 1653 2218; x_wconf 80' lang='lat' dir='ltr'><em>postea</em></span> <span class='ocrx_word' id='word_1_401' title='bbox 1674 2176 1781 2207; x_wconf 86' lang='lat' dir='ltr'><em>editio-</em></span> 
     </span>
     <span class='ocr_line' id='line_1_63' title="bbox 1103 2219 1783 2262; baseline 0 -12"><span class='ocrx_word' id='word_1_402' title='bbox 1103 2230 1157 2251; x_wconf 85' lang='lat' dir='ltr'><em>nes</em></span> <span class='ocrx_word' id='word_1_403' title='bbox 1172 2220 1372 2251; x_wconf 83' lang='lat' dir='ltr'><em>admisernnt.</em></span> <span class='ocrx_word' id='word_1_404' title='bbox 1415 2219 1476 2251; x_wconf 89' lang='lat' dir='ltr'><em>Sed</em></span> <span class='ocrx_word' id='word_1_405' title='bbox 1486 2219 1552 2260; x_wconf 88' lang='lat' dir='ltr'><em>jam</em></span> <span class='ocrx_word' id='word_1_406' title='bbox 1568 2228 1714 2262; x_wconf 77' lang='lat' dir='ltr'><em>apparere</em></span> <span class='ocrx_word' id='word_1_407' title='bbox 1725 2230 1783 2261; x_wconf 85' lang='lat' dir='ltr'><em>pu-</em></span> 
     </span>
     <span class='ocr_line' id='line_1_64' title="bbox 1105 2263 1546 2304; baseline -0.002 -10"><span class='ocrx_word' id='word_1_408' title='bbox 1105 2269 1205 2294; x_wconf 82' lang='lat' dir='ltr'><em>tamus</em></span> <span class='ocrx_word' id='word_1_409' title='bbox 1220 2263 1295 2294; x_wconf 87' lang='lat' dir='ltr'><em>nihil</em></span> <span class='ocrx_word' id='word_1_410' title='bbox 1310 2263 1364 2294; x_wconf 84' lang='lat' dir='ltr'><em>illa</em></span> <span class='ocrx_word' id='word_1_411' title='bbox 1377 2273 1454 2304; x_wconf 89' lang='lat' dir='ltr'><em>opus</em></span> <span class='ocrx_word' id='word_1_412' title='bbox 1468 2272 1546 2293; x_wconf 88' lang='lat' dir='ltr'><em>esse.</em></span> 
     </span>
    </p>

    <p class='ocr_par' dir='ltr' id='par_1_14' title="bbox 1103 2304 1785 2640">
     <span class='ocr_line' id='line_1_65' title="bbox 1159 2304 1781 2345; baseline 0 -9"><span class='ocrx_word' id='word_1_413' title='bbox 1159 2307 1198 2336; x_wconf 81' lang='lat'><em>15</em></span> <span class='ocrx_word' id='word_1_414' title='bbox 1235 2306 1273 2336; x_wconf 91' lang='lat' dir='ltr'><em>L.</em></span> <span class='ocrx_word' id='word_1_415' title='bbox 1297 2306 1430 2337; x_wconf 83' lang='lat' dir='ltr'><em>Manlius</em></span> <span class='ocrx_word' id='word_1_416' title='bbox 1457 2304 1613 2345; x_wconf 84' lang='lat' dir='ltr'><em>Acidinus]</em></span> <span class='ocrx_word' id='word_1_417' title='bbox 1659 2305 1781 2337; x_wconf 91' lang='lat' dir='ltr'><em>Grono-</em></span> 
     </span>
     <span class='ocr_line' id='line_1_66' title="bbox 1106 2346 1784 2389; baseline 0 -10"><span class='ocrx_word' id='word_1_418' title='bbox 1106 2348 1205 2379; x_wconf 83' lang='lat' dir='ltr'><em>vianae</em></span> <span class='ocrx_word' id='word_1_419' title='bbox 1227 2348 1376 2379; x_wconf 84' lang='lat' dir='ltr'><em>editiones</em></span> <span class='ocrx_word' id='word_1_420' title='bbox 1397 2357 1564 2389; x_wconf 83' lang='lat' dir='ltr'><em>cog-nomen</em></span> <span class='ocrx_word' id='word_1_421' title='bbox 1587 2346 1658 2377; x_wconf 93' lang='lat' dir='ltr'><em>huic</em></span> <span class='ocrx_word' id='word_1_422' title='bbox 1679 2346 1784 2388; x_wconf 75' lang='lat' dir='ltr'><em>legato</em></span> 
     </span>
     <span class='ocr_line' id='line_1_67' title="bbox 1105 2389 1785 2432; baseline 0.001 -11"><span class='ocrx_word' id='word_1_423' title='bbox 1105 2391 1224 2422; x_wconf 83' lang='lat' dir='ltr'><em>addunt</em></span> <span class='ocrx_word' id='word_1_424' title='bbox 1239 2391 1274 2421; x_wconf 89' lang='lat' dir='ltr'><em>P.</em></span> <span class='ocrx_word' id='word_1_425' title='bbox 1305 2391 1372 2422; x_wconf 87' lang='lat' dir='ltr'><em>Nos</em></span> <span class='ocrx_word' id='word_1_426' title='bbox 1385 2390 1539 2432; x_wconf 87' lang='lat' dir='ltr'><em>sequimur</em></span> <span class='ocrx_word' id='word_1_427' title='bbox 1550 2389 1687 2420; x_wconf 89' lang='lat' dir='ltr'><em>codicem</em></span> <span class='ocrx_word' id='word_1_428' title='bbox 1699 2390 1785 2422; x_wconf 76' lang='lat' dir='ltr'><em>Vict.</em></span> 
     </span>
     <span class='ocr_line' id='line_1_68' title="bbox 1105 2431 1784 2465; baseline 0 -1"><span class='ocrx_word' id='word_1_429' title='bbox 1105 2433 1154 2464; x_wconf 87' lang='lat' dir='ltr'><em>cui</em></span> <span class='ocrx_word' id='word_1_430' title='bbox 1180 2435 1374 2465; x_wconf 84' lang='lat' dir='ltr'><em>consentiunt</em></span> <span class='ocrx_word' id='word_1_431' title='bbox 1397 2431 1572 2464; x_wconf 86' lang='lat' dir='ltr'><em>vetustiores</em></span> <span class='ocrx_word' id='word_1_432' title='bbox 1593 2431 1677 2464; x_wconf 90' lang='lat' dir='ltr'><em>editi.</em></span> <span class='ocrx_word' id='word_1_433' title='bbox 1721 2433 1784 2464; x_wconf 89' lang='lat' dir='ltr'><em>Hic</em></span> 
     </span>
     <span class='ocr_line' id='line_1_69' title="bbox 1104 2474 1784 2518; baseline 0 -12"><span class='ocrx_word' id='word_1_434' title='bbox 1104 2487 1213 2518; x_wconf 88' lang='lat' dir='ltr'><em>nempe</em></span> <span class='ocrx_word' id='word_1_435' title='bbox 1242 2482 1287 2507; x_wconf 87' lang='lat' dir='ltr'><em>est</em></span> <span class='ocrx_word' id='word_1_436' title='bbox 1315 2477 1350 2507; x_wconf 92' lang='lat' dir='ltr'><em>L.</em></span> <span class='ocrx_word' id='word_1_437' title='bbox 1373 2475 1512 2506; x_wconf 87' lang='lat' dir='ltr'><em>Manlius</em></span> <span class='ocrx_word' id='word_1_438' title='bbox 1541 2474 1704 2511; x_wconf 85' lang='lat' dir='ltr'><em>Acidinus,</em></span> <span class='ocrx_word' id='word_1_439' title='bbox 1730 2475 1784 2517; x_wconf 85' lang='lat' dir='ltr'><em>qui</em></span> 
     </span>
     <span class='ocr_line' id='line_1_70' title="bbox 1103 2517 1784 2561; baseline 0 -12"><span class='ocrx_word' id='word_1_440' title='bbox 1103 2529 1198 2550; x_wconf 82' lang='lat' dir='ltr'><em>ovans</em></span> <span class='ocrx_word' id='word_1_441' title='bbox 1211 2529 1247 2550; x_wconf 83' lang='lat' dir='ltr'><em>ex</em></span> <span class='ocrx_word' id='word_1_442' title='bbox 1264 2518 1416 2561; x_wconf 88' lang='lat' dir='ltr'><em>Hispania</em></span> <span class='ocrx_word' id='word_1_443' title='bbox 1435 2519 1537 2549; x_wconf 88' lang='lat' dir='ltr'><em>urbem</em></span> <span class='ocrx_word' id='word_1_444' title='bbox 1561 2517 1653 2548; x_wconf 90' lang='lat' dir='ltr'><em>inisse</em></span> <span class='ocrx_word' id='word_1_445' title='bbox 1667 2521 1784 2549; x_wconf 68' lang='lat' dir='ltr'><em>meino-</em></span> 
     </span>
     <span class='ocr_line' id='line_1_71' title="bbox 1105 2559 1785 2602; baseline 0 -10"><span class='ocrx_word' id='word_1_446' title='bbox 1105 2567 1188 2592; x_wconf 79' lang='lat' dir='ltr'><em>ratus</em></span> <span class='ocrx_word' id='word_1_447' title='bbox 1211 2567 1258 2592; x_wconf 89' lang='lat' dir='ltr'><em>est</em></span> <span class='ocrx_word' id='word_1_448' title='bbox 1287 2572 1314 2592; x_wconf 91' lang='lat' dir='ltr'><em>c.</em></span> <span class='ocrx_word' id='word_1_449' title='bbox 1342 2562 1394 2592; x_wconf 86' lang='lat'><em>29.</em></span> <span class='ocrx_word' id='word_1_450' title='bbox 1419 2560 1510 2602; x_wconf 88' lang='lat' dir='ltr'><em>hujus</em></span> <span class='ocrx_word' id='word_1_451' title='bbox 1536 2559 1615 2595; x_wconf 79' lang='lat' dir='ltr'><em>libri,</em></span> <span class='ocrx_word' id='word_1_452' title='bbox 1643 2566 1674 2591; x_wconf 85' lang='lat' dir='ltr'><em>et</em></span> <span class='ocrx_word' id='word_1_453' title='bbox 1699 2561 1785 2593; x_wconf 86' lang='lat' dir='ltr'><em>brevi</em></span> 
     </span>
     <span class='ocr_line' id='line_1_72' title="bbox 1104 2603 1650 2640; baseline -0.002 -6"><span class='ocrx_word' id='word_1_454' title='bbox 1104 2604 1223 2635; x_wconf 82' lang='lat' dir='ltr'><em>futurus</em></span> <span class='ocrx_word' id='word_1_455' title='bbox 1238 2609 1283 2634; x_wconf 86' lang='lat' dir='ltr'><em>est</em></span> <span class='ocrx_word' id='word_1_456' title='bbox 1298 2603 1415 2640; x_wconf 90' lang='lat' dir='ltr'><em>consul,</em></span> <span class='ocrx_word' id='word_1_457' title='bbox 1431 2604 1454 2634; x_wconf 93' lang='lat' dir='ltr'><em>l.</em></span> <span class='ocrx_word' id='word_1_458' title='bbox 1471 2603 1540 2634; x_wconf 82' lang='lat' dir='ltr'><em>XL.</em></span> <span class='ocrx_word' id='word_1_459' title='bbox 1555 2613 1584 2634; x_wconf 93' lang='lat' dir='ltr'><em>c.</em></span> <span class='ocrx_word' id='word_1_460' title='bbox 1599 2603 1650 2633; x_wconf 88' lang='lat'><em>43.</em></span> 
     </span>
    </p>

    <p class='ocr_par' dir='ltr' id='par_1_15' title="bbox 1104 2645 1786 2773">
     <span class='ocr_line' id='line_1_73' title="bbox 1150 2645 1786 2688; baseline 0.002 -12"><span class='ocrx_word' id='word_1_461' title='bbox 1150 2648 1187 2677; x_wconf 88' lang='lat'><em>16</em></span> <span class='ocrx_word' id='word_1_462' title='bbox 1219 2647 1323 2677; x_wconf 80' lang='lat' dir='ltr'><em>Conati</em></span> <span class='ocrx_word' id='word_1_463' title='bbox 1357 2647 1441 2687; x_wconf 76' lang='lat' dir='ltr'><em>sunt]</em></span> <span class='ocrx_word' id='word_1_464' title='bbox 1495 2647 1578 2688; x_wconf 89' lang='lat' dir='ltr'><em>Lege</em></span> <span class='ocrx_word' id='word_1_465' title='bbox 1603 2647 1674 2682; x_wconf 80' lang='lat' dir='ltr'><em>sint,</em></span> <span class='ocrx_word' id='word_1_466' title='bbox 1703 2645 1786 2686; x_wconf 88' lang='lat' dir='ltr'><em>quod</em></span> 
     </span>
     <span class='ocr_line' id='line_1_74' title="bbox 1105 2687 1784 2720; baseline 0.001 -1"><span class='ocrx_word' id='word_1_467' title='bbox 1105 2689 1198 2720; x_wconf 87' lang='lat' dir='ltr'><em>habet</em></span> <span class='ocrx_word' id='word_1_468' title='bbox 1215 2689 1367 2720; x_wconf 80' lang='lat' dir='ltr'><em>Andreas,</em></span> <span class='ocrx_word' id='word_1_469' title='bbox 1410 2689 1547 2720; x_wconf 73' lang='lat' dir='ltr'><em>*Conati</em></span> <span class='ocrx_word' id='word_1_470' title='bbox 1568 2694 1672 2719; x_wconf 88' lang='lat' dir='ltr'><em>autem</em></span> <span class='ocrx_word' id='word_1_471' title='bbox 1693 2687 1784 2720; x_wconf 82' lang='lat' dir='ltr'><em>intel-</em></span> 
     </span>
     <span class='ocr_line' id='line_1_75' title="bbox 1104 2732 1254 2773; baseline -0.007 -11"><span class='ocrx_word' id='word_1_472' title='bbox 1104 2732 1165 2773; x_wconf 85' lang='lat' dir='ltr'><em>lige</em></span> <span class='ocrx_word' id='word_1_473' title='bbox 1179 2733 1254 2762; x_wconf 81' lang='lat' dir='ltr'><em>ausi.</em></span> 
     </span>
    </p>

    <p class='ocr_par' dir='ltr' id='par_1_16' title="bbox 1153 2773 1785 2816">
     <span class='ocr_line' id='line_1_76' title="bbox 1153 2773 1785 2816; baseline 0.002 -12"><span class='ocrx_word' id='word_1_474' title='bbox 1153 2775 1187 2805; x_wconf 93' lang='lat'><em>17</em></span> <span class='ocrx_word' id='word_1_475' title='bbox 1212 2775 1292 2805; x_wconf 81' lang='lat' dir='ltr'><em>Ante</em></span> <span class='ocrx_word' id='word_1_476' title='bbox 1313 2775 1485 2816; x_wconf 80' lang='lat' dir='ltr'><em>Tuscorum]</em></span> <span class='ocrx_word' id='word_1_477' title='bbox 1531 2773 1605 2806; x_wconf 82' lang='lat' dir='ltr'><em>Vid.</em></span> <span class='ocrx_word' id='word_1_478' title='bbox 1627 2782 1720 2815; x_wconf 77' lang='lat' dir='ltr'><em>supra.</em></span> <span class='ocrx_word' id='word_1_479' title='bbox 1741 2773 1785 2805; x_wconf 84' lang='lat' dir='ltr'><em>V.</em></span> 
     </span>
    </p>
   </div>
   <div class='ocr_carea' id='block_1_12' title="bbox 1885 0 1947 3222">
    <p class='ocr_par' dir='ltr' id='par_1_17' title="bbox 1885 0 1947 3222">
     <span class='ocr_line' id='line_1_77' title="bbox 1885 0 1947 3222; baseline 0 0"><span class='ocrx_word' id='word_1_480' title='bbox 1885 0 1947 3222; x_wconf 95' lang='lat' dir='ltr'><em> </em></span> 
     </span>
    </p>
   </div>
  </div>
 </body>
</html>
