1947 3222
531 103 655 141 LIB.
681 100 875 139 XXXIV.
911 101 1045 138 CAP.
1077 103 1148 139 IX.
1476 106 1546 139 143

142 213 303 270 generis
335 210 569 260 contractis,
599 210 652 251 ab
683 209 808 250 Luna
837 208 1097 265 proficiscens
1126 208 1272 258 edixit,
1294 218 1342 251 ut
1373 209 1424 251 ad
1486 225 1549 250 01·-
1561 217 1604 249 U.
1615 217 1651 249 C.
1667 214 1763 259 5523

144 281 235 313 tum
267 269 459 326 Pyrenaei
489 273 771 322 sequerentur.
803 265 899 306 inde
927 281 969 306 se
988 265 1199 321 frequenti
1221 265 1347 306 classe
1376 266 1430 307 ad
1472 281 1551 307 ios-
1562 261 1603 292 Α·
1617 260 1652 292 C.
1669 260 1743 291 195.

145 336 206 369 tes
226 328 397 368 iturum.
458 323 726 366 Praetervecti
749 321 994 378 Ligustinos
1022 330 1183 363 montes
1212 321 1432 376 sinumque
1454 323 1554 363 Gal-

145 385 286 434 licum,
307 383 360 424 ad
387 382 512 430 djem‚
534 395 661 435 quam
692 379 894 428 edixerat,
916 385 1209 419 convenerunt.
1240 378 1337 418 inde
1359 378 1553 419 Rhodam

147 449 332 489 ventum,
354 447 394 480 et
414 436 657 494 praesidium
679 435 980 491 Hispanorum,
1003 435 1118 491 quod
1139 435 1182 475 in
1202 434 1370 476 castello
1389 443 1492 484 erat,
1513 435 1555 474 vi

147 498 366 554 dejectum.
441 494 513 535 Ab
555 492 708 534 Rhoda
747 492 928 533 secundo
968 500 1092 533 vento
1126 491 1347 547 Emporias
1386 505 1558 547 perven-

149 563 250 595 tum.
282 552 338 593 ibi
364 550 494 607 copiae
524 565 679 599 omnes,
700 557 853 605 praeter
884 549 1013 590 socios
1041 548 1222 599 navales,
1243 547 1286 588 in
1315 555 1468 588 terram
1488 562 1558 588 ex-

150 611 307 667 positae.

208 667 293 707 [X.
325 667 422 706 Jam
444 673 546 706 tunc
578 662 790 719 Emporiae
819 663 904 704 duo
931 662 1089 718 oppida
1117 669 1234 703 erant
1264 676 1384 702 muro
1414 660 1557 702 divisa.
1571 672 1731 715 Emporia-

150 724 296 764 Unum
332 721 471 763 Graeci
502 721 727 769 habebant,
761 735 785 760 a
818 720 1010 768 Phocaea,
1044 719 1155 759 unde
1189 727 1231 759 ct
1265 717 1557 766 Massilienses,
1571 728 1638 764 runi
1653 716 1705 763 df·

149 779 338 820 oriundi:
382 778 559 820 alterum
591 777 782 832 Hispani.
815 776 887 816 sed
919 776 1115 817 Graecum
1146 775 1349 838 oppidum
1377 774 1421 815 in
1450 789 1562 815 mare
1573 764 1706 801 ⁵⁰¹¹Pt¹⁰‘

151 837 402 892 expositum,
426 843 562 876 totum
592 834 733 874 orbem
764 833 872 873 muri
903 832 1039 873 minus
1070 832 1398 887 quadringentos
1418 846 1564 887 passus

181 901 362 934 atentem
392 892 596 932 habebat:
645 889 846 944 Hispanis
875 888 1091 929 retractior
1120 903 1145 928 a
1179 889 1283 928 mari
1316 888 1445 929 trium
1474 887 1566 928 mil-

150 908 255 990 lium
275 963 474 1005 passuum
495 948 538 987 in
559 946 735 987 circuitu
762 960 908 985 murus
929 952 1029 985 erat.
1091 945 1287 985 Tertium
1307 959 1453 1000 genus,
1477 945 1565 985 Ro-

154 1006 264 1046 mani
285 1005 417 1046 coloni
438 1005 491 1045 ab
521 1003 632 1044 Divo
655 1003 832 1051 Caesare,
853 1009 948 1057 post
978 1000 1162 1042 devictos
1191 1000 1378 1056 Pompeii
1399 1001 1564 1051 liberos,

155 1062 318 1118 adjecti.
363 1075 474 1101 nunc
509 1061 551 1100 in
592 1073 741 1114 corpus
780 1073 912 1098 unum
952 1057 1113 1098 confusi
1152 1072 1318 1105 omnes3
1367 1057 1568 1113 Hispanis

155 1120 286 1174 prius,
317 1125 526 1174 postremo
555 1124 594 1157 ct
627 1115 786 1156 Graecis
815 1115 856 1154 in
888 1113 1098 1156 civitatem
1129 1115 1363 1155 Romanam
1387 1113 1566 1154 adscitis.

156 1176 401 1223 Mil-aretur,
430 1172 503 1229 qui
534 1184 624 1214 tum
655 1179 853 1221 cerneret,
884 1179 1028 1227 aperto
1058 1172 1162 1211 mari
1192 1171 1245 1212 ab
1274 1170 1405 1211 altera
1432 1179 1567 1226 parte,

155 1232 208 1273 ab
241 1231 372 1272 altera
407 1230 621 1285 Hispanis,
658 1236 743 1269 tam
777 1228 876 1268 ferae
908 1236 949 1269 et
983 1227 1189 1269 bellicosae
1221 1227 1350 1283 genti,
1384 1227 1568 1282 objectos

156 1304 251 1344 quae
285 1303 350 1328 res
385 1302 453 1327 eos
489 1293 710 1327 tutaretur.
748 1284 966 1340 disciplina
1003 1293 1091 1326 erat
1126 1293 1265 1325 custos
1299 1284 1568 1334 infirmitatis,

157 1360 284 1400 quam
304 1345 412 1385 inter
432 1342 650 1383 validiores
671 1341 826 1397 optime
856 1341 980 1382 timor
1009 1341 1204 1382 continet.
1265 1341 1433 1381 Partem
1458 1340 1569 1381 muri

157 1416 317 1442 versam
339 1401 384 1441 in
404 1415 525 1456 agros
549 1398 712 1455 egregie
740 1397 944 1439 munitam
972 1398 1198 1448 habebant,
1220 1413 1305 1438 una
1334 1405 1499 1439 tantum
1526 1397 1570 1438 in

157 1474 247 1499 eam
268 1457 477 1513 regionem
498 1465 620 1512 porta
640 1455 840 1510 inposita:
873 1455 994 1510 cujus
1018 1455 1210 1495 assiduus
1239 1462 1378 1495 custos
1409 1469 1570 1510 semper

160 1515 310 1570 aliquis
343 1528 395 1553 ex
424 1511 739 1567 magistratibus
769 1518 869 1552 erat.
911 1518 1031 1551 nocte
1060 1526 1157 1566 pars
1186 1509 1310 1551 tertia
1338 1510 1492 1551 civium
1525 1511 1570 1552 in

160 1571 290 1611 muris
321 1569 607 1610 excubabant:
651 1582 787 1623 neque
821 1567 945 1608 moris
977 1576 1141 1608 tantum
1176 1574 1248 1607 aut
1279 1566 1382 1622 legis
1411 1582 1571 1618 caussa,

162 1627 248 1677 sed,
271 1634 430 1683 quanta
449 1625 482 1666 si
501 1624 632 1666 hostis
652 1623 706 1664 ad
726 1633 866 1679 portas
887 1632 1007 1673 esset,
1029 1632 1070 1664 et
1093 1623 1311 1664 servabant
1332 1623 1508 1679 vigilias,
1530 1632 1573 1665 et

163 1683 450 1732 circumibant,
478 1696 589 1722 cura.
651 1681 891 1736 Hispanum
919 1680 1124 1721 neminem
1154 1680 1195 1720 in
1227 1679 1374 1720 urbem
1405 1680 1575 1736 recipie-

161 1740 275 1781 bant.
306 1755 357 1779 ne
376 1738 455 1794 ipsi
475 1737 646 1794 quidem
676 1745 828 1778 temere
858 1736 963 1777 urbe
990 1736 1255 1778 excedebant.
1286 1736 1341 1776 ad
1361 1752 1473 1778 mare
1503 1753 1576 1794 pap

163 1797 276 1838 tebat
298 1796 490 1836 omnibus
510 1795 659 1836 exitus.
691 1803 813 1849 porta
833 1793 887 1834 ad
918 1793 1204 1849 Hispanorum
1232 1793 1436 1849 oppidum
1457 1810 1576 1835 versa

164 1850 394 1908 numquam
427 1852 504 1892 nisi
534 1851 789 1906 frequentes,
818 1865 914 1906 pars
943 1850 1066 1891 tertia
1093 1850 1194 1899 fere,
1231 1850 1351 1905 cujus
1385 1851 1578 1907 proxima

164 1918 284 1950 nocte
305 1909 460 1964 vigiliae
488 1909 531 1949 in
561 1908 692 1948 muris
721 1907 903 1957 fuerant,
934 1907 1267 1963 egrediebantur.
1323 1908 1488 1949 ⁴Caussa
1508 1924 1577 1949 ex-

166 1966 293 2006 eundi
327 1966 416 2006 haec
456 1974 567 2006 erat:
614 1963 857 2004 commercio
892 1979 1035 2004 eorum
1071 1963 1266 2019 Hispani,
1307 1963 1579 2019 inprudentes

166 2023 305 2072 maris,
327 2022 590 2077 gaudebant:
622 2021 879 2075 mercarique
899 2029 940 2062 et
970 2020 1050 2076 ipsi
1071 2036 1133 2071 ea,
1155 2036 1250 2075 quae
1275 2028 1446 2062 externa
1465 2022 1580 2063 navi-

167 2080 247 2120 bus
276 2078 583 2128 inveherentur,
615 2086 656 2118 et
691 2076 926 2132 ‘flagrorum
961 2076 1126 2132 exigere
1155 2077 1332 2124 fructus,
1368 2078 1576 2120 volebant.

169 2136 296 2192 hujus
316 2135 453 2176 mutui
475 2149 575 2175 usus
596 2133 862 2184 desiderium,
880 2141 928 2175 ut
951 2134 1143 2189 Hispana
1162 2134 1263 2175 urbs
1286 2134 1445 2176 Graecis
1465 2143 1580 2191 pate-

168 2201 247 2243 ret,
282 2191 472 2233 faciebat.
533 2192 677 2237 Erant,
699 2190 823 2232 etiam
857 2206 905 2231 eo
940 2190 1130 2240 tutiores,
1167 2191 1282 2245 quod
1318 2192 1396 2233 sub
1430 2193 1582 2234 umbra

171 2250 373 2290 Romanae
402 2247 595 2289 amicitiae
623 2247 830 2288 latebant:
863 2262 990 2302 quam
1021 2246 1125 2288 sicut
1147 2247 1376 2289 minoribus
1404 2248 1580 2300 viribus,

171 2321 297 2362 quam
326 2305 620 2354 Massilienses,
642 2303 731 2360 pari
762 2303 950 2344 colebant
980 2304 1074 2345 fide.
1109 2312 1209 2345 tunc
1240 2320 1409 2360 quoque
1437 2321 1583 2346 consu-

172 2362 252 2403 lem
280 2361 594 2417 exercitumque
622 2360 793 2402 comiter
823 2375 869 2401 ac
895 2359 1073 2415 benigne
1099 2369 1359 2417 acceperunt.
1421 2363 1584 2404 Paucos

171 2418 231 2460 ibi
250 2427 435 2460 moratus
465 2417 552 2458 dies
575 2419 696 2468 Cato,
717 2416 820 2458 dum
850 2416 1098 2472 exploraret,
1121 2417 1193 2458 ubi
1221 2425 1262 2458 et
1293 2426 1462 2474 quantae
1491 2419 1585 2460 hos-

177 2475 279 2516 tium
301 2474 431 2531 copiae
451 2482 611 2522 essent;
644 2482 692 2515 ut
713 2489 764 2514 ne
785 2488 901 2515 mora
916 2472 1085 2528 quidem
1108 2473 1242 2529 segnis
1263 2483 1383 2524 esset,
1400 2491 1519 2516 omne
1541 2475 1585 2516 id

177 2540 342 2588 tempus
362 2531 601 2572 exercendis
625 2530 829 2572 militibus
856 2529 1092 2570 consumsit.
1156 2530 1206 2571 Id
1238 2539 1326 2571 erat
1353 2532 1461 2573 forte
1482 2541 1585 2573 tem-

178 2602 257 2642 pus
277 2587 386 2638 anni,
408 2596 456 2629 ut
485 2587 743 2629 frumentum
764 2586 807 2627 in
836 2586 941 2627 areis
960 2585 1172 2629 haberent.
1204 2587 1360 2643 itaque,
1382 2588 1584 2629 redemto-

226 2754 263 2783 41
296 2754 441 2794 Agrorum
468 2756 578 2795 exigere
595 2752 736 2794 fructus]
775 2754 861 2784 Ven⁴
906 2753 1029 2784 modum
1067 2753 1221 2785 Horatius
1249 2754 1409 2784 attracio-e.
1467 2753 1586 2785 Laudat

183 2796 255 2826 dere
279 2796 392 2826 fructus
414 2796 465 2836 qui
487 2807 523 2826 ex
548 2796 627 2836 agris
649 2802 861 2837 provenerant.
906 2798 1016 2828 venales
1031 2797 1322 2837 quivultc.rtr1‹dere
1337 2806 1450 2826 merces.

185 2838 308 2879 Eiigrre
337 2837 384 2868 hic
413 2846 539 2879 usurpat
569 2838 685 2874 Livius,
716 2839 863 2879 quemad-
