1947 3222
154 218 195 249 U.
210 221 246 254 G.
258 219 335 252 569.

161 261 183 291 ἱ
208 261 246 294 C.
262 262 332 293 183.

155 2320 193 2350 In
204 2319 355 2349 subterra-

154 2373 245 2393 neam
260 2361 321 2392 cel-

155 2406 216 2435 lam
233 2404 342 2436 demit-

158 2449 239 2480 titur.

367 101 442 136 444
868 93 1230 133 T1T1L1Vll

364 205 419 247 ad
446 203 816 261 praeoccupandam
839 205 1029 245 Coronen
1052 202 1320 260 [profectus‚]
1342 218 1468 260 quam
1496 205 1634 247 hostes
1661 214 1773 261 pete-

364 262 482 312 bant,
499 262 541 302 in
558 261 663 302 valle
684 260 829 316 iniqua
843 276 938 302 cum
955 260 1169 316 equitibus
1188 261 1334 317 paucis
1349 261 1581 317 obpressus.
1625 263 1769 317 Ipsum

364 318 549 375 potuisse
577 318 760 373 effugere
783 317 998 358 Thracum
1024 318 1371 373 Cretensiumque
1400 318 1557 359 auxilio
1587 317 1770 360 tradunt.

363 375 437 416 sed
464 375 602 431 pudor
631 373 892 429 relinquendi
924 372 1102 429 equites,
1126 374 1400 415 nobilissimos
1429 375 1579 431 gentis,
1607 375 1661 415 ab
1685 374 1774 430 ipso

363 447 498 488 nuper
526 431 668 482 lectos,
697 429 843 472 tenuit.
875 429 1031 485 quibus
1060 429 1162 471 dum
1193 430 1329 471 locum
1360 431 1413 472 ad
1443 431 1676 472 evadendas
1705 446 1775 472 an-

361 488 522 543 gustias
551 488 737 543 cogendo
766 485 853 542 ipse
882 501 1031 542 agmen
1060 487 1235 542 praebet,
1257 488 1462 529 sustinens
1491 488 1658 544 inpetus
1681 487 1774 528 hos-

364 546 496 591 tium;
527 545 722 600 prolapso
751 558 875 598 equo,
897 550 939 583 et
960 558 1036 584 suo
1054 543 1143 598 ipse
1172 558 1284 591 casu,
1306 551 1348 585 et
1367 559 1490 586 onere
1519 545 1616 600 equi
1648 559 1772 600 super

361 617 456 642 eum
487 600 661 650 ruentis,
682 600 798 641 haud
824 598 1006 640 multum
1037 599 1189 650 abfuit,
1211 599 1313 655 quin
1343 601 1663 651 exanimaretur,
1685 617 1775 657 sep-

362 658 555 713 tuaginta
583 672 711 698 annos
734 657 824 713 jam
853 664 992 706 natus,
1022 664 1063 698 et
1095 656 1259 698 diutino
1294 657 1454 708 morbo,
1484 673 1536 698 ex
1569 673 1655 714 quo
1683 666 1773 699 tum

360 714 542 769 primum
563 714 842 763 reficiebatur,
864 712 1024 754 viribus
1044 712 1272 754 admodum
1293 713 1540 755 adtenuatis.
1566 715 1773 769 jacentem

361 771 499 812 hostes
530 770 739 826 superfusi
769 771 1089 827 obpresserunt:
1122 769 1422 826 cognitumque
1451 770 1633 827 primum
1659 787 1684 812 a
1707 787 1774 812 ve-

362 827 560 869 recundia
583 828 865 883 memoriaque
896 827 1155 878 meritorum,
1176 827 1293 868 haud
1322 842 1439 868 secus
1468 843 1596 883 quam
1626 827 1774 868 ducem

359 899 498 934 suum,
520 884 730 926 adtollunt
758 884 1052 939 reficiuntque,
1073 892 1115 926 et
1139 899 1191 925 ex
1212 883 1319 924 valle
1340 883 1460 925 devia
1479 885 1523 925 in
1544 884 1652 925 viam
1683 899 1777 940 por-

359 948 467 991 tant,
502 942 572 982 vix
609 941 774 982 sibimet
813 940 891 997 ipsi
932 956 1021 996 prae
1060 940 1305 996 necopinato
1344 941 1501 996 gaudio
1533 941 1774 988 credentes;

391 1013 457 1038 ars
486 998 659 1039 nuncios
681 999 902 1039 Messenen
931 998 1211 1053 praemittunt,
1233 997 1487 1039 debellatum
1512 1013 1614 1048 esse,
1635 997 1776 1038 ⁸⁶Phi-

360 1012 632 1110 lopoemenem
675 1060 871 1111 captums
910 1054 1075 1095 adduci.
1149 1054 1338 1096 Primum
1380 1054 1484 1095 adeo
1523 1054 1777 1095 incredibilis

360 1111 451 1152 visa
470 1125 549 1161 res,
566 1119 615 1152 ut
636 1126 718 1152 non
738 1126 815 1167 pro
833 1126 938 1151 vano
958 1111 1097 1161 modo,
1115 1111 1187 1152 sed
1207 1111 1277 1151 vix
1299 1126 1376 1166 pro
1392 1126 1490 1152 sano
1505 1111 1684 1153 nuncius
1704 1126 1776 1152 au-

360 1166 534 1209 diretur.
566 1168 731 1218 deinde,
754 1176 802 1209 ut
824 1183 948 1224 super
978 1167 1106 1208 alium
1136 1167 1243 1208 alius
1263 1167 1371 1208 idem
1393 1183 1536 1209 omnes
1555 1168 1776 1209 adfirman-

362 1232 424 1266 tes
443 1224 678 1275 veniebant,
701 1224 869 1266 tandem
900 1224 1013 1266 facta
1031 1224 1161 1272 fides;
1193 1232 1249 1274 et,
1271 1224 1514 1280 priusquam
1547 1225 1773 1282 adpropin-

359 1297 491 1338 quare
513 1281 607 1322 urbi
639 1281 736 1322 satis
757 1281 923 1331 scirent,
944 1280 999 1322 ad
1020 1280 1303 1338 spectaculum
1324 1296 1480 1331 omnes,
1501 1281 1625 1323 simul
1658 1282 1774 1323 liberi

359 1354 409 1379 ac
443 1338 566 1387 servi,
596 1338 715 1394 pueri
751 1353 923 1394 quoque
958 1353 1052 1379 cum
1088 1337 1267 1387 feminis,
1296 1338 1583 1380 effunduntur.
1628 1338 1774 1394 itaque

358 1395 594 1436 clauserant
623 1403 789 1451 portam
818 1395 970 1445 turbae,
1000 1394 1143 1436 ⁸⁷dum
1174 1410 1251 1451 pro
1282 1410 1324 1436 se
1354 1395 1549 1450 quisque,
1580 1395 1657 1436 nisi
1687 1395 1776 1451 ipse

359 1452 491 1493 oculis
521 1452 607 1493 suis
636 1451 891 1502 credidisset,
913 1451 985 1492 vix
1006 1467 1083 1507 pro
1111 1460 1325 1508 comperta
1353 1460 1512 1493 tantam
1543 1467 1628 1492 rem
1660 1452 1777 1493 habi-

360 1518 483 1550 turus
503 1508 729 1550 videretur.
790 1509 923 1563 AEgre
944 1509 1238 1550 submoventes
1256 1509 1401 1550 obvios
1421 1508 1575 1550 intrare
1595 1517 1775 1564 portam.

361 1566 436 1621 qui
476 1564 740 1607 adducebant
783 1565 1154 1622 Philopoemenem,
1196 1574 1441 1621 potuerunt,
1483 1573 1612 1621 atque
1652 1566 1778 1607 turba

360 1623 549 1664 conferta
566 1623 647 1664 iter
666 1622 878 1678 reliquum
907 1622 1123 1664 clauserat.
1155 1631 1212 1671 et,
1233 1637 1365 1678 quum
1391 1637 1487 1678 pars
1507 1622 1689 1663 maxima
1707 1637 1777 1664 ex-

361 1679 477 1720 clusa
505 1694 531 1720 a
559 1680 797 1734 spectaculo
827 1687 947 1730 esset,
976 1679 1188 1720 theatrum
1219 1688 1402 1735 repente,
1428 1679 1544 1734 quod
1576 1680 1654 1720 viae
1683 1694 1777 1735 pro-

362 1735 569 1792 pinquum
591 1744 693 1785 erat,
715 1736 1043 1792 compleverunt,
1065 1744 1121 1786 et,
1144 1745 1190 1777 ut
1213 1751 1261 1776 eo
1281 1736 1323 1776 in
1343 1743 1611 1791 conspectum
1631 1736 1776 1792 populi

362 1792 657 1842 adduceretur,
681 1808 765 1833 una
785 1808 884 1834 voce
912 1807 1054 1833 omnes
1084 1792 1374 1848 exposcebant.
1437 1792 1715 1846 Magistratus
1735 1802 1776 1835 et

362 1849 584 1904 principes,
621 1849 757 1900 veriti,
794 1863 845 1890 ne
881 1864 1006 1905 quem
1041 1857 1203 1890 motum
1243 1848 1525 1890 misericordia
1562 1850 1778 1904 praesentis

364 1905 469 1947 tanti
491 1905 569 1946 viri
600 1905 768 1956 faceret,
791 1921 924 1962 quum
946 1905 1047 1947 alios
1068 1905 1317 1947 verecundia
1346 1905 1531 1961 pristinae
1552 1906 1779 1961 majestatis

363 1962 528 2004 conlata
555 1962 750 2018 praesenti
780 1963 976 2012 fortunae,
1005 1962 1106 2004 alios
1135 1962 1367 2004 recordatio
1396 1962 1630 2018 ingentium
1660 1963 1780 2005 meri-

365 2027 505 2060 torum
534 2027 702 2061 motura
731 2028 851 2070 esset,
883 2019 1029 2076 procul
1064 2020 1107 2060 in
1141 2027 1363 2075 conspectu
1396 2035 1491 2060 eum
1527 2027 1778 2061 statuerunt.

364 2075 517 2117 deinde
537 2076 689 2139 raptim
710 2092 761 2118 ex
782 2077 913 2118 oculis
933 2076 1149 2118 hominum
1175 2076 1484 2127 abstraxerunt,
1506 2083 1684 2133 praetore
1706 2076 1781 2117 Di-

365 2141 532 2174 nocrate
553 2133 731 2183 d1cente‚-
753 2149 854 2183 esse,
876 2149 973 2190 quae
999 2133 1250 2189 pertinentia
1270 2133 1322 2174 ad
1345 2148 1548 2174 summam
1570 2133 1666 2174 belli
1688 2148 1779 2188 per-

365 2189 551 2230 cunctari
591 2204 688 2231 eum
727 2190 997 2247 magistratus
1030 2190 1195 2232 vellent.
1255 2189 1404 2231 ⁸⁸1nde
1438 2190 1622 2232 abducto
1655 2204 1704 2230 eo
1738 2189 1780 2231 in

367 2246 540 2295 curiam,
562 2255 602 2287 et
625 2255 770 2288 senatu
793 2255 953 2297 vocato,
975 2247 1199 2289 consultari
1221 2256 1420 2304 coeptum.

427 2303 476 2344 L.
509 2304 607 2343 Jam
638 2303 1010 2360 invesperascebat‚
1041 2313 1082 2346 et
1112 2319 1193 2345 non
1225 2303 1350 2344 modo
1378 2313 1528 2352 cetera,
1557 2302 1627 2343 sed
1659 2317 1709 2343 nc
1740 2302 1780 2343 in

368 2361 600 2417 proximam
626 2360 798 2416 quidem
819 2371 981 2402 noctem
1005 2361 1076 2402 ubi
1099 2361 1198 2402 satis
1228 2369 1322 2402 tuto
1342 2358 1637 2408 custodiretur,
1659 2374 1782 2415 expe-

369 2416 554 2459 diebant.
615 2417 934 2473 Obstupueram
954 2417 1008 2458 ad
1030 2416 1361 2474 magnitudinem
1382 2415 1566 2472 pristina:
1587 2416 1678 2471 ejus
1697 2416 1783 2457 for·-

922 2508 934 2526 ³
950 2513 1066 2546 captum
1082 2505 1143 2538 del.
1159 2506 1257 2537 Gron-

413 2588 455 2618 86
494 2586 730 2625 Philopffmeuem
772 2592 891 2625 captum
927 2586 1051 2626 adduci]
1098 2585 1167 2616 Nisi
1213 2585 1280 2616 loco
1323 2586 1362 2615 τῦ
1413 2585 1481 2613 dum
1526 2583 1691 2626 legendum
1737 2590 1784 2616 est

372 2630 423 2661 Sic
453 2629 644 2659 Oxonienses
678 2627 805 2657 llearnii
832 2627 923 2658 codd.
952 2628 995 2658 sic
1024 2634 1053 2658 et
1098 2640 1198 2669 quum.

374 2678 474 2703 noster
493 2673 575 2703 vict.
595 2677 625 2701 et
641 2670 772 2701 Andrcae
785 2669 889 2701 editio.
934 2671 1054 2701 Grono-
1142 2671 1182 2701 88
1208 2669 1280 2699 Inde
1301 2671 1424 2699 abducto
1445 2669 1491 2710 m]
1536 2669 1679 2700 Testatur
1702 2670 1780 2700 (iro-

375 2717 474 2746 vianae
489 2715 639 2746 editiones
652 2713 796 2743 omittunt
811 2713 845 2743 τὸ
856 2718 988 2752 euplum.
1101 2712 1208 2743 novius
1231 2711 1322 2742 nullis
1339 2712 1368 2742 in
1387 2711 1572 2743 membranis
1592 2722 1691 2753 neque
1706 2715 1783 2743 vett.

418 2759 458 2788 87
487 2758 564 2787 Dum
587 2768 640 2796 pro
661 2768 689 2786 se
711 2757 828 2797 quisque
853 2779 861 2786 .
884 2779 892 2786 .
915 2777 923 2785 .
947 2758 1054 2785 videre·
1101 2755 1192 2785 editis
1215 2761 1333 2786 exstare
1358 2760 1410 2785 aut
1437 2757 1514 2790 inde,
1538 2759 1592 2785 aut
1613 2767 1653 2785 σο.
1700 2753 1782 2785 Vict.

377 2802 443 2841 tur]
505 2802 609 2837 Magis
652 2800 797 2841 placeict.
845 2801 977 2829 ridetur:
1022 2808 1057 2828 ac
1101 2809 1224 2838 quoque
1248 2797 1322 2828 liber
1347 2798 1425 2828 duas
1447 2797 1515 2829 illas
1539 2806 1630 2828 voces
1651 2797 1783 2838 ignorat,

377 2843 426 2874 vix
455 2843 631 2874 dubitamus
666 2842 708 2873 sic
739 2841 892 2883 scripsisse
927 2840 1058 2873 Livium.
1103 2841 1213 2882 quibus
1229 2851 1302 2872 sanc
1320 2841 1410 2873 facile
1427 2851 1528 2873 carcre
1543 2845 1640 2883 potest
1654 2839 1761 2871 oratio.
