1947 3222
602 150 633 186 L
651 150 722 186 [Β.
753 148 910 186 XXXI.
957 150 1031 184 CA
1048 149 1090 185 P.
1121 149 1172 185 II.
1538 154 1560 185 3

140 261 272 301 ferme
312 267 407 301 ante
440 258 572 308 annis,
610 257 787 299 triennio
827 257 944 314 prius
981 256 1218 313 depositum
1256 266 1358 308 erat,
1395 258 1558 315 6quum
1575 275 1615 306 U.
1629 275 1666 306 C.
1679 275 1753 306 551.

141 317 274 358 sEtoli
310 326 350 358 et
383 315 480 357 belli
516 324 558 357 et
593 315 706 371 pacis
741 314 918 356 fuissent
955 330 1111 355 caussae
1126 319 1151 353 ⁰.
1210 314 1374 355 Vacuos
1410 315 1560 357 deinde
1573 318 1662 348 A.C.
1677 318 1753 349 201.

141 390 241 431 pace
274 372 432 414 Punica
455 373 543 429 jani
576 373 789 413 Romanos
820 380 860 413 et
891 372 1073 412 infensos
1106 369 1320 426 Philippo,
1343 388 1476 427 quum
1506 374 1560 415 ob

140 431 310 472 infidam
345 429 545 470 adversus
582 429 748 470 AEtolos
778 429 965 484 aliosque
997 427 1178 483 regionis
1208 428 1396 483 ejusdem
1433 430 1561 471 soc-ios

140 502 297 543 pacem,
321 494 411 527 tum
434 487 487 527 ob
509 486 666 527 auxilia
686 501 781 526 cum
811 486 988 541 pecunia
1007 500 1142 540 nuper
1162 484 1205 524 in
1226 484 1417 525 Africam
1438 487 1563 527 inissa

142 543 371 584 Hannibali
402 543 644 599 Poenisque,
671 558 814 598 preces
840 541 1179 589 Atheniensium,
1204 556 1310 597 quos
1340 557 1440 597 agro
1470 557 1563 598 per-

138 608 300 642 vastato
329 601 372 641 in
405 600 550 641 urbem
583 599 855 655 compulerat,
878 599 1167 640 excitaverunt
1197 597 1251 639 ad
1276 599 1561 641 renovandum

136 657 306 698 bellum.
1451 663 1454 669 “

197 714 260 755 ΙΙ.
296 714 384 755 Sub
414 713 524 755 idem
555 715 642 755 fere
673 721 841 770 teinpus
863 721 902 754 et
929 713 981 754 ab
1004 713 1155 755 Attalo
1185 728 1296 768 rege,
1319 720 1360 754 et
1383 713 1563 754 Rhodiis
1577 721 1720 768 Querelae
1737 721 1776 752 de

137 771 263 827 legati
294 780 513 821 venerunt,
549 770 808 820 nunciantes,
842 770 958 811 Asiae
992 785 1164 826 quoque
1194 769 1383 811 civitates
1417 770 1564 811 sollici·
1580 763 1732 805 Pkuhppo.

137 828 230 869 tari.
293 828 375 869 His
406 827 686 884 legationibus
717 842 959 883 responsum
993 835 1070 876 est,
1098 841 1211 867 curae
1242 827 1445 867 Asianam
1476 843 1564 868 rem

138 885 299 927 senatui
330 885 431 925 fore.
495 884 760 925 Consultatio
785 884 838 924 de
870 882 1146 924 Macedonico
1175 883 1286 924 bello
1317 883 1480 940 integra
1509 885 1564 925 ad

131 942 342 991 consules,
370 941 444 997 qui
477 949 577 982 tunc
598 940 661 980 7in
693 939 841 996 proelio
872 955 968 980 cum
996 939 1111 980 Boiis
1141 947 1274 990 erant,
1305 941 1458 996 rejecta
1488 949 1562 982 est.

141 999 316 1040 Interim
338 998 414 1038 8ad
437 997 710 1038 Ptolemaeum
737 997 919 1053 ngypti
941 1011 1082 1052 regem
1105 995 1231 1052 legati
1254 1004 1338 1038 tres
1360 997 1488 1047 missi,
1514 999 1562 1038 C.
1578 1004 1687 1046 Legati
1700 1005 1731 1035 in

141 1055 345 1097 Claudius
368 1055 495 1104 Nero,
522 1054 610 1094 ⁹M.
635 1053 835 1094 AEmilius
868 1053 1073 1109 Lepidus,
1105 1054 1152 1094 P.
1180 1053 1449 1110 Sempronius
1473 1050 1762 1095 Tu„.³n'gy;›tum.

136 1112 330 1153 ditanus:
365 1120 412 1152 ut
434 1119 475 1152 et
496 1110 799 1151 adnunciarent
820 1110 980 1152 victum
1002 1109 1285 1151 Hannibalem
1308 1112 1561 1167 Poenosque,

137 1176 180 1209 et
208 1168 364 1223 gratias
394 1176 565 1223 agerent
596 1168 700 1224 regi,
723 1167 879 1223 1s’quod
906 1167 946 1208 in
973 1167 1099 1209 rebus
1130 1167 1286 1218 dubiis,
1308 1183 1442 1223 quum
1473 1168 1563 1209 fini-

137 1225 228 1266 timi
258 1226 381 1266 etiam
415 1225 514 1265 socii
547 1226 760 1265 Romanos
791 1224 1042 1275 desererent,
1064 1224 1107 1264 in
1132 1224 1215 1265 fide
1244 1225 1487 1273 mansisset;
1521 1234 1560 1267 et

137 1290 341 1338 peterent,
376 1290 437 1332 ut,
471 1281 503 1322 si
535 1282 666 1323 coacti
701 1281 867 1338 injuriis
895 1281 1054 1323 bellum
1085 1281 1286 1322 adversus
1315 1281 1561 1339 Philippum

136 1338 427 1395 suscepissent,
462 1339 686 1395 pristinum
721 1338 906 1379 animum
943 1354 1043 1395 erga
1077 1338 1283 1395 populum
1322 1339 1559 1380 Romanum

670 1453 684 1470 e
699 1461 801 1481 caussa
817 1450 917 1482 Gron.
934 1450 1026 1481 Crev.

873 1550 944 1575 ante
967 1545 1032 1576 vita
1054 1545 1179 1580 cedens,
1198 1555 1279 1575 anno
1295 1556 1324 1575 u.
1345 1555 1370 1575 c.
1387 1546 1460 1576 548.
1477 1556 1505 1576 a.
1523 1547 1561 1577 C.

871 1588 946 1618 204.
980 1587 1177 1628 quadrimum
1214 1587 1389 1628 reliquerat.
1448 1589 1561 1630 Itaque

872 1629 919 1659 hae
943 1630 1111 1670 gratiarum
1137 1629 1273 1661 actiones
1295 1641 1364 1671 quae
1380 1637 1560 1671 sequuntur,

872 1682 934 1702 non
959 1679 1088 1715 possunt
1114 1673 1220 1704 referri
1248 1673 1289 1704 ad
1315 1673 1417 1704 officia
1445 1685 1464 1705 a
1490 1684 1561 1716 rege

133 1556 207 1583 pum
229 1546 323 1574 decem
338 1546 438 1586 ferme
460 1552 528 1575 ante
551 1546 652 1586 amus]
687 1545 747 1575 Hic
769 1544 827 1574 ini-

137 1587 212 1616 tium
240 1587 326 1617 (lucit
351 1587 442 1628 hujus
464 1587 540 1617 belli
558 1588 666 1618 Livius
689 1588 728 1617 ab
753 1587 830 1618 inita

137 1639 209 1659 cum
242 1630 355 1660 AEtolis
386 1630 544 1665 societate,
578 1641 658 1661 anno
688 1631 762 1660 541.
791 1629 829 1660 de

138 1681 202 1712 qua
214 1672 316 1702 videl.
330 1674 457 1704 XXVI.
470 1684 497 1703 c.
510 1674 571 1703 24:
586 1673 631 1703 At
645 1673 743 1703 tribus
757 1678 829 1702 ante

139 1714 228 1745 annis
251 1721 369 1745 motum
394 1715 505 1752 fuerat,
535 1721 567 1745 ut
595 1721 716 1747 constat
742 1725 781 1746 ex
805 1714 827 1745 l.

136 1757 263 1788 XXIV.
282 1769 309 1788 c.
327 1759 380 1788 40.

179 1801 200 1830 6
225 1801 325 1834 Quum
349 1801 441 1831 AEtoli
461 1823 468 1831 .
484 1821 492 1830 .
509 1822 517 1829 .
533 1801 601 1831 belli
624 1823 632 1830 .
650 1825 657 1831 .
673 1823 681 1831 .
695 1801 828 1844 fitissent

137 1844 241 1884 causa]
281 1843 399 1874 Initum
433 1843 579 1886 Philippo
616 1851 686 1874 cum
728 1843 825 1874 Anni-

137 1886 210 1917 bale
244 1886 359 1922 foedus,
391 1886 430 1917 de
459 1897 521 1927 quo
559 1886 623 1927 egit
657 1886 776 1924 Livius,
805 1887 826 1917 1.

138 1929 271 1960 XXIII.
300 1940 328 1960 c.
364 1931 416 1961 33.
453 1930 556 1971 coegit
590 1930 750 1960 Romanos
787 1929 826 1961 de

137 1971 219 2003 bello
234 1972 466 2003 Macedonibus
488 1972 647 2003 inferendo
670 1973 824 2014 cogitare:

138 2024 210 2046 mox
232 2015 327 2056 legati
351 2017 389 2046 ab
415 2015 510 2047 Orico
533 2016 717 2047 nunciantes
737 2026 826 2046 suam

138 2058 246 2088 urbem
273 2064 396 2100 captam
425 2069 502 2095 esse,
530 2059 732 2100 Apolloniam
757 2064 826 2089 ten-

137 2100 208 2137 tari,
222 2101 411 2142 impulerunt
434 2101 606 2138 Laevinuin,
623 2108 658 2132 ut
679 2102 712 2132 in
737 2102 826 2133 Grae-

137 2143 218 2174 ciam
249 2143 413 2185 trajiceret.
463 2145 525 2175 Sed
554 2144 677 2185 segnius
706 2144 824 2175 bellum

138 2191 259 2226 gestum
282 2192 338 2223 est,
356 2187 454 2218 donec
477 2187 555 2218 inita
577 2192 624 2218 est
646 2198 717 2219 cum
732 2189 823 2219 AEto—

138 2229 177 2259 lis
203 2230 345 2261 societas.
389 2230 523 2261 *Iidem
552 2230 653 2261 AEtoli
678 2236 708 2261 et
737 2231 824 2273 pacis

136 2282 232 2303 causa
253 2273 386 2308 fuerant,
404 2273 488 2314 quia,
502 2273 682 2304 absentibus
705 2274 823 2305 Roma-

132 2314 196 2352 nis,
222 2326 333 2358 pacem
358 2326 412 2358 per
440 2327 472 2347 se
499 2316 557 2358 ipsi
582 2327 654 2347 cum
678 2315 824 2359 Philippo

136 2358 336 2400 pepigerant:
372 2360 455 2390 unde
487 2360 641 2391 Romanis
674 2360 824 2400 quodam-

137 2401 229 2432 modo
256 2412 382 2433 neccsse
412 2402 471 2433 fuit
500 2403 540 2433 ad
564 2412 672 2444 pacem
701 2413 824 2443 quoque

139 2444 258 2475 animos
279 2445 440 2477 inclinare.
486 2445 562 2476 vid.
584 2456 676 2488 supra
698 2447 825 2477 XXIX.

146 2489 196 2518 12.

179 2531 198 2560 7
224 2529 261 2560 Ῑη
285 2532 392 2570 proelio
418 2543 485 2562 cum
512 2531 592 2561 Boiis
615 2531 714 2572 erant]
756 2532 826 2562 Hoc

142 2577 319 2614 corruptum
356 2580 413 2605 est.
470 2574 585 2615 Neque
617 2573 700 2605 enim
729 2572 828 2605 'ambo

142 2616 284 2646 consules
312 2616 345 2646 in
374 2616 522 2648 Boiorum
549 2627 621 2658 agro
649 2621 747 2653 erant,
773 2617 828 2648 sed

142 2657 220 2688 alter
248 2663 382 2695 tantum,
418 2660 459 2690 P.
487 2660 603 2690 AElius.
654 2662 728 2690 «Iam
758 2671 829 2691 vero

141 2699 216 2740 quid
239 2699 296 2731 sibi
320 2702 395 2738 vult,
425 2704 457 2733 in
478 2704 582 2742 praelio
604 2704 710 2732 erant?
753 2703 827 2734 Alb.

144 2742 309 2774 Rubenius
331 2755 369 2775 ex
386 2745 521 2787 vestigiis
536 2746 633 2776 MSS.
647 2750 728 2776 recte
746 2745 828 2777 vide-

139 2790 190 2815 tur
206 2786 387 2818 emendare:
413 2790 444 2818 in
454 2790 611 2828 provinciis
625 2795 722 2819 erant.

183 2828 202 2858 8
239 2829 285 2859 Ad
321 2831 516 2861 Ptolemaeum
554 2831 679 2874 AEgypzi
714 2831 825 2872 regem]

138 2871 229 2900 Tunc
256 2873 406 2912 regnabat
425 2873 457 2903 in
476 2875 617 2915 AEgypto
639 2873 829 2905 Ptolemaeus

138 2913 334 2955 Epiphanes.
373 2926 464 2956 quem
501 2922 588 2957 pater
625 2915 829 2956 quadriennio

871 1725 965 1756 puero
988 1716 1104 1747 collata
1126 1716 1159 1746 in
1179 1716 1353 1751 Romanos,
1377 1727 1449 1757 quae
1463 1718 1561 1755 ‘nulla

871 1764 969 1795 erant,
993 1759 1046 1789 sed
1071 1759 1111 1789 ad
1138 1758 1205 1800 ejus
1231 1764 1349 1800 patrem
1374 1764 1406 1789 et
1430 1771 1559 1801 regnum

872 1801 1016 1844 AEgypti.
1056 1801 1128 1833 Vid.
1145 1807 1208 1832 not.
1226 1803 1276 1833 10.
1292 1801 1430 1843 proxime
1447 1813 1558 1844 sequu-

871 1849 983 1875 turam.
1036 1845 1143 1876 Aliam
1173 1845 1265 1887 hujus
1292 1845 1455 1885 legationis
1484 1857 1558 1878 cau-

871 1897 939 1918 sam
960 1887 1050 1919 affert
1073 1888 1234 1929 Polybius,
1258 1888 1280 1918 l.
1305 1889 1398 1919 XVI.
1416 1899 1446 1919 n.
1464 1890 1512 1921 19.
1529 1896 1560 1921 et

871 1930 965 1972 legat.
990 1932 1021 1962 4.
1043 1941 1166 1973 nempe,
1183 1937 1217 1962 ut
1238 1931 1408 1962 Ptolemaeo
1429 1932 1558 1964 liberam

870 1979 901 2004 et
924 1983 1061 2005 securam
1083 1974 1123 2004 ab
1147 1973 1296 2004 aviditate
1317 1985 1423 2015 regum
1445 1975 1557 2006 Antio-

871 2016 921 2046 chi
944 2022 974 2047 et
997 2016 1135 2059 Philippi
1159 2016 1238 2058 (vid.
1256 2017 1337 2048 infra
1351 2027 1378 2047 c.
1397 2018 1463 2058 14.)
1487 2029 1557 2060 pos-

870 2060 1038 2091 sessionem
1073 2059 1207 2101 AEgypti
1234 2066 1402 2095 servarent,
1433 2071 1557 2103 pacem-

870 2112 930 2143 que
946 2103 1024 2134 inter
1041 2113 1092 2134 eos
1107 2109 1337 2145 componerent.
1382 2102 1473 2134 Idem
1497 2109 1558 2135 tes·

869 2150 952 2176 tatur
968 2154 999 2177 et
1014 2145 1167 2182 Justinus,
1183 2146 1204 2176 l.
1221 2147 1330 2177 XXX.

911 2190 930 2220 9
956 2189 1001 2219 M.
1023 2190 1162 2220 AEmz'lius
1184 2189 1326 2229 Lepidus]
1374 2188 1437 2220 Hic
1463 2188 1556 2220 etiam

869 2236 951 2263 tutor
979 2232 1141 2263 Ptolemaei
1170 2232 1343 2273 Epiphanis
1369 2232 1439 2268 fuit,
1469 2232 1555 2263 testi-

868 2274 926 2305 bus
949 2275 1085 2311 Justino,
1109 2277 1130 2306 l.
1152 2276 1261 2306 XXX.
1277 2280 1309 2306 et
1323 2275 1396 2306 Val.
1420 2276 1509 2307 Max.
1534 2275 1556 2306 l.

868 2318 928 2348 VI.
952 2328 979 2348 c.
1003 2320 1031 2349 6.
1079 2318 1118 2349 Id
1143 2323 1248 2349 tamen
1273 2318 1500 2349 observandum
1524 2317 1555 2348 in

868 2360 1007 2396 Valerio,
1038 2362 1125 2392 illum
1160 2361 1237 2392 falso
1267 2360 1435 2392 credidisse
1462 2361 1555 2403 Lepi-

869 2402 941 2434 dum
964 2404 1022 2435 hoc
1043 2415 1170 2435 munere
1195 2405 1335 2434 functum
1359 2414 1435 2439 esse,
1459 2415 1555 2446 quum

864 2445 931 2486 jam
946 2457 1085 2478 summus
1107 2452 1186 2478 esset
1210 2448 1359 2488 pontifex,
1377 2453 1406 2477 et
1422 2447 1468 2478 bis
1483 2458 1556 2478 con-

869 2489 918 2519 sul
941 2489 1058 2526 fuisset,
1083 2489 1136 2531 qui
1161 2489 1285 2530 juvenis
1312 2489 1492 2525 admodum,
1521 2496 1554 2519 ut

871 2538 992 2564 constat
1017 2543 1054 2564 ex
1077 2544 1104 2564 c.
1130 2534 1179 2564 18.
1205 2532 1296 2569 infra,
1319 2533 1400 2563 hanc
1424 2533 1554 2563 tutelam

871 2575 976 2615 gessit.

917 2619 956 2648 lO
982 2618 1066 2652 Quod
1087 2639 1094 2648 .
1114 2641 1121 2648 .
1137 2641 1144 2648 .
1165 2619 1196 2648 in
1210 2618 1280 2658 ⁸fide¹
1299 2618 1460 2658 mansisset]
1493 2618 1555 2655 Po-

872 2659 984 2700 lybius,
1015 2661 1124 2701 Legat.
1153 2662 1183 2692 2.
1213 2661 1303 2692 docet
1331 2661 1492 2691 Romanos
1523 2660 1555 2690 in

873 2714 994 2734 summa
1029 2703 1176 2734 frumenti
1203 2703 1317 2745 inopia,
1347 2708 1416 2744 post
1451 2713 1554 2733 acces-

873 2757 952 2783 sum,
979 2751 1013 2776 ut
1040 2745 1162 2776 videtur
1188 2746 1363 2779 verisimile,
1390 2745 1556 2776 Annibalis

872 2789 911 2819 ad
935 2789 1054 2824 urbem,
1069 2789 1238 2820 subsidium
1263 2799 1281 2819 a
1297 2789 1466 2819 Ptolemaeo
1481 2789 1555 2820 Phi-

871 2832 1020 2874 lopatore,
1046 2837 1196 2874 tanquam
1221 2832 1260 2862 ab
1291 2830 1374 2862 socio
1399 2836 1430 2862 et
1456 2832 1555 2863 amico

873 2885 955 2917 rege,
971 2873 1107 2917 petiisse.
1428 2885 1431 2889 ·
1505 2886 1508 2890 ·

957 2961 1025 2998 1³2
