1947 3222
552 107 676 144 LIB.
705 105 874 144 XXXV.
922 107 1002 143 CA
1017 106 1057 143 P.
1089 106 1155 143 LI.
1489 110 1563 144 233

156 215 280 266 bello,
301 225 374 257 aut
404 215 465 257 ita
483 214 713 263 commisso,
735 220 783 254 ut
804 213 970 255 strictos
993 213 1167 269 gladios,
1190 213 1300 255 ⁰³aut
1324 215 1565 269 sanguinem
1580 228 1617 258 U.
1631 227 1667 258 C.
1682 227 1755 257 500.

157 288 335 327 usquam
356 272 513 313 factum
534 270 761 319 audissent,
776 284 910 325 quum
930 285 1004 325 per
1025 284 1224 325 magnum
1245 270 1378 311 otium
1399 271 1564 324 milites,
1581 271 1618 301 Λ·
1632 270 1668 302 C·
1686 270 1756 300 ¹92·

157 328 226 369 alii
248 329 300 370 ad
323 327 601 384 spectaculum
624 325 768 382 templi
798 326 967 383 lucique
998 326 1119 376 versi,
1141 325 1210 366 alii
1240 325 1282 366 in
1312 326 1431 367 litore
1461 329 1566 369 iner-

155 401 241 426 mcs
262 393 528 441 vagarentur,
550 398 702 439 magna
721 398 817 439 pars
838 399 912 440 per
933 399 1054 439 agros
1075 382 1279 439 lignatum
1302 383 1567 437 pabulatum-

155 458 238 497 que
271 442 429 496 dilapsa
463 448 594 488 esset;
641 449 810 496 repente
846 440 1090 503 Menippus,
1121 439 1281 494 palatos
1311 440 1463 494 passim
1497 441 1568 481 ad-

153 514 333 554 gressus,
354 497 461 538 6“eos
482 497 646 547 cecidit,
668 496 722 537 ad
744 498 1052 553 quinquaginta
1077 496 1193 537 vivos
1213 495 1336 551 cepit.
1368 497 1566 551 perpauci

155 555 407 610 effugerunt,
428 553 471 594 in
491 553 646 610 quibus
669 553 819 595 Mictio
846 569 976 610 parva
1003 553 1191 594 oneraria
1219 567 1324 593 nave
1354 561 1565 608 exceptus.

157 613 222 652 Ea
255 626 319 651 res
355 610 551 660 Quinctio
588 611 888 665 Romanisque,
925 610 1030 651 sicut
1061 611 1230 666 jactura
1263 609 1447 650 militum
1482 625 1568 650 mo-

155 667 272 717 lesta,
293 667 353 708 ita
382 667 436 707 ad
461 668 533 723 jus
553 667 758 708 inferendi
790 667 1003 708 Antiocho
1032 666 1130 707 belli
1158 666 1356 722 adjecisse
1380 665 1569 722 aliquan-

157 732 246 764 tum
275 723 510 765 videbatur.
572 724 825 773 Antiochus,
851 724 1021 765 admoto
1050 723 1104 764 ad
1135 722 1336 764 Aulidem
1366 722 1567 773 exercitu,

153 795 287 835 quum
308 795 454 821 rursus
475 790 672 831 oratores,
694 781 848 836 partim
870 796 920 821 ex
943 781 1042 831 suis,
1064 780 1218 836 partim
1240 779 1421 829 AEtolos,
1446 779 1569 821 Chal·
1581 790 1767 822 Chalciden-

153 836 288 877 cidem
318 836 509 888 misisset,
531 838 606 893 qui
636 838 780 878 eadem
810 837 896 887 illa,
918 852 1015 892 quae
1044 852 1193 892 nuper,
1215 851 1311 877 cum
1331 836 1453 878 minis
1476 852 1569 892 gra-
1581 844 1628 864 ses
1643 833 1753 865 Antio-

152 892 338 934 vioribus
359 903 543 949 agerent,
565 894 852 950 nequidquam
872 902 1017 935 contra
1038 893 1242 934 Mictione
1262 901 1303 934 et
1334 893 1568 935 Xenoclide
1580 876 1755 962 {2233ss

153 950 436 1001 tendentibus,
467 951 588 992 facile
618 951 768 1000 tenuit,
801 960 849 991 ut
878 958 1012 1006 portae
1042 949 1119 990 sibi
1148 950 1422 1005 aperirentur.
1484 950 1567 1000 Qui

154 1007 357 1048 Romanae
391 1008 522 1062 partis
556 1017 690 1058 erant,
724 1007 802 1048 sub
837 1007 1064 1048 adventum
1101 1006 1210 1061 regis
1244 1006 1348 1047 urbe
1384 1022 1566 1048 excesse-

151 1072 263 1104 runt.
324 1064 580 1105 Achaeorum
614 1072 655 1104 et
691 1064 895 1104 Eumenis
928 1063 1079 1104 milites
1117 1062 1319 1118 Salganea
1353 1064 1563 1105 tenebant.

154 1121 213 1160 Et
253 1121 295 1161 in
336 1120 500 1175 Euripo
540 1120 756 1162 castellum
798 1119 978 1161 Romani
1018 1119 1170 1160 milites
1204 1120 1328 1175 pauci
1363 1120 1565 1162 custodiae

152 1191 296 1217 caussa
326 1176 405 1217 loci
439 1177 787 1218 communiebant.
855 1176 1057 1232 Salganea
1090 1177 1336 1232 Menippus,
1368 1192 1443 1217 rex
1478 1176 1565 1233 ipse

152 1233 364 1274 castellum
389 1233 542 1289 Euripi
563 1234 807 1289 obpugnare
837 1242 898 1274 est
919 1233 1103 1274 adortus.
1167 1233 1331 1274 Priores
1354 1234 1502 1274 Achaei
1525 1243 1565 1276 et

152 1289 354 1330 Eumenis
375 1290 527 1332 milites
548 1292 674 1346 pacti,
697 1299 743 1332 ut
776 1290 860 1332 sine
882 1289 1031 1330 fraude
1061 1290 1202 1331 liceret
1223 1289 1350 1341 abire,
1373 1291 1568 1346 praesidio

151 1358 428 1388 excesserunt.
450 1348 706 1403 pertinacius
727 1348 908 1388 Romani
928 1346 1182 1403 “Euripum
1204 1347 1444 1388 tuebantur.
1507 1349 1569 1389 Hi

151 1418 324 1459 quoque
352 1412 506 1454 tamen,
543 1420 678 1460 quum
710 1413 820 1446 terra
851 1403 1040 1459 marique
1072 1403 1378 1454 obsiderentur,
1411 1413 1452 1446 et
1479 1405 1569 1461 jam

151 1460 362 1501 machinas
391 1468 684 1516 tormentaque
713 1460 964 1517 comportari
991 1459 1195 1510 viderent,
1223 1475 1306 1501 non
1334 1461 1467 1502 tulere
1497 1463 1569 1502 ob-

151 1516 363 1557 sidionem.
427 1518 568 1567 Quum
588 1518 648 1567 id,
671 1518 786 1573 quod
816 1525 943 1573 caput
974 1525 1061 1558 erat
1084 1517 1275 1565 Euboeae,
1298 1525 1456 1560 teneret
1477 1533 1567 1568 rex,

149 1587 201 1613 ne
231 1582 377 1614 ceterae
408 1574 581 1629 quidem
607 1575 699 1630 ejus
728 1574 876 1616 insulae
906 1573 1031 1614 urbes
1061 1573 1283 1630 imperium
1314 1574 1565 1616 abnuerunt.

148 1644 384 1686 magnoque
423 1631 629 1687 principio
679 1631 757 1672 sibi
806 1646 925 1672 orsus
963 1629 1121 1671 bellum
1170 1630 1408 1680 videbatur,
1449 1631 1566 1687 quod

150 1694 267 1727 tanta
285 1687 422 1729 insula
446 1696 487 1729 et
517 1696 580 1729 tot
610 1696 860 1744 opportunae
890 1687 1014 1729 urbes
1043 1687 1087 1728 in
1119 1702 1237 1728 suam
1266 1687 1467 1729 ditionem
1497 1703 1566 1729 ve-

149 1743 318 1785 nissent.

191 1857 332 1887 63‘Aut
356 1860 528 1899 sanguinem
554 1879 562 1888 .
590 1858 752 1901 .faclum]
783 1858 834 1890 Sic
878 1867 961 1889 mere
997 1857 1128 1889 voluisse
1164 1867 1326 1889 numerum
1369 1868 1474 1889 eorum
1510 1859 1564 1900 qui

151 1899 171 1928 l.
190 1899 235 1928 ΙΙ.
251 1909 278 1930 c.
292 1901 344 1931 30.
364 1901 435 1931 Plus
448 1903 602 1943 sanguinis
616 1924 625 1932 .
641 1925 648 1932 .
665 1901 813 1943 .factu.m.
879 1900 950 1933 caesi
963 1905 1051 1931 sunt.

192 1942 233 1971 64
259 1942 313 1973 Eos
328 1943 448 1984 cecidit]
473 1945 512 1974 In
534 1955 608 1974 voce
632 1956 674 1975 eos
696 1944 832 1986 suspica·
921 1946 961 1976 65
999 1943 1163 1984 Euripum]
1209 1943 1355 1985 Intellige
1398 1944 1562 1976 castellum

150 1993 218 2014 mur
232 1984 327 2015 latere
340 1986 507 2018 mendum.-
531 1993 563 2018 et
584 1987 708 2018 Livium
731 1987 832 2030 expri-
877 1986 996 2029 Euripi,
1012 1986 1096 2028 quod
1108 1986 1200 2017 modo
1214 1987 1404 2018 nominatum
1420 1994 1475 2019 est.
