<?xml version="1.0" encoding="UTF-8"?>
<!DOCTYPE html PUBLIC "-//W3C//DTD XHTML 1.0 Transitional//EN"
    "http://www.w3.org/TR/xhtml1/DTD/xhtml1-transitional.dtd">
<html xmlns="http://www.w3.org/1999/xhtml" xml:lang="en" lang="en">
 <head>
  <title>
</title>
<meta http-equiv="Content-Type" content="text/html;charset=utf-8" />
  <meta name='ocr-system' content='tesseract 3.04.00' />
  <meta name='ocr-capabilities' content='ocr_page ocr_carea ocr_par ocr_line ocrx_word'/>
</head>
<body>
  <div class='ocr_page' id='page_1' title='image "./historiarumaburb03livyuoft_0081.png"; bbox 0 0 1947 3222; ppageno 0'>
   <div class='ocr_carea' id='block_1_1' title="bbox 563 58 1609 136">
    <p class='ocr_par' dir='ltr' id='par_1_1' title="bbox 563 58 1609 136">
     <span class='ocr_line' id='line_1_1' title="bbox 563 58 1609 136; baseline 0 -6"><span class='ocrx_word' id='word_1_1' title='bbox 563 92 690 130; x_wconf 86' lang='lat' dir='ltr'>LIB.</span> <span class='ocrx_word' id='word_1_2' title='bbox 717 89 897 134; x_wconf 88' lang='lat' dir='ltr'>XXXII.</span> <span class='ocrx_word' id='word_1_3' title='bbox 935 90 1066 129; x_wconf 84' lang='lat' dir='ltr'>CAP.</span> <span class='ocrx_word' id='word_1_4' title='bbox 1099 91 1267 130; x_wconf 84' lang='lat' dir='ltr'>XXIII.</span> <span class='ocrx_word' id='word_1_5' title='bbox 1564 58 1609 136; x_wconf 76' lang='lat' dir='ltr'>7I</span> 
     </span>
    </p>
   </div>
   <div class='ocr_carea' id='block_1_2' title="bbox 171 197 1808 2240">
    <p class='ocr_par' dir='ltr' id='par_1_2' title="bbox 194 197 1803 369">
     <span class='ocr_line' id='line_1_2' title="bbox 195 197 1799 258; baseline 0.001 -16"><span class='ocrx_word' id='word_1_6' title='bbox 195 197 327 254; x_wconf 85' lang='lat' dir='ltr'><strong>ipsam</strong></span> <span class='ocrx_word' id='word_1_7' title='bbox 364 198 560 251; x_wconf 84' lang='lat' dir='ltr'>Quinctio</span> <span class='ocrx_word' id='word_1_8' title='bbox 593 199 877 257; x_wconf 87' lang='lat' dir='ltr'>obpugnante.</span> <span class='ocrx_word' id='word_1_9' title='bbox 938 197 1044 239; x_wconf 81' lang='lat' dir='ltr'>⁹¹-Et</span> <span class='ocrx_word' id='word_1_10' title='bbox 1075 197 1142 239; x_wconf 63' lang='grc' dir='ltr'>111ι</span> <span class='ocrx_word' id='word_1_11' title='bbox 1178 199 1350 254; x_wconf 88' lang='lat' dir='ltr'>quidem</span> <span class='ocrx_word' id='word_1_12' title='bbox 1385 215 1407 241; x_wconf 90' lang='lat' dir='ltr'>e</span> <span class='ocrx_word' id='word_1_13' title='bbox 1442 200 1610 258; x_wconf 84' lang='lat' dir='ltr'>regione</span> <span class='ocrx_word' id='word_1_14' title='bbox 1625 213 1664 245; x_wconf 89' lang='lat' dir='ltr'>U.</span> <span class='ocrx_word' id='word_1_15' title='bbox 1679 213 1799 247; x_wconf 75' lang='grc'><strong>(3.554.</strong></span> 
     </span>
     <span class='ocr_line' id='line_1_3' title="bbox 194 255 1803 312; baseline 0.002 -16"><span class='ocrx_word' id='word_1_16' title='bbox 194 265 344 310; x_wconf 83' lang='lat' dir='ltr'>portae,</span> <span class='ocrx_word' id='word_1_17' title='bbox 375 272 471 312; x_wconf 86' lang='lat' dir='ltr'>quae</span> <span class='ocrx_word' id='word_1_18' title='bbox 500 255 582 298; x_wconf 88' lang='lat' dir='ltr'>fert</span> <span class='ocrx_word' id='word_1_19' title='bbox 615 256 848 312; x_wconf 82' lang='lat' dir='ltr'>Sicyonem,</span> <span class='ocrx_word' id='word_1_20' title='bbox 877 263 1108 311; x_wconf 79' lang='lat' dir='ltr'>posuerunt</span> <span class='ocrx_word' id='word_1_21' title='bbox 1139 263 1284 296; x_wconf 89' lang='lat' dir='ltr'>castra.</span> <span class='ocrx_word' id='word_1_22' title='bbox 1346 256 1525 299; x_wconf 88' lang='lat' dir='ltr'>Romani</span> <span class='ocrx_word' id='word_1_23' title='bbox 1555 258 1609 304; x_wconf 88' lang='lat' dir='ltr'>ad</span> <span class='ocrx_word' id='word_1_24' title='bbox 1621 257 1662 288; x_wconf 76' lang='lat' dir='ltr'>A·</span> <span class='ocrx_word' id='word_1_25' title='bbox 1679 257 1717 290; x_wconf 84' lang='lat' dir='ltr'>C·</span> <span class='ocrx_word' id='word_1_26' title='bbox 1733 258 1803 290; x_wconf 87' lang='lat'>198.</span> 
     </span>
     <span class='ocr_line' id='line_1_4' title="bbox 196 311 1610 369; baseline 0.003 -16"><span class='ocrx_word' id='word_1_27' title='bbox 196 313 427 354; x_wconf 83' lang='lat' dir='ltr'>Cenchreas</span> <span class='ocrx_word' id='word_1_28' title='bbox 447 327 607 355; x_wconf 87' lang='lat' dir='ltr'>versam</span> <span class='ocrx_word' id='word_1_29' title='bbox 637 322 800 369; x_wconf 80' lang='lat' dir='ltr'>partem</span> <span class='ocrx_word' id='word_1_30' title='bbox 821 312 952 363; x_wconf 89' lang='lat' dir='ltr'>urbis,</span> <span class='ocrx_word' id='word_1_31' title='bbox 975 311 1163 362; x_wconf 85' lang='lat' dir='ltr'>Attalus,</span> <span class='ocrx_word' id='word_1_32' title='bbox 1186 312 1381 354; x_wconf 87' lang='lat' dir='ltr'>traducto</span> <span class='ocrx_word' id='word_1_33' title='bbox 1401 328 1476 369; x_wconf 90' lang='lat' dir='ltr'>per</span> <span class='ocrx_word' id='word_1_34' title='bbox 1499 315 1610 357; x_wconf 86' lang='lat' dir='ltr'><strong>Isth-</strong></span> 
     </span>
    </p>

    <p class='ocr_par' dir='ltr' id='par_1_3' title="bbox 193 368 1609 431">
     <span class='ocr_line' id='line_1_5' title="bbox 193 368 1609 431; baseline 0.002 -22"><span class='ocrx_word' id='word_1_35' title='bbox 193 383 308 410; x_wconf 90' lang='lat' dir='ltr'>mum</span> <span class='ocrx_word' id='word_1_36' title='bbox 338 368 538 419; x_wconf 80' lang='lat' dir='ltr'>exercitu,</span> <span class='ocrx_word' id='word_1_37' title='bbox 565 370 619 411; x_wconf 87' lang='lat' dir='ltr'>ab</span> <span class='ocrx_word' id='word_1_38' title='bbox 651 370 846 420; x_wconf 86' lang='lat' dir='ltr'>Lechaeo,</span> <span class='ocrx_word' id='word_1_39' title='bbox 872 369 1045 411; x_wconf 85' lang='lat' dir='ltr'>alterius</span> <span class='ocrx_word' id='word_1_40' title='bbox 1075 369 1199 416; x_wconf 83' lang='lat' dir='ltr'>maris</span> <span class='ocrx_word' id='word_1_41' title='bbox 1229 377 1370 431; x_wconf 85' lang='lat' dir='ltr'>portu,</span> <span class='ocrx_word' id='word_1_42' title='bbox 1393 370 1609 427; x_wconf 67' lang='lat' dir='ltr'>obpugna-</span> 
     </span>
    </p>

    <p class='ocr_par' dir='ltr' id='par_1_4' title="bbox 190 424 1608 539">
     <span class='ocr_line' id='line_1_6' title="bbox 192 424 1608 482; baseline 0.004 -17"><span class='ocrx_word' id='word_1_43' title='bbox 192 424 319 472; x_wconf 76' lang='lat' dir='ltr'>bant3</span> <span class='ocrx_word' id='word_1_44' title='bbox 352 425 487 481; x_wconf 89' lang='lat' dir='ltr'>primo</span> <span class='ocrx_word' id='word_1_45' title='bbox 517 426 700 482; x_wconf 86' lang='lat' dir='ltr'>segnius,</span> <span class='ocrx_word' id='word_1_46' title='bbox 723 434 934 482; x_wconf 87' lang='lat' dir='ltr'><strong>sperantes</strong></span> <span class='ocrx_word' id='word_1_47' title='bbox 965 425 1207 467; x_wconf 90' lang='lat' dir='ltr'>seditionem</span> <span class='ocrx_word' id='word_1_48' title='bbox 1238 433 1352 466; x_wconf 85' lang='lat' dir='ltr'>mtus</span> <span class='ocrx_word' id='word_1_49' title='bbox 1382 425 1470 466; x_wconf 88' lang='lat' dir='ltr'>fore</span> <span class='ocrx_word' id='word_1_50' title='bbox 1500 427 1608 469; x_wconf 89' lang='lat' dir='ltr'>inter</span> 
     </span>
     <span class='ocr_line' id='line_1_7' title="bbox 190 481 1608 539; baseline 0.003 -18"><span class='ocrx_word' id='word_1_51' title='bbox 190 481 421 537; x_wconf 85' lang='lat' dir='ltr'>oppidanos</span> <span class='ocrx_word' id='word_1_52' title='bbox 441 498 489 523; x_wconf 86' lang='lat' dir='ltr'>ac</span> <span class='ocrx_word' id='word_1_53' title='bbox 516 483 679 539; x_wconf 90' lang='lat' dir='ltr'>regium</span> <span class='ocrx_word' id='word_1_54' title='bbox 709 483 966 539; x_wconf 82' lang='lat' dir='ltr'>praesidium.</span> <span class='ocrx_word' id='word_1_55' title='bbox 999 490 1223 539; x_wconf 84' lang='lat' dir='ltr'>postquam</span> <span class='ocrx_word' id='word_1_56' title='bbox 1254 496 1338 522; x_wconf 90' lang='lat' dir='ltr'>uno</span> <span class='ocrx_word' id='word_1_57' title='bbox 1365 481 1502 523; x_wconf 86' lang='lat' dir='ltr'>animo</span> <span class='ocrx_word' id='word_1_58' title='bbox 1522 500 1608 525; x_wconf 88' lang='lat' dir='ltr'>om-</span> 
     </span>
    </p>

    <p class='ocr_par' dir='ltr' id='par_1_5' title="bbox 190 538 1607 596">
     <span class='ocr_line' id='line_1_8' title="bbox 190 538 1607 596; baseline 0.002 -18"><span class='ocrx_word' id='word_1_59' title='bbox 190 552 275 587; x_wconf 84' lang='lat' dir='ltr'>nes,</span> <span class='ocrx_word' id='word_1_60' title='bbox 298 546 339 580; x_wconf 90' lang='lat' dir='ltr'>et</span> <span class='ocrx_word' id='word_1_61' title='bbox 363 538 617 582; x_wconf 85' lang='lat' dir='ltr'>Macedones</span> <span class='ocrx_word' id='word_1_62' title='bbox 637 548 851 596; x_wconf 84' lang='lat' dir='ltr'>tamquam</span> <span class='ocrx_word' id='word_1_63' title='bbox 880 553 1142 586; x_wconf 81' lang='lat' dir='ltr'>communem</span> <span class='ocrx_word' id='word_1_64' title='bbox 1162 538 1341 595; x_wconf 85' lang='lat' dir='ltr'>patriam</span> <span class='ocrx_word' id='word_1_65' title='bbox 1364 539 1607 592; x_wconf 85' lang='lat' dir='ltr'>tuebantur,</span> 
     </span>
    </p>

    <p class='ocr_par' dir='ltr' id='par_1_6' title="bbox 188 595 1609 767">
     <span class='ocr_line' id='line_1_9' title="bbox 189 595 1607 654; baseline 0.002 -19"><span class='ocrx_word' id='word_1_66' title='bbox 189 602 231 638; x_wconf 88' lang='lat' dir='ltr'>et</span> <span class='ocrx_word' id='word_1_67' title='bbox 274 595 483 637; x_wconf 88' lang='lat' dir='ltr'>Corinthii</span> <span class='ocrx_word' id='word_1_68' title='bbox 523 596 673 640; x_wconf 87' lang='lat' dir='ltr'>ducem</span> <span class='ocrx_word' id='word_1_69' title='bbox 712 597 897 654; x_wconf 71' lang='lat' dir='ltr'>praesidii</span> <span class='ocrx_word' id='word_1_70' title='bbox 936 596 1291 647; x_wconf 80' lang='lat' dir='ltr'>Androsthenem,</span> <span class='ocrx_word' id='word_1_71' title='bbox 1332 595 1448 636; x_wconf 88' lang='lat' dir='ltr'>haud</span> <span class='ocrx_word' id='word_1_72' title='bbox 1490 612 1607 639; x_wconf 86' lang='lat' dir='ltr'>secus</span> 
     </span>
     <span class='ocr_line' id='line_1_10' title="bbox 188 650 1609 710; baseline 0.002 -19"><span class='ocrx_word' id='word_1_73' title='bbox 188 665 316 706; x_wconf 90' lang='lat' dir='ltr'>quam</span> <span class='ocrx_word' id='word_1_74' title='bbox 346 652 478 694; x_wconf 90' lang='lat' dir='ltr'>civem</span> <span class='ocrx_word' id='word_1_75' title='bbox 508 653 542 678; x_wconf 73' lang='lat'>⁹2</span> <span class='ocrx_word' id='word_1_76' title='bbox 553 662 594 695; x_wconf 89' lang='lat' dir='ltr'>et</span> <span class='ocrx_word' id='word_1_77' title='bbox 625 654 825 710; x_wconf 84' lang='lat' dir='ltr'>suffragio</span> <span class='ocrx_word' id='word_1_78' title='bbox 855 662 1041 696; x_wconf 90' lang='lat' dir='ltr'>creatum</span> <span class='ocrx_word' id='word_1_79' title='bbox 1073 668 1162 703; x_wconf 91' lang='lat' dir='ltr'>suo,</span> <span class='ocrx_word' id='word_1_80' title='bbox 1188 651 1363 708; x_wconf 82' lang='lat' dir='ltr'>imperio</span> <span class='ocrx_word' id='word_1_81' title='bbox 1387 650 1506 708; x_wconf 87' lang='lat' dir='ltr'>justo</span> <span class='ocrx_word' id='word_1_82' title='bbox 1529 668 1609 709; x_wconf 42' lang='lat' dir='ltr'>&#39;pap</span> 
     </span>
     <span class='ocr_line' id='line_1_11' title="bbox 188 708 1606 767; baseline 0.001 -19"><span class='ocrx_word' id='word_1_83' title='bbox 188 708 426 756; x_wconf 75' lang='lat' dir='ltr'>tiebantur3</span> <span class='ocrx_word' id='word_1_84' title='bbox 464 711 597 752; x_wconf 88' lang='lat' dir='ltr'>omnis</span> <span class='ocrx_word' id='word_1_85' title='bbox 627 711 724 752; x_wconf 89' lang='lat' dir='ltr'>iude</span> <span class='ocrx_word' id='word_1_86' title='bbox 755 726 847 767; x_wconf 80' lang='lat' dir='ltr'>spes</span> <span class='ocrx_word' id='word_1_87' title='bbox 870 710 905 736; x_wconf 79' lang='lat'>9³</span> <span class='ocrx_word' id='word_1_88' title='bbox 918 710 1208 767; x_wconf 85' lang='lat' dir='ltr'>pugnantibus</span> <span class='ocrx_word' id='word_1_89' title='bbox 1237 710 1280 750; x_wconf 90' lang='lat' dir='ltr'>in</span> <span class='ocrx_word' id='word_1_90' title='bbox 1310 708 1366 759; x_wconf 87' lang='lat' dir='ltr'>vi,</span> <span class='ocrx_word' id='word_1_91' title='bbox 1393 716 1434 750; x_wconf 83' lang='lat' dir='ltr'>et</span> <span class='ocrx_word' id='word_1_92' title='bbox 1465 709 1606 761; x_wconf 85' lang='lat' dir='ltr'>armis,</span> 
     </span>
    </p>

    <p class='ocr_par' dir='ltr' id='par_1_7' title="bbox 186 765 1607 824">
     <span class='ocr_line' id='line_1_12' title="bbox 186 765 1607 824; baseline 0.002 -20"><span class='ocrx_word' id='word_1_93' title='bbox 186 772 229 805; x_wconf 87' lang='lat' dir='ltr'>et</span> <span class='ocrx_word' id='word_1_94' title='bbox 249 765 447 820; x_wconf 84' lang='lat' dir='ltr'>operibus</span> <span class='ocrx_word' id='word_1_95' title='bbox 468 775 569 808; x_wconf 90' lang='lat' dir='ltr'>erat.</span> <span class='ocrx_word' id='word_1_96' title='bbox 601 768 789 824; x_wconf 85' lang='lat' dir='ltr'>undique</span> <span class='ocrx_word' id='word_1_97' title='bbox 810 783 982 824; x_wconf 83' lang='lat' dir='ltr'>aggeres</span> <span class='ocrx_word' id='word_1_98' title='bbox 1002 766 1118 816; x_wconf 89' lang='lat' dir='ltr'>haud</span> <span class='ocrx_word' id='word_1_99' title='bbox 1146 766 1258 808; x_wconf 88' lang='lat' dir='ltr'>facili</span> <span class='ocrx_word' id='word_1_100' title='bbox 1289 765 1409 808; x_wconf 86' lang='lat' dir='ltr'>aditu</span> <span class='ocrx_word' id='word_1_101' title='bbox 1430 766 1485 807; x_wconf 86' lang='lat' dir='ltr'>ad</span> <span class='ocrx_word' id='word_1_102' title='bbox 1504 781 1607 807; x_wconf 84' lang='lat' dir='ltr'>111oe-</span> 
     </span>
    </p>

    <p class='ocr_par' dir='ltr' id='par_1_8' title="bbox 184 821 1606 993">
     <span class='ocr_line' id='line_1_13' title="bbox 186 821 1606 879; baseline 0.002 -17"><span class='ocrx_word' id='word_1_103' title='bbox 186 821 257 863; x_wconf 82' lang='lat' dir='ltr'>nia</span> <span class='ocrx_word' id='word_1_104' title='bbox 285 822 629 865; x_wconf 84' lang='lat' dir='ltr'>admovebantur.</span> <span class='ocrx_word' id='word_1_105' title='bbox 691 825 816 867; x_wconf 87' lang='lat' dir='ltr'>Aries</span> <span class='ocrx_word' id='word_1_106' title='bbox 846 841 898 866; x_wconf 82' lang='lat' dir='ltr'>ex</span> <span class='ocrx_word' id='word_1_107' title='bbox 928 839 977 865; x_wconf 87' lang='lat' dir='ltr'>ea</span> <span class='ocrx_word' id='word_1_108' title='bbox 1005 831 1139 879; x_wconf 88' lang='lat' dir='ltr'>parte,</span> <span class='ocrx_word' id='word_1_109' title='bbox 1162 838 1291 879; x_wconf 87' lang='lat' dir='ltr'>quam</span> <span class='ocrx_word' id='word_1_110' title='bbox 1322 823 1502 863; x_wconf 91' lang='lat' dir='ltr'>Romani</span> <span class='ocrx_word' id='word_1_111' title='bbox 1532 824 1606 865; x_wconf 92' lang='lat' dir='ltr'>ob-</span> 
     </span>
     <span class='ocr_line' id='line_1_14' title="bbox 184 879 1606 936; baseline 0.002 -18"><span class='ocrx_word' id='word_1_112' title='bbox 184 879 446 933; x_wconf 86' lang='lat' dir='ltr'>pugnabant,</span> <span class='ocrx_word' id='word_1_113' title='bbox 469 880 731 936; x_wconf 84' lang='lat' dir='ltr'>aliquantum</span> <span class='ocrx_word' id='word_1_114' title='bbox 752 882 861 922; x_wconf 91' lang='lat' dir='ltr'>muri</span> <span class='ocrx_word' id='word_1_115' title='bbox 884 881 1081 924; x_wconf 78' lang='lat' dir='ltr'>diruerat.</span> <span class='ocrx_word' id='word_1_116' title='bbox 1113 879 1156 925; x_wconf 85' lang='lat' dir='ltr'>in</span> <span class='ocrx_word' id='word_1_117' title='bbox 1177 894 1302 934; x_wconf 89' lang='lat' dir='ltr'>quem</span> <span class='ocrx_word' id='word_1_118' title='bbox 1328 879 1482 928; x_wconf 90' lang='lat' dir='ltr'>locum,</span> <span class='ocrx_word' id='word_1_119' title='bbox 1504 880 1606 935; x_wconf 86' lang='lat' dir='ltr'>quia</span> 
     </span>
     <span class='ocr_line' id='line_1_15' title="bbox 185 935 1606 993; baseline 0.001 -18"><span class='ocrx_word' id='word_1_120' title='bbox 185 935 371 977; x_wconf 85' lang='lat' dir='ltr'>nudatus</span> <span class='ocrx_word' id='word_1_121' title='bbox 400 937 660 978; x_wconf 90' lang='lat' dir='ltr'>munimento</span> <span class='ocrx_word' id='word_1_122' title='bbox 689 945 792 988; x_wconf 88' lang='lat' dir='ltr'>erat,</span> <span class='ocrx_word' id='word_1_123' title='bbox 815 936 1122 993; x_wconf 84' lang='lat' dir='ltr'>protegendum</span> <span class='ocrx_word' id='word_1_124' title='bbox 1152 935 1277 976; x_wconf 88' lang='lat' dir='ltr'>armis</span> <span class='ocrx_word' id='word_1_125' title='bbox 1307 951 1440 991; x_wconf 90' lang='lat' dir='ltr'>quum</span> <span class='ocrx_word' id='word_1_126' title='bbox 1462 936 1606 977; x_wconf 87' lang='lat' dir='ltr'>Mace-</span> 
     </span>
    </p>

    <p class='ocr_par' dir='ltr' id='par_1_9' title="bbox 184 990 1606 1106">
     <span class='ocr_line' id='line_1_16' title="bbox 185 990 1606 1049; baseline 0.004 -19"><span class='ocrx_word' id='word_1_127' title='bbox 185 990 313 1034; x_wconf 82' lang='lat' dir='ltr'>dones</span> <span class='ocrx_word' id='word_1_128' title='bbox 343 993 660 1043; x_wconf 85' lang='lat' dir='ltr'>concurrissent,</span> <span class='ocrx_word' id='word_1_129' title='bbox 689 1001 810 1034; x_wconf 88' lang='lat' dir='ltr'>atrox</span> <span class='ocrx_word' id='word_1_130' title='bbox 840 994 1038 1049; x_wconf 87' lang='lat' dir='ltr'>proelium</span> <span class='ocrx_word' id='word_1_131' title='bbox 1074 992 1184 1033; x_wconf 90' lang='lat' dir='ltr'>inter</span> <span class='ocrx_word' id='word_1_132' title='bbox 1218 1007 1286 1033; x_wconf 90' lang='lat' dir='ltr'>eos</span> <span class='ocrx_word' id='word_1_133' title='bbox 1316 1007 1363 1032; x_wconf 86' lang='lat' dir='ltr'>ac</span> <span class='ocrx_word' id='word_1_134' title='bbox 1392 993 1606 1036; x_wconf 81' lang='lat' dir='ltr'>Romanos</span> 
     </span>
     <span class='ocr_line' id='line_1_17' title="bbox 184 1048 1605 1106; baseline -0.001 -18"><span class='ocrx_word' id='word_1_135' title='bbox 184 1056 324 1090; x_wconf 90' lang='lat' dir='ltr'>ortum</span> <span class='ocrx_word' id='word_1_136' title='bbox 355 1058 429 1090; x_wconf 87' lang='lat' dir='ltr'>est.</span> <span class='ocrx_word' id='word_1_137' title='bbox 489 1051 556 1090; x_wconf 89' lang='lat' dir='ltr'>Ac</span> <span class='ocrx_word' id='word_1_138' title='bbox 576 1049 711 1106; x_wconf 87' lang='lat' dir='ltr'>primo</span> <span class='ocrx_word' id='word_1_139' title='bbox 731 1050 1004 1092; x_wconf 85' lang='lat' dir='ltr'>multitudine</span> <span class='ocrx_word' id='word_1_140' title='bbox 1031 1049 1153 1090; x_wconf 87' lang='lat' dir='ltr'>facile</span> <span class='ocrx_word' id='word_1_141' title='bbox 1178 1048 1497 1104; x_wconf 86' lang='lat' dir='ltr'>expellebantur</span> <span class='ocrx_word' id='word_1_142' title='bbox 1519 1049 1605 1090; x_wconf 83' lang='lat' dir='ltr'>Ro-</span> 
     </span>
    </p>

    <p class='ocr_par' dir='ltr' id='par_1_10' title="bbox 179 1104 1606 1276">
     <span class='ocr_line' id='line_1_18' title="bbox 184 1104 1606 1161; baseline -0.002 -16"><span class='ocrx_word' id='word_1_143' title='bbox 184 1104 319 1146; x_wconf 83' lang='lat' dir='ltr'>mani:</span> <span class='ocrx_word' id='word_1_144' title='bbox 366 1105 571 1147; x_wconf 86' lang='lat' dir='ltr'>adsumtis</span> <span class='ocrx_word' id='word_1_145' title='bbox 600 1106 752 1151; x_wconf 84' lang='lat' dir='ltr'>deinde</span> <span class='ocrx_word' id='word_1_146' title='bbox 786 1107 1044 1148; x_wconf 87' lang='lat' dir='ltr'>Achaeorum</span> <span class='ocrx_word' id='word_1_147' title='bbox 1077 1105 1302 1161; x_wconf 85' lang='lat' dir='ltr'>Attalique</span> <span class='ocrx_word' id='word_1_148' title='bbox 1338 1104 1519 1155; x_wconf 84' lang='lat' dir='ltr'>auxiliis,</span> <span class='ocrx_word' id='word_1_149' title='bbox 1552 1122 1606 1147; x_wconf 87' lang='lat' dir='ltr'>ae-</span> 
     </span>
     <span class='ocr_line' id='line_1_19' title="bbox 181 1161 1605 1218; baseline 0.003 -18"><span class='ocrx_word' id='word_1_150' title='bbox 181 1161 368 1215; x_wconf 87' lang='lat' dir='ltr'>quabant</span> <span class='ocrx_word' id='word_1_151' title='bbox 393 1174 625 1205; x_wconf 87' lang='lat' dir='ltr'>certamen:</span> <span class='ocrx_word' id='word_1_152' title='bbox 658 1179 734 1204; x_wconf 91' lang='lat' dir='ltr'>nec</span> <span class='ocrx_word' id='word_1_153' title='bbox 755 1164 933 1206; x_wconf 90' lang='lat' dir='ltr'>dubium</span> <span class='ocrx_word' id='word_1_154' title='bbox 955 1171 1058 1213; x_wconf 90' lang='lat' dir='ltr'>erat,</span> <span class='ocrx_word' id='word_1_155' title='bbox 1081 1162 1185 1218; x_wconf 92' lang='lat' dir='ltr'>quin</span> <span class='ocrx_word' id='word_1_156' title='bbox 1207 1162 1463 1203; x_wconf 82' lang='lat' dir='ltr'>Macedonas</span> <span class='ocrx_word' id='word_1_157' title='bbox 1486 1163 1605 1204; x_wconf 84' lang='lat' dir='ltr'>Grae-</span> 
     </span>
     <span class='ocr_line' id='line_1_20' title="bbox 179 1218 1604 1276; baseline 0.002 -19"><span class='ocrx_word' id='word_1_158' title='bbox 179 1231 333 1273; x_wconf 88' lang='lat' dir='ltr'>cosque</span> <span class='ocrx_word' id='word_1_159' title='bbox 363 1218 484 1260; x_wconf 89' lang='lat' dir='ltr'>facile</span> <span class='ocrx_word' id='word_1_160' title='bbox 513 1220 604 1261; x_wconf 91' lang='lat' dir='ltr'>loco</span> <span class='ocrx_word' id='word_1_161' title='bbox 629 1221 795 1276; x_wconf 91' lang='lat' dir='ltr'>pulsuri</span> <span class='ocrx_word' id='word_1_162' title='bbox 825 1221 995 1262; x_wconf 88' lang='lat' dir='ltr'>fuerint.</span> <span class='ocrx_word' id='word_1_163' title='bbox 1060 1219 1399 1274; x_wconf 87' lang='lat' dir='ltr'>Transfugarum</span> <span class='ocrx_word' id='word_1_164' title='bbox 1433 1219 1604 1260; x_wconf 82' lang='lat' dir='ltr'>Italico-</span> 
     </span>
    </p>

    <p class='ocr_par' dir='ltr' id='par_1_11' title="bbox 178 1275 1602 1333">
     <span class='ocr_line' id='line_1_21' title="bbox 178 1275 1602 1333; baseline 0.003 -19"><span class='ocrx_word' id='word_1_165' title='bbox 178 1288 274 1315; x_wconf 86' lang='lat' dir='ltr'>rum</span> <span class='ocrx_word' id='word_1_166' title='bbox 309 1291 462 1331; x_wconf 88' lang='lat' dir='ltr'>magna</span> <span class='ocrx_word' id='word_1_167' title='bbox 490 1277 722 1318; x_wconf 82' lang='lat' dir='ltr'>multitudo</span> <span class='ocrx_word' id='word_1_168' title='bbox 756 1286 869 1325; x_wconf 79' lang='lat' dir='ltr'>erat3</span> <span class='ocrx_word' id='word_1_169' title='bbox 916 1293 1012 1333; x_wconf 88' lang='lat' dir='ltr'>pars</span> <span class='ocrx_word' id='word_1_170' title='bbox 1045 1292 1097 1318; x_wconf 82' lang='lat' dir='ltr'>ex</span> <span class='ocrx_word' id='word_1_171' title='bbox 1130 1275 1381 1317; x_wconf 82' lang='lat' dir='ltr'>Hannibalis</span> <span class='ocrx_word' id='word_1_172' title='bbox 1414 1277 1602 1318; x_wconf 83' lang='lat' dir='ltr'>exercitu</span> 
     </span>
    </p>

    <p class='ocr_par' dir='ltr' id='par_1_12' title="bbox 178 1333 1602 1391">
     <span class='ocr_line' id='line_1_22' title="bbox 178 1333 1602 1391; baseline 0.004 -21"><span class='ocrx_word' id='word_1_173' title='bbox 178 1338 295 1372; x_wconf 90' lang='lat' dir='ltr'>metu</span> <span class='ocrx_word' id='word_1_174' title='bbox 334 1347 471 1387; x_wconf 86' lang='lat' dir='ltr'>poenae</span> <span class='ocrx_word' id='word_1_175' title='bbox 511 1349 536 1375; x_wconf 89' lang='lat' dir='ltr'>a</span> <span class='ocrx_word' id='word_1_176' title='bbox 576 1335 778 1375; x_wconf 89' lang='lat' dir='ltr'>Romanis</span> <span class='ocrx_word' id='word_1_177' title='bbox 819 1334 1068 1391; x_wconf 88' lang='lat' dir='ltr'>Philippum</span> <span class='ocrx_word' id='word_1_178' title='bbox 1110 1333 1255 1382; x_wconf 85' lang='lat' dir='ltr'>secuti,</span> <span class='ocrx_word' id='word_1_179' title='bbox 1297 1347 1393 1388; x_wconf 86' lang='lat' dir='ltr'>pars</span> <span class='ocrx_word' id='word_1_180' title='bbox 1433 1333 1602 1376; x_wconf 83' lang='lat' dir='ltr'>navales</span> 
     </span>
    </p>

    <p class='ocr_par' dir='ltr' id='par_1_13' title="bbox 179 1387 1603 1447">
     <span class='ocr_line' id='line_1_23' title="bbox 179 1387 1603 1447; baseline 0.003 -20"><span class='ocrx_word' id='word_1_181' title='bbox 179 1387 291 1438; x_wconf 92' lang='lat' dir='ltr'>socii,</span> <span class='ocrx_word' id='word_1_182' title='bbox 324 1389 478 1433; x_wconf 86' lang='lat' dir='ltr'>relictis</span> <span class='ocrx_word' id='word_1_183' title='bbox 507 1405 642 1447; x_wconf 90' lang='lat' dir='ltr'>nuper</span> <span class='ocrx_word' id='word_1_184' title='bbox 672 1390 886 1442; x_wconf 89' lang='lat' dir='ltr'>classibus,</span> <span class='ocrx_word' id='word_1_185' title='bbox 917 1391 971 1432; x_wconf 87' lang='lat' dir='ltr'>ad</span> <span class='ocrx_word' id='word_1_186' title='bbox 1003 1406 1116 1447; x_wconf 90' lang='lat' dir='ltr'>spem</span> <span class='ocrx_word' id='word_1_187' title='bbox 1144 1389 1178 1413; x_wconf 71' lang='lat'>⁹4</span> <span class='ocrx_word' id='word_1_188' title='bbox 1190 1389 1466 1430; x_wconf 87' lang='lat' dir='ltr'>honoratioris</span> <span class='ocrx_word' id='word_1_189' title='bbox 1496 1389 1603 1431; x_wconf 91' lang='lat' dir='ltr'>mili-</span> 
     </span>
    </p>

    <p class='ocr_par' dir='ltr' id='par_1_14' title="bbox 177 1443 1600 1559">
     <span class='ocr_line' id='line_1_24' title="bbox 177 1443 1600 1503; baseline 0.003 -19"><span class='ocrx_word' id='word_1_190' title='bbox 177 1443 248 1485; x_wconf 83' lang='lat' dir='ltr'>tiae</span> <span class='ocrx_word' id='word_1_191' title='bbox 270 1448 527 1502; x_wconf 87' lang='lat' dir='ltr'>transgressi.</span> <span class='ocrx_word' id='word_1_192' title='bbox 558 1448 634 1489; x_wconf 89' lang='lat' dir='ltr'>hos</span> <span class='ocrx_word' id='word_1_193' title='bbox 657 1447 876 1503; x_wconf 89' lang='lat' dir='ltr'>desperata</span> <span class='ocrx_word' id='word_1_194' title='bbox 906 1448 1031 1497; x_wconf 87' lang='lat' dir='ltr'>salus,</span> <span class='ocrx_word' id='word_1_195' title='bbox 1055 1447 1087 1488; x_wconf 91' lang='lat' dir='ltr'>si</span> <span class='ocrx_word' id='word_1_196' title='bbox 1113 1446 1293 1487; x_wconf 88' lang='lat' dir='ltr'>Romani</span> <span class='ocrx_word' id='word_1_197' title='bbox 1315 1445 1523 1496; x_wconf 81' lang='lat' dir='ltr'>vicissent,</span> <span class='ocrx_word' id='word_1_198' title='bbox 1545 1447 1600 1488; x_wconf 88' lang='lat' dir='ltr'>ad</span> 
     </span>
     <span class='ocr_line' id='line_1_25' title="bbox 177 1501 1599 1559; baseline 0.001 -18"><span class='ocrx_word' id='word_1_199' title='bbox 177 1501 336 1542; x_wconf 87' lang='lat' dir='ltr'>rabiem</span> <span class='ocrx_word' id='word_1_200' title='bbox 375 1505 523 1559; x_wconf 91' lang='lat' dir='ltr'>magis,</span> <span class='ocrx_word' id='word_1_201' title='bbox 565 1520 691 1559; x_wconf 87' lang='lat' dir='ltr'>quam</span> <span class='ocrx_word' id='word_1_202' title='bbox 737 1504 969 1553; x_wconf 87' lang='lat' dir='ltr'>audaciam,</span> <span class='ocrx_word' id='word_1_203' title='bbox 1011 1503 1274 1544; x_wconf 86' lang='lat' dir='ltr'>accendebat.</span> <span class='ocrx_word' id='word_1_204' title='bbox 1352 1504 1599 1550; x_wconf 82' lang='lat' dir='ltr'>Promonto-</span> 
     </span>
    </p>

    <p class='ocr_par' dir='ltr' id='par_1_15' title="bbox 177 1557 1597 1616">
     <span class='ocr_line' id='line_1_26' title="bbox 177 1557 1597 1616; baseline -0.001 -14"><span class='ocrx_word' id='word_1_205' title='bbox 177 1557 287 1602; x_wconf 69' lang='lat' dir='ltr'>rium</span> <span class='ocrx_word' id='word_1_206' title='bbox 310 1566 371 1600; x_wconf 90' lang='lat' dir='ltr'>est</span> <span class='ocrx_word' id='word_1_207' title='bbox 393 1560 592 1600; x_wconf 85' lang='lat' dir='ltr'>adversus</span> <span class='ocrx_word' id='word_1_208' title='bbox 612 1561 845 1616; x_wconf 81' lang='lat' dir='ltr'>Sicyonem,</span> <span class='ocrx_word' id='word_1_209' title='bbox 864 1562 892 1601; x_wconf 84' lang='lat' dir='ltr'>J</span> <span class='ocrx_word' id='word_1_210' title='bbox 897 1561 1045 1600; x_wconf 90' lang='lat' dir='ltr'>unonis</span> <span class='ocrx_word' id='word_1_211' title='bbox 1066 1575 1192 1615; x_wconf 90' lang='lat' dir='ltr'>quam</span> <span class='ocrx_word' id='word_1_212' title='bbox 1214 1566 1363 1599; x_wconf 87' lang='lat' dir='ltr'>vocant</span> <span class='ocrx_word' id='word_1_213' title='bbox 1386 1560 1597 1611; x_wconf 86' lang='lat' dir='ltr'>Acraeam,</span> 
     </span>
    </p>

    <p class='ocr_par' dir='ltr' id='par_1_16' title="bbox 177 1612 1599 1673">
     <span class='ocr_line' id='line_1_27' title="bbox 177 1612 1599 1673; baseline 0.001 -18"><span class='ocrx_word' id='word_1_214' title='bbox 177 1612 220 1654; x_wconf 85' lang='lat' dir='ltr'>in</span> <span class='ocrx_word' id='word_1_215' title='bbox 247 1614 378 1656; x_wconf 85' lang='lat' dir='ltr'>altum</span> <span class='ocrx_word' id='word_1_216' title='bbox 407 1631 654 1658; x_wconf 79' lang='lat' dir='ltr'>excurrens:</span> <span class='ocrx_word' id='word_1_217' title='bbox 688 1618 888 1673; x_wconf 83' lang='lat' dir='ltr'>trajectus</span> <span class='ocrx_word' id='word_1_218' title='bbox 918 1617 1014 1657; x_wconf 88' lang='lat' dir='ltr'>inde</span> <span class='ocrx_word' id='word_1_219' title='bbox 1038 1616 1304 1665; x_wconf 86' lang='lat' dir='ltr'>Corinthum,</span> <span class='ocrx_word' id='word_1_220' title='bbox 1328 1623 1484 1671; x_wconf 88' lang='lat' dir='ltr'>septem</span> <span class='ocrx_word' id='word_1_221' title='bbox 1507 1616 1599 1657; x_wconf 85' lang='lat' dir='ltr'>mil-</span> 
     </span>
    </p>

    <p class='ocr_par' dir='ltr' id='par_1_17' title="bbox 176 1668 1595 1728">
     <span class='ocr_line' id='line_1_28' title="bbox 176 1668 1595 1728; baseline 0.003 -18"><span class='ocrx_word' id='word_1_222' title='bbox 176 1668 233 1711; x_wconf 83' lang='lat' dir='ltr'>lia</span> <span class='ocrx_word' id='word_1_223' title='bbox 261 1671 391 1715; x_wconf 84' lang='lat' dir='ltr'>ferme</span> <span class='ocrx_word' id='word_1_224' title='bbox 420 1688 633 1728; x_wconf 88' lang='lat' dir='ltr'>passuum.</span> <span class='ocrx_word' id='word_1_225' title='bbox 671 1689 719 1714; x_wconf 90' lang='lat' dir='ltr'>eo</span> <span class='ocrx_word' id='word_1_226' title='bbox 749 1673 969 1722; x_wconf 86' lang='lat' dir='ltr'>Philocles,</span> <span class='ocrx_word' id='word_1_227' title='bbox 999 1672 1140 1727; x_wconf 85' lang='lat' dir='ltr'>regius</span> <span class='ocrx_word' id='word_1_228' title='bbox 1170 1681 1223 1719; x_wconf 49' lang='lat' dir='ltr'>et„</span> <span class='ocrx_word' id='word_1_229' title='bbox 1239 1671 1327 1727; x_wconf 87' lang='lat' dir='ltr'>ipse</span> <span class='ocrx_word' id='word_1_230' title='bbox 1354 1672 1595 1727; x_wconf 82' lang='lat' dir='ltr'>praefectus,</span> 
     </span>
    </p>

    <p class='ocr_par' dir='ltr' id='par_1_18' title="bbox 176 1727 1595 1786">
     <span class='ocr_line' id='line_1_29' title="bbox 176 1727 1595 1786; baseline 0.002 -19"><span class='ocrx_word' id='word_1_231' title='bbox 176 1727 289 1768; x_wconf 80' lang='lat' dir='ltr'>mille</span> <span class='ocrx_word' id='word_1_232' title='bbox 330 1737 371 1770; x_wconf 89' lang='lat' dir='ltr'>et</span> <span class='ocrx_word' id='word_1_233' title='bbox 412 1730 664 1785; x_wconf 90' lang='lat' dir='ltr'>quingentos</span> <span class='ocrx_word' id='word_1_234' title='bbox 704 1729 856 1775; x_wconf 87' lang='lat' dir='ltr'>milites</span> <span class='ocrx_word' id='word_1_235' title='bbox 895 1745 971 1786; x_wconf 88' lang='lat' dir='ltr'>per</span> <span class='ocrx_word' id='word_1_236' title='bbox 1012 1728 1219 1770; x_wconf 87' lang='lat' dir='ltr'>Boeotiam</span> <span class='ocrx_word' id='word_1_237' title='bbox 1260 1728 1397 1769; x_wconf 82' lang='lat' dir='ltr'>duxit.</span> <span class='ocrx_word' id='word_1_238' title='bbox 1439 1738 1595 1785; x_wconf 78' lang='lat' dir='ltr'>praesto</span> 
     </span>
    </p>

    <p class='ocr_par' dir='ltr' id='par_1_19' title="bbox 172 1782 1808 2185">
     <span class='ocr_line' id='line_1_30' title="bbox 174 1782 1593 1842; baseline 0.003 -18"><span class='ocrx_word' id='word_1_239' title='bbox 174 1782 292 1827; x_wconf 83' lang='lat' dir='ltr'>fuere</span> <span class='ocrx_word' id='word_1_240' title='bbox 342 1785 394 1827; x_wconf 88' lang='lat' dir='ltr'>ab</span> <span class='ocrx_word' id='word_1_241' title='bbox 438 1787 642 1828; x_wconf 91' lang='lat' dir='ltr'>Corintho</span> <span class='ocrx_word' id='word_1_242' title='bbox 690 1786 832 1837; x_wconf 89' lang='lat' dir='ltr'>lembi,</span> <span class='ocrx_word' id='word_1_243' title='bbox 874 1787 948 1842; x_wconf 89' lang='lat' dir='ltr'>qui</span> <span class='ocrx_word' id='word_1_244' title='bbox 997 1785 1241 1842; x_wconf 85' lang='lat' dir='ltr'>praesidium</span> <span class='ocrx_word' id='word_1_245' title='bbox 1290 1784 1335 1825; x_wconf 84' lang='lat' dir='ltr'>id</span> <span class='ocrx_word' id='word_1_246' title='bbox 1374 1793 1593 1841; x_wconf 88' lang='lat' dir='ltr'>acceptum</span> 
     </span>
     <span class='ocr_line' id='line_1_31' title="bbox 174 1840 1592 1899; baseline 0.004 -19"><span class='ocrx_word' id='word_1_247' title='bbox 174 1840 403 1884; x_wconf 80' lang='lat' dir='ltr'>Lechaeum</span> <span class='ocrx_word' id='word_1_248' title='bbox 457 1843 707 1899; x_wconf 86' lang='lat' dir='ltr'>trajicerent.</span> <span class='ocrx_word' id='word_1_249' title='bbox 803 1845 967 1885; x_wconf 89' lang='lat' dir='ltr'>Auctor</span> <span class='ocrx_word' id='word_1_250' title='bbox 1028 1851 1114 1884; x_wconf 88' lang='lat' dir='ltr'>erat</span> <span class='ocrx_word' id='word_1_251' title='bbox 1176 1841 1359 1892; x_wconf 81' lang='lat' dir='ltr'>Attalus,</span> <span class='ocrx_word' id='word_1_252' title='bbox 1416 1843 1592 1885; x_wconf 90' lang='lat' dir='ltr'>incensis</span> 
     </span>
     <span class='ocr_line' id='line_1_32' title="bbox 172 1898 1808 1957; baseline 0.004 -21"><span class='ocrx_word' id='word_1_253' title='bbox 172 1898 385 1952; x_wconf 88' lang='lat' dir='ltr'>operibus,</span> <span class='ocrx_word' id='word_1_254' title='bbox 432 1900 678 1942; x_wconf 68' lang='lat' dir='ltr'>,omittendae</span> <span class='ocrx_word' id='word_1_255' title='bbox 727 1900 943 1957; x_wconf 68' lang='lat' dir='ltr'>,extemplo</span> <span class='ocrx_word' id='word_1_256' title='bbox 991 1899 1329 1955; x_wconf 88' lang='lat' dir='ltr'>obpugnationis.</span> <span class='ocrx_word' id='word_1_257' title='bbox 1403 1900 1590 1941; x_wconf 88' lang='lat' dir='ltr'>Pertina-</span> <span class='ocrx_word' id='word_1_258' title='bbox 1605 1907 1728 1956; x_wconf 64' lang='lat' dir='ltr'>Relicta</span> <span class='ocrx_word' id='word_1_259' title='bbox 1744 1909 1808 1942; x_wconf 84' lang='lat' dir='ltr'>Co-</span> 
     </span>
     <span class='ocr_line' id='line_1_33' title="bbox 174 1951 1762 2015; baseline 0.004 -21"><span class='ocrx_word' id='word_1_260' title='bbox 174 1955 264 1996; x_wconf 85' lang='lat' dir='ltr'>cius</span> <span class='ocrx_word' id='word_1_261' title='bbox 295 1954 523 2004; x_wconf 84' lang='lat' dir='ltr'>Quinctius</span> <span class='ocrx_word' id='word_1_262' title='bbox 552 1956 596 1999; x_wconf 90' lang='lat' dir='ltr'>in</span> <span class='ocrx_word' id='word_1_263' title='bbox 624 1958 791 2015; x_wconf 89' lang='lat' dir='ltr'>incepto</span> <span class='ocrx_word' id='word_1_264' title='bbox 820 1957 1046 2014; x_wconf 87' lang='lat' dir='ltr'>perstabat.</span> <span class='ocrx_word' id='word_1_265' title='bbox 1077 1957 1112 1997; x_wconf 90' lang='lat' dir='ltr'>is</span> <span class='ocrx_word' id='word_1_266' title='bbox 1134 1972 1304 2012; x_wconf 91' lang='lat' dir='ltr'>quoque</span> <span class='ocrx_word' id='word_1_267' title='bbox 1326 1966 1374 1997; x_wconf 88' lang='lat' dir='ltr'>ut</span> <span class='ocrx_word' id='word_1_268' title='bbox 1397 1970 1476 2012; x_wconf 88' lang='lat' dir='ltr'>pro</span> <span class='ocrx_word' id='word_1_269' title='bbox 1505 1972 1590 1998; x_wconf 88' lang='lat' dir='ltr'>om·</span> <span class='ocrx_word' id='word_1_270' title='bbox 1601 1951 1762 2001; x_wconf 72' lang='lat' dir='ltr'>nnthiqb-</span> 
     </span>
     <span class='ocr_line' id='line_1_34' title="bbox 172 2000 1762 2071; baseline 0.003 -20"><span class='ocrx_word' id='word_1_271' title='bbox 172 2010 299 2054; x_wconf 82' lang='lat' dir='ltr'>nibus</span> <span class='ocrx_word' id='word_1_272' title='bbox 338 2014 470 2068; x_wconf 91' lang='lat' dir='ltr'>portis</span> <span class='ocrx_word' id='word_1_273' title='bbox 506 2013 711 2070; x_wconf 64' lang='lat' dir='ltr'>‚disposita</span> <span class='ocrx_word' id='word_1_274' title='bbox 748 2015 856 2056; x_wconf 76' lang='lat' dir='ltr'>vidit</span> <span class='ocrx_word' id='word_1_275' title='bbox 891 2013 923 2038; x_wconf 84' lang='lat'>9⁵</span> <span class='ocrx_word' id='word_1_276' title='bbox 937 2013 1131 2071; x_wconf 72' lang='lat' dir='ltr'>praesidia</span> <span class='ocrx_word' id='word_1_277' title='bbox 1170 2013 1285 2068; x_wconf 89' lang='lat' dir='ltr'>regia</span> <span class='ocrx_word' id='word_1_278' title='bbox 1297 2016 1324 2062; x_wconf 77' lang='lat'>¹¹,</span> <span class='ocrx_word' id='word_1_279' title='bbox 1360 2028 1435 2053; x_wconf 89' lang='lat' dir='ltr'>nec</span> <span class='ocrx_word' id='word_1_280' title='bbox 1468 2000 1762 2056; x_wconf 66' lang='lat' dir='ltr'>facilepugnauo.</span> 
     </span>
     <span class='ocr_line' id='line_1_35' title="bbox 172 2069 1589 2127; baseline 0.004 -20"><span class='ocrx_word' id='word_1_281' title='bbox 172 2069 484 2125; x_wconf 90' lang='lat' dir='ltr'>erumpentium</span> <span class='ocrx_word' id='word_1_282' title='bbox 513 2070 681 2127; x_wconf 87' lang='lat' dir='ltr'>inpetus</span> <span class='ocrx_word' id='word_1_283' title='bbox 711 2070 904 2114; x_wconf 89' lang='lat' dir='ltr'>sustineri</span> <span class='ocrx_word' id='word_1_284' title='bbox 935 2086 1070 2127; x_wconf 89' lang='lat' dir='ltr'>posse,</span> <span class='ocrx_word' id='word_1_285' title='bbox 1100 2070 1143 2111; x_wconf 90' lang='lat' dir='ltr'>in</span> <span class='ocrx_word' id='word_1_286' title='bbox 1173 2069 1312 2111; x_wconf 87' lang='lat' dir='ltr'>Attali</span> <span class='ocrx_word' id='word_1_287' title='bbox 1344 2070 1589 2112; x_wconf 88' lang='lat' dir='ltr'>sententiam</span> 
     </span>
     <span class='ocr_line' id='line_1_36' title="bbox 172 2126 1590 2185; baseline 0.003 -20"><span class='ocrx_word' id='word_1_288' title='bbox 172 2126 384 2168; x_wconf 89' lang='lat' dir='ltr'>concessit.</span> <span class='ocrx_word' id='word_1_289' title='bbox 430 2126 491 2170; x_wconf 85' lang='lat' dir='ltr'>ita</span> <span class='ocrx_word' id='word_1_290' title='bbox 520 2126 639 2170; x_wconf 88' lang='lat' dir='ltr'>irrito</span> <span class='ocrx_word' id='word_1_291' title='bbox 670 2129 851 2185; x_wconf 84' lang='lat' dir='ltr'>incepto,</span> <span class='ocrx_word' id='word_1_292' title='bbox 884 2127 1064 2169; x_wconf 89' lang='lat' dir='ltr'>dimissis</span> <span class='ocrx_word' id='word_1_293' title='bbox 1098 2126 1284 2177; x_wconf 84' lang='lat' dir='ltr'>Achaeis,</span> <span class='ocrx_word' id='word_1_294' title='bbox 1318 2126 1502 2169; x_wconf 91' lang='lat' dir='ltr'>reditum</span> <span class='ocrx_word' id='word_1_295' title='bbox 1533 2128 1590 2169; x_wconf 90' lang='lat' dir='ltr'>ad</span> 
     </span>
    </p>

    <p class='ocr_par' dir='ltr' id='par_1_20' title="bbox 171 2184 1588 2240">
     <span class='ocr_line' id='line_1_37' title="bbox 171 2184 1588 2240; baseline 0.003 -18"><span class='ocrx_word' id='word_1_296' title='bbox 171 2195 297 2224; x_wconf 86' lang='lat' dir='ltr'>naves</span> <span class='ocrx_word' id='word_1_297' title='bbox 326 2192 401 2225; x_wconf 86' lang='lat' dir='ltr'>est.</span> <span class='ocrx_word' id='word_1_298' title='bbox 462 2184 638 2229; x_wconf 82' lang='lat' dir='ltr'>Attalus</span> <span class='ocrx_word' id='word_1_299' title='bbox 659 2186 882 2236; x_wconf 81' lang='lat' dir='ltr'>Piraeeum,</span> <span class='ocrx_word' id='word_1_300' title='bbox 906 2184 1087 2226; x_wconf 85' lang='lat' dir='ltr'>Romani</span> <span class='ocrx_word' id='word_1_301' title='bbox 1111 2185 1335 2240; x_wconf 87' lang='lat' dir='ltr'>Corcyram</span> <span class='ocrx_word' id='word_1_302' title='bbox 1361 2184 1588 2240; x_wconf 86' lang='lat' dir='ltr'>petierunt.</span> 
     </span>
    </p>
   </div>
   <div class='ocr_carea' id='block_1_3' title="bbox 623 2283 1111 2326">
    <p class='ocr_par' dir='ltr' id='par_1_21' title="bbox 623 2283 1111 2326">
     <span class='ocr_line' id='line_1_38' title="bbox 623 2283 1111 2326; baseline 0 -12"><span class='ocrx_word' id='word_1_303' title='bbox 623 2285 634 2305; x_wconf 92' lang='lat' dir='ltr'>t</span> <span class='ocrx_word' id='word_1_304' title='bbox 650 2285 671 2314; x_wconf 78' lang='lat' dir='ltr'>iz·</span> <span class='ocrx_word' id='word_1_305' title='bbox 687 2285 784 2316; x_wconf 89' lang='lat' dir='ltr'>Gron.</span> <span class='ocrx_word' id='word_1_306' title='bbox 913 2287 928 2305; x_wconf 80' lang='lat'>¹¹</span> <span class='ocrx_word' id='word_1_307' title='bbox 942 2286 1017 2326; x_wconf 69' lang='lat' dir='ltr'>regis</span> <span class='ocrx_word' id='word_1_308' title='bbox 1030 2283 1111 2315; x_wconf 89' lang='lat' dir='ltr'>Ead.</span> 
     </span>
    </p>
   </div>
   <div class='ocr_carea' id='block_1_4' title="bbox 168 2367 1585 2884">
    <p class='ocr_par' dir='ltr' id='par_1_22' title="bbox 171 2367 1585 2540">
     <span class='ocr_line' id='line_1_39' title="bbox 213 2367 1584 2410; baseline 0.002 -14"><span class='ocrx_word' id='word_1_309' title='bbox 213 2367 253 2397; x_wconf 85' lang='lat'>91</span> <span class='ocrx_word' id='word_1_310' title='bbox 283 2367 324 2398; x_wconf 83' lang='lat' dir='ltr'>Et</span> <span class='ocrx_word' id='word_1_311' title='bbox 349 2368 379 2398; x_wconf 86' lang='lat' dir='ltr'>hi</span> <span class='ocrx_word' id='word_1_312' title='bbox 405 2369 536 2410; x_wconf 80' lang='lat' dir='ltr'>quidem]</span> <span class='ocrx_word' id='word_1_313' title='bbox 574 2368 625 2400; x_wconf 84' lang='lat' dir='ltr'>Sic</span> <span class='ocrx_word' id='word_1_314' title='bbox 653 2369 749 2401; x_wconf 86' lang='lat' dir='ltr'>habet</span> <span class='ocrx_word' id='word_1_315' title='bbox 775 2380 856 2401; x_wconf 87' lang='lat' dir='ltr'>unus</span> <span class='ocrx_word' id='word_1_316' title='bbox 899 2379 1008 2400; x_wconf 86' lang='lat' dir='ltr'>manos</span> <span class='ocrx_word' id='word_1_317' title='bbox 1041 2368 1153 2400; x_wconf 81' lang='lat' dir='ltr'>militia</span> <span class='ocrx_word' id='word_1_318' title='bbox 1180 2368 1330 2399; x_wconf 81' lang='lat' dir='ltr'>terrestris</span> <span class='ocrx_word' id='word_1_319' title='bbox 1356 2367 1461 2399; x_wconf 79' lang='lat' dir='ltr'>navali</span> <span class='ocrx_word' id='word_1_320' title='bbox 1485 2368 1584 2399; x_wconf 88' lang='lat' dir='ltr'>hono-</span> 
     </span>
     <span class='ocr_line' id='line_1_40' title="bbox 171 2409 1584 2444; baseline 0.001 -5"><span class='ocrx_word' id='word_1_321' title='bbox 171 2417 190 2438; x_wconf 70' lang='grc'>0</span> <span class='ocrx_word' id='word_1_322' title='bbox 214 2409 420 2442; x_wconf 89' lang='lat' dir='ltr'>Gronovianis</span> <span class='ocrx_word' id='word_1_323' title='bbox 443 2412 534 2443; x_wconf 92' lang='lat' dir='ltr'>codd.</span> <span class='ocrx_word' id='word_1_324' title='bbox 551 2412 761 2444; x_wconf 84' lang='lat' dir='ltr'>consentiente</span> <span class='ocrx_word' id='word_1_325' title='bbox 780 2413 855 2444; x_wconf 85' lang='lat' dir='ltr'>Vic-</span> <span class='ocrx_word' id='word_1_326' title='bbox 900 2413 993 2443; x_wconf 82' lang='lat' dir='ltr'>ratior</span> <span class='ocrx_word' id='word_1_327' title='bbox 1016 2417 1100 2443; x_wconf 88' lang='lat' dir='ltr'>erat:</span> <span class='ocrx_word' id='word_1_328' title='bbox 1123 2412 1156 2442; x_wconf 87' lang='lat' dir='ltr'>in</span> <span class='ocrx_word' id='word_1_329' title='bbox 1169 2411 1249 2442; x_wconf 86' lang='lat' dir='ltr'>hanc</span> <span class='ocrx_word' id='word_1_330' title='bbox 1269 2411 1405 2442; x_wconf 85' lang='lat' dir='ltr'>libertini</span> <span class='ocrx_word' id='word_1_331' title='bbox 1426 2412 1489 2442; x_wconf 84' lang='lat' dir='ltr'>fere</span> <span class='ocrx_word' id='word_1_332' title='bbox 1511 2421 1584 2442; x_wconf 89' lang='lat' dir='ltr'>con-</span> 
     </span>
     <span class='ocr_line' id='line_1_41' title="bbox 172 2451 1583 2498; baseline 0.002 -17"><span class='ocrx_word' id='word_1_333' title='bbox 172 2451 289 2484; x_wconf 80' lang='lat' dir='ltr'>torino:</span> <span class='ocrx_word' id='word_1_334' title='bbox 320 2453 415 2495; x_wconf 87' lang='lat' dir='ltr'>idque</span> <span class='ocrx_word' id='word_1_335' title='bbox 438 2455 540 2498; x_wconf 87' lang='lat' dir='ltr'>aptius</span> <span class='ocrx_word' id='word_1_336' title='bbox 560 2455 661 2487; x_wconf 89' lang='lat' dir='ltr'>visum</span> <span class='ocrx_word' id='word_1_337' title='bbox 683 2461 729 2487; x_wconf 88' lang='lat' dir='ltr'>est</span> <span class='ocrx_word' id='word_1_338' title='bbox 751 2465 857 2498; x_wconf 86' lang='lat' dir='ltr'>quam,</span> <span class='ocrx_word' id='word_1_339' title='bbox 902 2455 1126 2491; x_wconf 83' lang='lat' dir='ltr'>scribebantur,</span> <span class='ocrx_word' id='word_1_340' title='bbox 1155 2460 1210 2485; x_wconf 83' lang='lat' dir='ltr'>aut</span> <span class='ocrx_word' id='word_1_341' title='bbox 1245 2460 1328 2485; x_wconf 87' lang='lat' dir='ltr'>certe</span> <span class='ocrx_word' id='word_1_342' title='bbox 1363 2454 1516 2485; x_wconf 86' lang='lat' dir='ltr'>tenuiores</span> <span class='ocrx_word' id='word_1_343' title='bbox 1545 2464 1583 2484; x_wconf 86' lang='lat' dir='ltr'>ex</span> 
     </span>
     <span class='ocr_line' id='line_1_42' title="bbox 172 2495 1585 2540; baseline 0.001 -15"><span class='ocrx_word' id='word_1_344' title='bbox 172 2495 256 2535; x_wconf 90' lang='lat' dir='ltr'>quod</span> <span class='ocrx_word' id='word_1_345' title='bbox 270 2496 372 2528; x_wconf 87' lang='lat' dir='ltr'>editur</span> <span class='ocrx_word' id='word_1_346' title='bbox 386 2498 490 2540; x_wconf 88' lang='lat' dir='ltr'>vulgo,</span> <span class='ocrx_word' id='word_1_347' title='bbox 506 2499 582 2529; x_wconf 80' lang='lat' dir='ltr'>etii.</span> <span class='ocrx_word' id='word_1_348' title='bbox 901 2497 1055 2539; x_wconf 86' lang='lat' dir='ltr'>ingenuis,</span> <span class='ocrx_word' id='word_1_349' title='bbox 1076 2503 1112 2528; x_wconf 89' lang='lat' dir='ltr'>ut</span> <span class='ocrx_word' id='word_1_350' title='bbox 1133 2508 1226 2539; x_wconf 84' lang='lat' dir='ltr'>supra</span> <span class='ocrx_word' id='word_1_351' title='bbox 1248 2498 1268 2528; x_wconf 87' lang='lat'>1.</span> <span class='ocrx_word' id='word_1_352' title='bbox 1294 2498 1408 2528; x_wconf 82' lang='lat' dir='ltr'><strong>XXII.</strong></span> <span class='ocrx_word' id='word_1_353' title='bbox 1429 2507 1455 2527; x_wconf 86' lang='lat' dir='ltr'>c.</span> <span class='ocrx_word' id='word_1_354' title='bbox 1482 2498 1532 2526; x_wconf 86' lang='grc'>11.</span> <span class='ocrx_word' id='word_1_355' title='bbox 1553 2502 1585 2526; x_wconf 82' lang='lat' dir='ltr'>et</span> 
     </span>
    </p>

    <p class='ocr_par' dir='ltr' id='par_1_23' title="bbox 170 2538 1584 2710">
     <span class='ocr_line' id='line_1_43' title="bbox 214 2538 1584 2583; baseline -0.001 -14"><span class='ocrx_word' id='word_1_356' title='bbox 214 2539 256 2569; x_wconf 86' lang='lat'>92</span> <span class='ocrx_word' id='word_1_357' title='bbox 280 2539 321 2570; x_wconf 70' lang='lat' dir='ltr'>Er</span> <span class='ocrx_word' id='word_1_358' title='bbox 349 2540 493 2583; x_wconf 75' lang='lat' dir='ltr'>suffragio</span> <span class='ocrx_word' id='word_1_359' title='bbox 519 2547 662 2577; x_wconf 78' lang='lat' dir='ltr'>creatum,</span> <span class='ocrx_word' id='word_1_360' title='bbox 687 2552 738 2572; x_wconf 84' lang='lat' dir='ltr'>suo</span> <span class='ocrx_word' id='word_1_361' title='bbox 766 2543 854 2580; x_wconf 82' lang='lat' dir='ltr'>impe-</span> <span class='ocrx_word' id='word_1_362' title='bbox 898 2540 978 2572; x_wconf 85' lang='lat' dir='ltr'>infra</span> <span class='ocrx_word' id='word_1_363' title='bbox 993 2541 1015 2572; x_wconf 91' lang='lat' dir='ltr'>l.</span> <span class='ocrx_word' id='word_1_364' title='bbox 1031 2541 1191 2579; x_wconf 81' lang='lat' dir='ltr'>XXXVI.</span> <span class='ocrx_word' id='word_1_365' title='bbox 1209 2550 1236 2571; x_wconf 87' lang='lat' dir='ltr'>c.</span> <span class='ocrx_word' id='word_1_366' title='bbox 1259 2541 1290 2571; x_wconf 85' lang='lat'>2.</span> <span class='ocrx_word' id='word_1_367' title='bbox 1318 2540 1394 2571; x_wconf 67' lang='lat' dir='ltr'>Vid„</span> <span class='ocrx_word' id='word_1_368' title='bbox 1415 2544 1445 2569; x_wconf 87' lang='lat' dir='ltr'>et</span> <span class='ocrx_word' id='word_1_369' title='bbox 1469 2538 1584 2579; x_wconf 78' lang='lat' dir='ltr'>Polyb.</span> 
     </span>
     <span class='ocr_line' id='line_1_44' title="bbox 170 2580 1581 2627; baseline -0.004 -11"><span class='ocrx_word' id='word_1_370' title='bbox 170 2580 216 2610; x_wconf 62' lang='lat'>2⁸5⁰</span> <span class='ocrx_word' id='word_1_371' title='bbox 235 2582 335 2623; x_wconf 65' lang='lat' dir='ltr'>justo]</span> <span class='ocrx_word' id='word_1_372' title='bbox 365 2583 447 2615; x_wconf 84' lang='lat' dir='ltr'>Haec</span> <span class='ocrx_word' id='word_1_373' title='bbox 476 2590 620 2627; x_wconf 82' lang='lat' dir='ltr'>corrupta</span> <span class='ocrx_word' id='word_1_374' title='bbox 647 2590 730 2615; x_wconf 83' lang='lat' dir='ltr'>sunt.</span> <span class='ocrx_word' id='word_1_375' title='bbox 775 2584 856 2615; x_wconf 92' lang='lat' dir='ltr'>Gro-</span> <span class='ocrx_word' id='word_1_376' title='bbox 896 2584 920 2618; x_wconf 80' lang='grc'>1.</span> <span class='ocrx_word' id='word_1_377' title='bbox 943 2584 1004 2615; x_wconf 87' lang='lat' dir='ltr'>VI.</span> <span class='ocrx_word' id='word_1_378' title='bbox 1031 2589 1061 2615; x_wconf 89' lang='lat' dir='ltr'>et</span> <span class='ocrx_word' id='word_1_379' title='bbox 1087 2583 1171 2626; x_wconf 88' lang='lat' dir='ltr'>Lips.</span> <span class='ocrx_word' id='word_1_380' title='bbox 1196 2583 1218 2612; x_wconf 94' lang='lat' dir='ltr'>l.</span> <span class='ocrx_word' id='word_1_381' title='bbox 1246 2584 1273 2613; x_wconf 92' lang='lat' dir='ltr'>I.</span> <span class='ocrx_word' id='word_1_382' title='bbox 1301 2583 1340 2613; x_wconf 89' lang='lat' dir='ltr'>de</span> <span class='ocrx_word' id='word_1_383' title='bbox 1365 2581 1462 2613; x_wconf 85' lang='lat' dir='ltr'>Milit.</span> <span class='ocrx_word' id='word_1_384' title='bbox 1487 2581 1581 2612; x_wconf 88' lang='lat' dir='ltr'>Rom.</span> 
     </span>
     <span class='ocr_line' id='line_1_45' title="bbox 170 2623 1510 2670; baseline 0.003 -15"><span class='ocrx_word' id='word_1_385' title='bbox 170 2623 282 2657; x_wconf 82' lang='lat' dir='ltr'>novius</span> <span class='ocrx_word' id='word_1_386' title='bbox 318 2625 461 2667; x_wconf 84' lang='lat' dir='ltr'>conjicit:</span> <span class='ocrx_word' id='word_1_387' title='bbox 498 2634 525 2658; x_wconf 83' lang='lat' dir='ltr'>et</span> <span class='ocrx_word' id='word_1_388' title='bbox 552 2627 695 2670; x_wconf 83' lang='lat' dir='ltr'>suffragio</span> <span class='ocrx_word' id='word_1_389' title='bbox 727 2634 858 2659; x_wconf 80' lang='lat' dir='ltr'>creatum</span> <span class='ocrx_word' id='word_1_390' title='bbox 900 2627 985 2658; x_wconf 85' lang='lat' dir='ltr'>Dial.</span> <span class='ocrx_word' id='word_1_391' title='bbox 1003 2628 1034 2658; x_wconf 81' lang='lat'>2.</span> <span class='ocrx_word' id='word_1_392' title='bbox 1505 2665 1510 2670; x_wconf 48' lang='grc'>,</span> 
     </span>
     <span class='ocr_line' id='line_1_46' title="bbox 170 2667 1582 2710; baseline -0.003 -9"><span class='ocrx_word' id='word_1_393' title='bbox 170 2675 224 2697; x_wconf 62' lang='grc' dir='ltr'>δυο</span> <span class='ocrx_word' id='word_1_394' title='bbox 237 2667 437 2707; x_wconf 80' lang='lat' dir='ltr'>imperatorem</span> <span class='ocrx_word' id='word_1_395' title='bbox 443 2672 572 2710; x_wconf 80' lang='lat' dir='ltr'>justum.</span> <span class='ocrx_word' id='word_1_396' title='bbox 951 2671 994 2700; x_wconf 85' lang='lat'>95</span> <span class='ocrx_word' id='word_1_397' title='bbox 1031 2669 1178 2700; x_wconf 78' lang='lat' dir='ltr'>Proesz&#39;dz&#39;a</span> <span class='ocrx_word' id='word_1_398' title='bbox 1221 2669 1319 2710; x_wconf 77' lang='lat' dir='ltr'>regia]</span> <span class='ocrx_word' id='word_1_399' title='bbox 1377 2668 1582 2698; x_wconf 72' lang='lat' dir='ltr'>Gronovianae</span> 
     </span>
    </p>

    <p class='ocr_par' dir='ltr' id='par_1_24' title="bbox 168 2708 1581 2833">
     <span class='ocr_line' id='line_1_47' title="bbox 215 2708 1580 2754; baseline -0.002 -11"><span class='ocrx_word' id='word_1_400' title='bbox 215 2708 257 2739; x_wconf 89' lang='lat'>93</span> <span class='ocrx_word' id='word_1_401' title='bbox 279 2711 505 2754; x_wconf 75' lang='lat' dir='ltr'>Pugnantibus]</span> <span class='ocrx_word' id='word_1_402' title='bbox 532 2712 614 2744; x_wconf 86' lang='lat' dir='ltr'>Cum</span> <span class='ocrx_word' id='word_1_403' title='bbox 637 2711 747 2743; x_wconf 87' lang='lat' dir='ltr'>eodem</span> <span class='ocrx_word' id='word_1_404' title='bbox 775 2712 854 2744; x_wconf 79' lang='lat' dir='ltr'>Gro-</span> <span class='ocrx_word' id='word_1_405' title='bbox 894 2712 1049 2751; x_wconf 77' lang='lat' dir='ltr'>¹editiones</span> <span class='ocrx_word' id='word_1_406' title='bbox 1074 2714 1158 2752; x_wconf 80' lang='lat' dir='ltr'>regis.</span> <span class='ocrx_word' id='word_1_407' title='bbox 1204 2712 1271 2742; x_wconf 82' lang='lat' dir='ltr'>Nos</span> <span class='ocrx_word' id='word_1_408' title='bbox 1295 2708 1468 2750; x_wconf 80' lang='lat' dir='ltr'>elegantius</span> <span class='ocrx_word' id='word_1_409' title='bbox 1491 2715 1580 2751; x_wconf 74' lang='lat' dir='ltr'>puta—</span> 
     </span>
     <span class='ocr_line' id='line_1_48' title="bbox 175 2749 1581 2797; baseline 0.002 -18"><span class='ocrx_word' id='word_1_410' title='bbox 175 2749 266 2781; x_wconf 88' lang='lat' dir='ltr'>novio</span> <span class='ocrx_word' id='word_1_411' title='bbox 292 2753 433 2786; x_wconf 87' lang='lat' dir='ltr'>videmur</span> <span class='ocrx_word' id='word_1_412' title='bbox 461 2756 563 2797; x_wconf 81' lang='lat' dir='ltr'>legere</span> <span class='ocrx_word' id='word_1_413' title='bbox 600 2755 711 2787; x_wconf 88' lang='lat' dir='ltr'>debere</span> <span class='ocrx_word' id='word_1_414' title='bbox 744 2767 855 2797; x_wconf 80' lang='lat' dir='ltr'>oppug-</span> <span class='ocrx_word' id='word_1_415' title='bbox 899 2755 1000 2786; x_wconf 90' lang='lat' dir='ltr'>vimus</span> <span class='ocrx_word' id='word_1_416' title='bbox 1011 2764 1077 2786; x_wconf 86' lang='lat' dir='ltr'>esse</span> <span class='ocrx_word' id='word_1_417' title='bbox 1093 2754 1127 2785; x_wconf 72' lang='grc' dir='ltr'>ιν)</span> <span class='ocrx_word' id='word_1_418' title='bbox 1143 2756 1233 2796; x_wconf 63' lang='lat' dir='ltr'>regia,</span> <span class='ocrx_word' id='word_1_419' title='bbox 1247 2752 1329 2794; x_wconf 89' lang='lat' dir='ltr'>quod</span> <span class='ocrx_word' id='word_1_420' title='bbox 1342 2752 1436 2782; x_wconf 88' lang='lat' dir='ltr'>habet</span> <span class='ocrx_word' id='word_1_421' title='bbox 1446 2762 1529 2788; x_wconf 68' lang='lat' dir='ltr'>⁴unus</span> <span class='ocrx_word' id='word_1_422' title='bbox 1544 2762 1581 2789; x_wconf 70' lang='lat' dir='ltr'>ex</span> 
     </span>
     <span class='ocr_line' id='line_1_49' title="bbox 168 2794 1580 2833; baseline -0.002 -6"><span class='ocrx_word' id='word_1_423' title='bbox 168 2795 322 2827; x_wconf 73' lang='lat' dir='ltr'>-210-nt1&#39;b115.</span> <span class='ocrx_word' id='word_1_424' title='bbox 900 2797 1031 2833; x_wconf 82' lang='lat' dir='ltr'>Hearnii</span> <span class='ocrx_word' id='word_1_425' title='bbox 1061 2797 1153 2828; x_wconf 89' lang='lat' dir='ltr'>codd.</span> <span class='ocrx_word' id='word_1_426' title='bbox 1180 2802 1211 2828; x_wconf 83' lang='lat' dir='ltr'>et</span> <span class='ocrx_word' id='word_1_427' title='bbox 1239 2801 1340 2827; x_wconf 79' lang='lat' dir='ltr'>noster</span> <span class='ocrx_word' id='word_1_428' title='bbox 1370 2794 1487 2826; x_wconf 82' lang='lat' dir='ltr'>Victor.</span> <span class='ocrx_word' id='word_1_429' title='bbox 1513 2794 1580 2831; x_wconf 81' lang='lat' dir='ltr'>An-</span> 
     </span>
    </p>

    <p class='ocr_par' dir='ltr' id='par_1_25' title="bbox 214 2836 1163 2884">
     <span class='ocr_line' id='line_1_50' title="bbox 214 2836 1163 2884; baseline 0.006 -18"><span class='ocrx_word' id='word_1_430' title='bbox 214 2836 255 2866; x_wconf 81' lang='grc'>94</span> <span class='ocrx_word' id='word_1_431' title='bbox 280 2836 484 2871; x_wconf 77' lang='lat' dir='ltr'>Honoratioris</span> <span class='ocrx_word' id='word_1_432' title='bbox 505 2842 644 2884; x_wconf 62' lang='lat' dir='ltr'>militie]</span> <span class='ocrx_word' id='word_1_433' title='bbox 670 2841 766 2883; x_wconf 74' lang='lat' dir='ltr'>Apud</span> <span class='ocrx_word' id='word_1_434' title='bbox 791 2841 855 2875; x_wconf 80' lang='lat' dir='ltr'>Rc·</span> <span class='ocrx_word' id='word_1_435' title='bbox 902 2841 1043 2881; x_wconf 80' lang='lat' dir='ltr'>dreaeque</span> <span class='ocrx_word' id='word_1_436' title='bbox 1059 2839 1163 2872; x_wconf 73' lang='lat' dir='ltr'>editio·</span> 
     </span>
    </p>
   </div>
  </div>
 </body>
</html>
