1947 3222
632 65 753 102 LIB.
783 64 884 101 XL..
916 66 1045 103 CAP.
1080 67 1133 103 ΙΙ.
1512 73 1585 106 455

177 172 354 215 evertit:
386 172 403 197 ³
416 173 582 229 fastigia
601 173 762 228 aliquot
788 172 1053 228 templorum,
1075 190 1099 214 a
1120 174 1368 216 culminibus
1389 175 1583 232 abrupta,
1600 192 1640 223 U.
1655 191 1692 224 C
1703 191 1776 222 570.
1803 217 1805 219 ,

176 230 289 271 foede
316 208 544 286 dissipavit.
606 230 758 285 Itaque
788 245 830 270 111
860 229 1100 292 prodigium
1126 245 1242 271 versa
1270 247 1318 273 ea
1347 236 1627 288 tempestas,A

178 301 391 342 procurari
395 303 476 342 que
515 286 699 382 amslfiss
683 301 723 326 es
761 286 989 341 jusserunt.
1036 285 1159 326 simul
1189 297 1467 349 procuratum
1507 298 1583 341 est,

179 343 294 398 quod
316 343 519 399 tripedem
548 357 619 382 mu
640 358 709 382 um
734 344 866 384 Reate
896 350 1041 384 natum
1076 342 1318 383 nunciatum
1356 353 1456 395 erat,
1479 345 1540 387 *et
1562 362 1587 387 a

181 400 358 442 Formiis
387 400 519 440 aedem
540 399 751 454 Apollinis
781 415 827 440 ac
851 399 1005 441 Caietae
1040 398 1092 440 de
1122 399 1225 439 coelo
1255 407 1419 440 tactam.
1451 402 1504 442 ob
1540 408 1588 443 'ea

178 457 370 512 prodigia
398 455 547 511 viginti
576 456 721 497 hostiis
751 456 978 512 majoribus
1009 455 1282 497 sacrificatum
1312 464 1388 505 est,
1410 465 1449 497 et
1478 458 1586 500 diem

179 528 310 554 unum
340 513 589 576 supplicatio
619 512 712 554 fuit.
775 514 856 554 Per
883 513 1048 554 eosdem
1069 513 1157 554 dies
1187 527 1238 553 ex
1268 512 1399 554 literis
1431 514 1481 553 A.
1506 517 1585 556 Te-

177 569 300 610 rentii
339 569 608 625 propraetoris
643 571 872 626 cognitum,
910 571 958 610 P.
983 569 1274 625 Sempronium
1313 570 1357 610 in
1391 569 1588 612 ulteliore

177 625 404 691 provincia?
434 642 566 682 quum
601 625 697 682 plus
727 641 881 667 annum
916 641 1026 681 aeger
1058 626 1219 676 fuisset,
1246 634 1460 668 mortuum
1490 643 1587 668 esse.

1456 684 1591 740 Lega-

177 697 227 723 eo
246 684 453 724 maturius
477 699 516 723 111
541 683 788 738 Hispaniam
819 692 1019 739 praetores
1042 683 1149 739 jussi
1179 682 1394 739 proficisci.

1631 235 1689 266 ..C
1705 235 1774 264 182.

1605 697 1787 739 Legationes

176 738 309 780 tiones
349 741 635 781 transmarinae
675 740 824 781 deinde
872 755 915 781 1n
955 748 1144 781 senatum
1190 739 1441 781 introductae
1481 749 1589 782 511111.
1605 742 1780 772 transmari

176 794 346 837 ⁵Prima
365 796 589 838 6Ε1111181115
617 805 658 838 et
680 797 907 838 Phainacis
936 812 1098 852 regum,
1121 805 1161 838 et
1181 795 1470 837 '‘Rhodiorum
1491 813 1593 853 que-

177 852 359 893 rentium
381 853 433 894 de
461 853 749 909 Sinopensium
779 854 907 895 clade.

972 853 1158 909 Philippi
1188 868 1357 909 quoque
1387 853 1528 909 legati,
1550 863 1592 896 et

178 909 449 961 Achaeorum,
481 919 522 952 et
554 910 981 960 Lacedaemoniorum,
1015 910 1094 951 sub
1129 910 1240 950 idem
1277 918 1443 965 tempus
1472 926 1593 952 vene-

179 974 292 1007 runt.
324 966 402 1007 8iis
428 967 545 1023 prius
568 968 730 1030 Marcio
751 967 908 1016 audito,
932 967 1007 1023 qui
1028 967 1082 1007 ad
1111 982 1176 1007 res
1199 966 1374 1007 Graeciae
1397 968 1594 1009 Macedo-

179 1021 344 1085 niaeque
364 1023 555 1064 visendas
585 1023 734 1065 missus
764 1033 866 1074 erat,
888 1039 1084 1080 lesponsa
1103 1023 1202 1064 data
1224 1031 1333 1064 sunt.

1394 1024 1511 1065 Asiae
1531 1040 1593 1065 re-

179 1078 304 1134 gibus
324 1095 371 1121 ac
393 1081 572 1121 Rhodiis
602 1095 846 1136 responsum
870 1088 945 1128 est,
969 1080 1126 1135 legatos
1147 1080 1202 1120 ad
1231 1094 1299 1120 eas
1318 1095 1383 1120 res
1403 1080 1593 1122 visendas

179 1135 404 1178 missurum
427 1145 629 1178 senatum.

219 1230 242 1260 3
266 1229 400 1271 Fascigw
423 1231 534 1271 aliquot
558 1231 728 1270 templorum
757 1244 775 1260 a
801 1231 865 1261 ‹eul-

175 1272 305 1303 minz'bus
338 1275 479 1315 abrupta]
525 1273 695 1314 I¹'astigium
730 1279 777 1303 est
813 1273 868 1304 illa

178 1324 252 1357 pars
273 1315 345 1346 tecti
368 1327 440 1357 quae
466 1316 499 1346 in
524 1316 718 1346 altitudinem
746 1315 867 1346 extolli-

179 1363 229 1388 tur
248 1358 428 1400 triangulari
451 1359 513 1389 fere
536 1359 642 1389 forma„
687 1358 761 1389 vid.
778 1360 866 1389 Mar-

179 1400 250 1431 tinii
272 1401 409 1432 Lexieon
430 1401 462 1432 in
485 1412 558 1432 voce
574 1401 749 1443 Fastigz'um.
795 1402 868 1432 Sola

182 1448 286 1474 autem
307 1444 491 1486 templorum
506 1449 588 1475 tecta
609 1444 755 1485 fastigata
768 1450 866 1480 erant,

142 1489 147 1494 ‘
181 1495 276 1526 quum
290 1492 459 1518 ceterorum
469 1487 668 1518 aedificiorum
679 1493 761 1517 tecta
772 1487 868 1529 plana

180 1534 292 1559 essent.
337 1530 415 1560 Inde
431 1530 594 1571 fastigium
619 1535 793 1560 recensetur
820 1530 866 1560 in-

181 1576 227 1601 ter
258 1571 387 1603 honores
418 1573 539 1603 divinos
568 1573 683 1603 Caesari
717 1573 867 1608 decretos,

181 1614 265 1645 Phil.
282 1615 328 1645 II.
344 1626 375 1646 n.
397 1617 465 1646 110.
489 1616 563 1646 Vid.
584 1622 615 1647 et
629 1617 714 1647 Suet.
737 1614 769 1645 in
785 1616 868 1646 Caes.

175 1667 211 1697 ¹c.
236 1659 288 1688 81.
321 1664 353 1689 et
381 1658 423 1688 ibi
452 1658 683 1689 Casaubonum.
730 1658 866 1692 Culmen,

181 1700 265 1740 quod
292 1700 342 1732 hic
365 1700 562 1742 distinguitur
588 1713 605 1732 a
633 1700 766 1742 fastigio,
791 1701 867 1731 nihil

181 1742 267 1773 aliud
285 1753 351 1775 esse
374 1748 484 1791 potest,
500 1754 594 1785 quarn
608 1744 680 1775 tecti
703 1754 774 1791 pars
789 1743 866 1774 infe-

179 1785 251 1822 rior,
267 1796 337 1827 quae
360 1786 512 1828 reliquum
533 1787 696 1818 aedificium
711 1786 796 1828 tegit,
813 1786 866 1817 sed

179 1809 303 1869 fastigio
317 1829 456 1871 subjecta
469 1835 526 1860 est.

225 1872 245 1900 4
270 1872 308 1902 Et
341 1885 360 1903 α
387 1872 510 1903 Formiis
544 1874 634 1903 aedem
657 1873 799 1911 Apollinis
833 1883 867 1902 ac

184 1913 310 1955 Caietoe]
345 1915 537 1947 Particulam
564 1926 598 1944 ae
623 1920 737 1945 terrere
766 1921 867 1946 sustu-

181 1956 261 1986 lerat
283 1957 436 1999 Sigonius.
482 1959 562 1988 Eam
585 1958 723 1988 obsecuti
747 1958 867 1988 Grono-

181 1998 232 2029 vio
254 2000 461 2042 reposuimus:
494 2011 530 2031 eo
554 1999 654 2040 magis
680 2000 761 2040 quod
785 1999 869 2030 Vict.

183 2041 262 2072 liber
295 2043 389 2073 habet
415 2049 442 2073 et
471 2044 595 2074 Caietoe
653 2042 754 2073 Recte
786 2042 869 2073 idem

182 2084 359 2116 Gronovius
382 2085 526 2126 ablegare
540 2086 660 2116 videtur
681 2085 868 2127 praepositio-

183 2137 255 2158 nem
277 2140 306 2159 α.
350 2128 429 2159 Vult
452 2128 556 2159 Livius
582 2127 681 2158 aedem
702 2128 868 2170 Apollinis

182 2175 249 2200 tum
283 2171 422 2206 Formiis,
454 2176 520 2202 tum
554 2170 684 2207 Caietae,
714 2171 753 2202 de
789 2171 869 2202 coelo

184 2217 313 2244 tactam.

227 2258 247 2287 5
271 2256 390 2297 Prima]
424 2257 508 2295 Lege
529 2256 594 2286 sine
615 2257 678 2287 ulla
702 2256 870 2287 dubitatio-

185 2309 226 2329 ne
246 2301 358 2338 primoe.
403 2300 472 2329 Hoc
494 2304 525 2329 et
551 2299 628 2329 ratio
656 2299 723 2346 ipsa
749 2300 871 2341 probat,

184 2346 217 2372 et
232 2341 309 2373 alter
323 2341 402 2372 infra
413 2342 499 2372 locus
518 2341 611 2383 plane
630 2352 771 2383 geminus
786 2342 869 2378 huic,

185 2393 214 2414 c.
229 2385 280 2415 20.
304 2385 476 2425 Legationes
494 2386 598 2415 deinde
620 2387 649 2414 in
671 2391 803 2414 senatum
824 2386 870 2415 in-

186 2429 396 2458 troduxerunt:
424 2438 528 2469 regum
551 2429 662 2467 primas
685 2427 822 2458 Eumenis
845 2435 871 2458 et

187 2469 364 2501 Ariarathis.

227 2511 250 2541 6
288 2512 425 2544 Eumenis
468 2520 496 2544 et
541 2513 708 2543 Pharnacis
751 2513 870 2555 regum]

188 2552 232 2583 Hi
265 2564 351 2595 reges
384 2560 458 2586 tunc
486 2556 605 2586 bellum
632 2555 779 2586 adversus
806 2566 872 2586 sese

188 2600 296 2626 mutuo
318 2598 476 2636 gerebant,
493 2608 556 2640 qua
571 2598 609 2628 de
625 2609 657 2628 re
672 2598 744 2629 vide
760 2598 873 2640 Polyb.

188 2637 221 2668 in
244 2638 388 2680 Excerpt.
409 2641 485 2682 Leg.
507 2643 560 2673 55.
582 2646 614 2672 et
635 2642 687 2672 59.
732 2641 872 2672 Pharna-

189 2689 241 2726 ces
267 2691 319 2711 rex
345 2686 411 2712 erat
432 2683 535 2720 Ponti,
559 2683 751 2714 Mithridatis
780 2683 873 2719 illius,

189 2733 243 2763 qui
277 2723 394 2754 tamdiu
425 2724 569 2757 Romana
605 2737 691 2758 arma
726 2727 873 2762 exercuit,

191 2775 278 2800 avus,
321 2771 354 2795 ut
409 2773 528 2798 constat
581 2780 619 2801 ex
671 2768 807 2806 Justino,
851 2769 873 2800 l.

192 2808 388 2839 XXXVIII.
403 2818 430 2840 c.
445 2810 476 2840 6.

952 1230 971 1260 7
1005 1229 1185 1260 Rhodiorum
1220 1231 1405 1270 querentium
1439 1232 1474 1261 de
1510 1230 1593 1261 Sino-

908 1275 1040 1312 perusium
1067 1273 1164 1313 clade]
1212 1273 1366 1308 Quaenam
1397 1273 1451 1304 illa
1479 1273 1518 1303 sit
1546 1274 1594 1304 Si-

910 1315 1091 1362 nopensium
1120 1315 1236 1350 clades,
1255 1325 1405 1356 nusquam
1430 1316 1519 1346 docet
1542 1317 1595 1347 Li-

910 1368 985 1388 vms.
1031 1359 1110 1388 Haec
1135 1358 1188 1388 1118
1214 1357 1303 1388 vertit
1331 1369 1347 1388 e
1376 1358 1518 1400 Polybio,
1543 1360 1596 1400 qui

911 1401 1002 1432 verbo
1024 1411 1086 1431 rem
1111 1400 1220 1441 tangit,
1238 1401 1313 1440 Leg.
1330 1402 1383 1431 51.
1421 1401 1489 1433 Sed
1506 1402 1597 1432 Grae-

910 1453 965 1474 cus
981 1443 1110 1485 scriptor
1131 1443 1281 1473 fortasse
1274 1454 1305 1473 111
1327 1442 1364 1473 iis
1380 1454 1447 1484 quze
1472 1445 1596 1475 interci-

911 1486 1022 1517 derunt
1034 1492 1132 1517 totum
1146 1485 1302 1526 negotium
1315 1486 1494 1527 explicarat.
1519 1487 1537 1505 ’ᾖ
1547 1488 1595 1517 Si-

911 1539 990 1571 nope
1014 1539 1032 1559 a
1056 1529 1228 1564 Pharnace,
1245 1529 1332 1570 cujus
1356 1529 1447 1559 modo
1470 1529 1501 1559 in
1524 1536 1598 1561 nota

912 1573 942 1603 6.
965 1572 1079 1603 mentio
1099 1572 1180 1602 facta
1194 1577 1250 1606 est,
1264 1576 1357 1614 capta
1381 1572 1492 1607 fuerat,
1509 1573 1598 1613 eique

912 1619 943 1645 et
977 1615 1201 1646 successoribus
1231 1614 1298 1655 ejus
1335 1614 1469 1651 servivit,
1500 1614 1597 1646 donec

911 1657 1127 1688 Mithridatico
1154 1657 1236 1687 bello
1266 1667 1284 1687 a
1315 1657 1447 1688 Lucullo
1475 1667 1598 1699 capere-

911 1706 972 1732 tur.
1016 1700 1133 1731 Rhodii
1155 1699 1242 1730 illam
1263 1706 1358 1731 antea
1373 1699 1464 1730 tutati
1478 1699 1599 1731 fuerant

911 1743 1019 1774 advers
1006 1750 1084 1774 5115
1074 1742 1290 1773 Mithridatem
1313 1742 1404 1783 hujus
1426 1742 1599 1774 Pharnacis

910 1792 1046 1828 patrem:
1072 1791 1103 1816 et
1118 1796 1199 1816 111118
1215 1784 1365 1815 auxilium
1380 1784 1408 1815 ei
1423 1785 1507 1826 quod
1529 1796 1598 1827 pos-

911 1835 982 1859 sunt
997 1828 1108 1864 ferunt
1123 1838 1229 1870 preces
1243 1827 1284 1858 ad
1301 1828 1471 1859 Romanos.

955 1874 973 1903 8
998 1872 1050 1907 Iis,
1075 1874 1157 1911 prius
1181 1871 1296 1901 Mawio
1321 1872 1445 1901 audito.
1462 1881 1598 1910 ,18511011-

911 1926 939 1945 sa
963 1917 1035 1945 data
1054 1915 1138 1955 sunt]
1170 1914 1281 1955 Operae
1303 1914 1435 1955 pretium
1459 1919 1505 1944 est
1527 1923 1599 1954 cog-

912 1968 1049 1993 noscere,
1075 1957 1151 1998 quid
1185 1966 1364 1998 responsum
1396 1956 1435 1986 sit
1462 1955 1600 1986 Achaeis.

913 2000 953 2030 Id
981 2000 1071 2030 docet
1101 1999 1173 2040 Pol
1172 1999 1260 2034 ybius
1292 1999 1368 2039 Leg.
1393 2000 1445 2029 51.
1490 1998 1600 2028 Achaei

912 2048 978 2073 tum
1004 2047 1143 2083 gerentes
1159 2011 1284 2072 >bellum
1311 2041 1457 2071 adversus
1479 2041 1599 2071 Messe-

913 2086 991 2121 nios,
1020 2085 1168 2127 petebant
1204 2094 1223 2114 a
1257 2089 1377 2118 senatu,
1407 2088 1451 2119 ut,
1482 2083 1507 2113 si
1536 2083 1600 2114 fieri

914 2133 1025 2170 posset,
1050 2127 1166 2158 auxilia
1189 2126 1247 2157 sibi
1274 2126 1314 2157 ad
1338 2126 1396 2156 1108
1422 2125 1539 2157 bellum
1564 2136 1602 2156 ex

913 2171 1031 2202 foedere
1055 2170 1230 2200 mitterent:
1255 2168 1303 2199 sin
1325 2169 1436 2205 minus,
1460 2168 1600 2210 provide-

913 2219 982 2244 rent
1003 2218 1097 2249 certe‚
1114 2223 1151 2243 ne
1166 2211 1235 2253 quis
1260 2222 1298 2243 ex
1315 2211 1410 2242 Italia
1431 2221 1517 2242 arma
1539 2212 1601 2241 fru-

914 2262 1092 2288 mentumve
1110 2256 1277 2286 Messenen
1300 2259 1515 2301 comportaret.
1557 2254 1603 2284 At

915 2300 1023 2330 Patres
1045 2298 1152 2329 offensi
1177 2307 1212 2328 eo
1238 2296 1321 2338 quod
1347 2296 1455 2326 Achaei
1481 2295 1602 2326 altiores

915 2342 1039 2383 spiritus
1066 2345 1215 2382 gererent,
1240 2349 1296 2369 1188
1323 2339 1456 2380 pendere
1479 2337 1510 2368 in
1537 2349 1601 2368 om-

915 2385 1006 2415 nibus
1027 2394 1064 2415 ex
1088 2384 1235 2430 ipsorum
1246 2387 1323 2412 nutu
1339 2382 1466 2416 vellent,
1481 2385 1513 2411 et
1535 2381 1602 2422 ple·

914 2437 1010 2468 raque
1038 2436 1092 2468 per
1121 2436 1153 2456 se
1180 2424 1239 2466 ipm
1267 2423 1527 2459 administrarent,
1556 2432 1602 2452 re-

915 2469 1115 2511 spondeum,
1141 2466 1262 2504 etiamsi
1287 2465 1526 2501 Lacedaemonii,
1550 2470 1604 2495 aut

916 2512 1034 2553 Argivi,
1051 2516 1105 2542 aut
1121 2509 1283 2546 Corinthii,
1298 2510 1358 2539 ab
1352 2510 1389 2540 115
1406 2520 1438 2540 58
1454 2507 1604 2548 abjunge-

916 2560 994 2590 r,ent
1008 2551 1112 2585 mirari
1131 2553 1266 2583 Achaeos
1288 2562 1349 2581 non
1369 2551 1490 2585 debere,
1508 2549 1533 2580 51
1557 2560 1604 2579 111-

915 2597 959 2627 hil
976 2597 1016 2627 ad
1030 2607 1063 2628 se
1085 2606 1154 2627 eam
1170 2606 1234 2626 1em
1256 2594 1407 2636 pertinere
1424 2594 1531 2624 Patres
1547 2592 1604 2622 du-

916 2645 1030 2671 cerent.
1076 2640 1148 2676 Quo
1184 2647 1327 2679 responso
1363 2636 1448 2666 velut
1484 2634 1604 2675 signum

918 2681 1097 2714 defectionis
1119 2681 1314 2712 sustulerant,
1336 2682 1381 2711 ut,
1399 2678 1424 2708 si
1449 2687 1519 2717 quis
1540 2676 1604 2706 vel

918 2726 960 2756 let
983 2726 1022 2755 ab
1039 2724 1224 2754 Achaeorum
1247 2720 1376 2751 concilio
1407 2719 1557 2752 recedere,
1574 2718 1604 2748 id

919 2769 976 2798 sibi
993 2777 1046 2809 per
1062 2767 1222 2796 Romanos
1234 2764 1327 2794 licere
1345 2762 1445 2794 sciret.
1470 2761 1495 2791 V
1500 2760 1565 2792 id.
1558 2771 1602 2810 m:

920 2811 976 2846 fra,
992 2820 1022 2839 c.
1036 2809 1089 2838 20.

988 2852 1111 2904 aget

1606 795 1664 816 ΒΞ.
