1947 3222
149 255 190 287 U.
204 255 326 288 0557.

147 299 188 329 A.
205 299 243 330 C.
258 300 328 331 195.

147 340 254 372 Socios
268 343 308 373 ad

362 138 436 179 164
892 140 1035 190 TITI
1078 141 1254 180 L1V11

359 248 502 289 civium
537 263 693 291 suorum
727 250 1002 300 incitatarum.
1065 250 1206 307 Ipsius
1242 249 1503 306 imperatoris
1533 249 1696 291 animus
1725 248 1779 290 ad

361 320 505 361 pacem
539 306 773 348 inclinatior
805 315 905 348 erat.
937 306 1106 348 videbat
1142 307 1265 357 enim,
1296 305 1511 362 compulso
1541 305 1652 348 intra
1680 309 1781 346 inoe-

148 393 259 424 pacem
274 385 342 416 hor-
361 361 431 403 nia
449 362 583 414 hoste,
599 363 703 404 nihil
723 372 876 419 praeter
895 363 1153 404 obsidionem
1173 372 1339 405 restare.
1401 364 1509 404 Eam
1530 371 1670 404 autem
1692 362 1781 403 fore

149 432 243 459 tatur.

362 418 619 461 diuturnam.
663 420 759 460 Non
780 421 885 460 enim
910 419 1120 473 Gythium,
1142 422 1248 473 quod
1267 421 1394 473 ipsum
1415 426 1547 460 tamen
1567 420 1782 468 traditum,

362 489 444 516 non
464 483 737 531 eoepugnatum
758 482 868 525 esset,
890 478 960 517 sed
977 477 1318 525 Lacedaemonem,
1340 478 1630 518 validissimam
1650 475 1784 516 urbem

363 533 467 574 viris
485 535 700 587 armisque,
722 533 1035 587 obpugnaturos.
1103 533 1233 575 Unam
1257 548 1363 587 spem
1368 535 1519 589 fuisse,
1541 535 1578 574 si
1606 548 1686 588 qua
1708 533 1783 572 ad-

363 590 607 631 moventibus
635 591 849 630 exercitam
879 591 1073 631 dissensio
1103 591 1211 631 inter
1239 591 1347 644 ipsos
1369 606 1418 632 ac
1445 592 1591 632 seditio
1611 589 1786 631 excitari

355 653 506 700 posset.
536 661 653 701 quum
672 648 792 700 signa
815 648 953 700 portis
971 661 1104 700 prope
1124 647 1271 701 inferri
1290 655 1509 700 cernerent,
1530 649 1724 689 neminem
1745 661 1787 688 se

363 704 536 744 movisse⁹
587 703 844 760 Adjiciebat‚
861 710 900 744 et
919 718 1004 744 cum
1022 704 1223 745 Antiocho
1253 705 1419 757 infidam
1433 720 1588 758 pacem,
1617 705 1784 745 Villium

361 761 536 815 legatum
559 761 654 801 inde
679 762 906 801 redeuntem
928 762 1143 801 nunciare:
1174 762 1298 802 multo
1318 761 1547 816 majoribus,
1569 776 1686 816 quam
1708 776 1783 801 an-

361 823 414 866 te,
435 817 693 859 terrestribus
713 818 1001 872 navalibusque
1021 818 1139 871 copiis
1160 819 1204 859 in
1225 819 1436 871 Europam
1466 833 1551 860 eum
1575 820 1781 860 transisse.

361 875 409 916 Si
427 881 654 928 occupasset
673 875 828 916 obsidio
849 876 1154 916 Lacedcemonis
1184 876 1413 926 exercitum,
1435 876 1576 929 quibus
1602 877 1700 916 aliis
1718 890 1782 916 co-

351 932 444 985 piis
463 933 654 973 adversus
673 947 803 987 regem
825 939 908 973 tam
928 934 1105 974 validum
1127 947 1176 972 ac
1189 939 1392 986 potentem
1412 932 1554 974 bellum
1570 936 1779 987 gesturos?

362 989 470 1030 Haec
499 988 717 1045 propalam
747 990 935 1032 dicebat:
974 990 1046 1031 illa
1075 989 1204 1031 tacita
1233 990 1400 1031 suberat
1431 1005 1545 1040 cura,
1566 1005 1618 1030 ne
1649 1004 1783 1030 novus

360 1045 506 1086 consul
528 1046 737 1087 Graeciam
758 1046 1015 1103 provinciam
1038 1046 1271 1098 sortiretur,
1293 1054 1335 1088 et
1359 1046 1543 1088 inchoati
1571 1045 1670 1088 belli
1699 1045 1783 1087 vic-

361 1101 468 1144 toria
486 1103 712 1144 successori
732 1103 938 1145 tradenda
957 1112 1075 1145 esset.

418 1159 648 1200 XXXIV.
682 1161 824 1210 Quum
843 1160 1045 1201 adversus
1075 1160 1286 1202 tendendo
1305 1160 1411 1202 nihil
1433 1168 1618 1202 moveret
1637 1159 1782 1211 socios,

360 1215 595 1257 simulando
626 1231 668 1257 se
701 1216 878 1258 transire
908 1217 953 1258 in
984 1231 1128 1258 eorum
1164 1217 1425 1268 sententiam,
1461 1232 1602 1258 omnes
1637 1217 1680 1257 in
1710 1216 1782 1258 ad-

360 1287 527 1314 sensum
557 1273 716 1315 consih'i
747 1273 812 1315 sui
845 1272 1048 1316 traduxit.
1109 1275 1224 1316 Bene
1252 1281 1398 1325 vertat,
1431 1273 1585 1330 inquit,
1618 1275 1782 1328 quaudo

359 1330 422 1371 ita
435 1331 589 1383 placet,
611 1330 859 1372 obsideamus
879 1331 1233 1372 Lacedaemonem&
1293 1333 1409 1372 Illud
1435 1332 1550 1371 modo
1569 1330 1784 1385 φιείἶιιῖἰαέ·ς

358 1393 544 1437 ceterum,
566 1401 683 1442 quum
714 1402 778 1429 res
797 1394 880 1428 tam
899 1390 1026 1438 lenta,
1049 1403 1167 1442 quam
1189 1390 1270 1442 ipsi
1295 1390 1420 1438 scitis,
1444 1388 1692 1442 obpugnatio
1712 1402 1782 1427 nr-

358 1443 466 1484 bium
484 1446 554 1494 sit,
576 1451 616 1485 et
634 1445 905 1486 obsidentibus
916 1446 1038 1498 prius
1056 1460 1175 1499 scepe,
1193 1460 1312 1500 quam
1332 1446 1507 1493 obsessis,
1525 1446 1689 1485 taedium
1710 1446 1783 1485 ad-

343 1501 483 1557 jerat,
491 1500 586 1555 jam
616 1515 721 1542 nunc
748 1502 822 1542 hoc
850 1502 912 1542 ita
933 1516 1166 1556 proponere
1191 1517 1258 1544 vos
1287 1504 1436 1543 animis
1465 1508 1631 1555 oportet,
1653 1501 1785 1542 hiber-

360 1559 540 1599 nandum
558 1559 669 1600 circa
691 1559 997 1600 Lacedaemonis
1023 1560 1174 1600 moenia
1201 1574 1295 1601 esse.
1356 1560 1456 1608 Qaae
1482 1573 1595 1599 mora
1615 1559 1652 1600 si
1671 1558 1784 1599 labo-

361 1629 443 1656 rem
464 1622 619 1656 tantum
646 1631 695 1657 ac
713 1617 940 1670 periculum
969 1617 1146 1666 haberet,
1169 1623 1213 1658 ut
1233 1624 1272 1658 et
1301 1618 1463 1667 animis,
1486 1622 1526 1657 et
1552 1616 1784 1669 corporibus

362 1674 420 1713 ad
446 1673 683 1714 sustinenda
703 1689 751 1714 ea
767 1674 916 1727 parati
945 1675 1092 1722 essetis,
1114 1675 1304 1715 hortarer
1332 1688 1411 1715 vos.
1473 1674 1594 1714 Nunc
1614 1674 1783 1726 inpensa

361 1743 515 1784 quoque
543 1744 693 1784 magna
722 1737 809 1785 eget
831 1730 874 1770 in
901 1744 1040 1784 opera,
1072 1732 1115 1772 in
1145 1732 1477 1780 machinationes,
1500 1736 1538 1771 et
1571 1736 1782 1779 tormento,

362 1787 504 1841 quibus
535 1793 652 1827 tanta
673 1788 767 1828 urbs
795 1788 1066 1842 obpugnanda
1087 1794 1144 1829 est
1150 1804 1166 1836 ;
1198 1789 1242 1828 in
1269 1794 1504 1829 commeatus
1524 1788 1634 1828 vobis
1655 1787 1785 1828 nobis-

363 1844 456 1898 que¹
474 1845 519 1884 in
538 1845 704 1885 hiemem
724 1846 1004 1898 expediendos.
1046 1845 1204 1899 Itaque,
1223 1860 1272 1886 ne
1292 1851 1365 1886 out
1380 1851 1543 1898 repente
1557 1846 1784 1898 trepidetis,

363 1907 437 1942 aut
457 1915 539 1942 rem
560 1902 789 1943 inchoatam
809 1903 986 1955 turpiter
1005 1902 1246 1951 destituatis,
1262 1902 1508 1944 scribendam
1529 1908 1625 1941 ante
1644 1903 1787 1942 vestris

364 1959 597 2000 civitatibus
625 1973 775 2009 censeo,
802 1960 1180 2013 explomndumque,
1203 1961 1304 2014 quid
1331 1973 1496 2014 quceque
1522 1959 1665 2007 animi,
1687 1959 1788 2012 quid

364 2016 510 2057 virium
540 2016 699 2057 habeat.
760 2016 1018 2056 Auxiliorum
1052 2018 1154 2058 satis
1188 2031 1384 2071 superque
1412 2017 1677 2064 habeo:=sed,
1709 2029 1786 2069 quo

355 2074 500 2127 plures
527 2087 670 2122 sumus,
684 2073 873 2127 pluribus
892 2073 1006 2114 rebus
1026 2074 1232 2128 egebimus,
1293 2074 1417 2114 Nihil
1422 2073 1518 2127 jam
1533 2079 1690 2126 proeter
1713 2087 1787 2113 nu-

365 2132 458 2171 dum
486 2132 610 2171 solum
641 2145 743 2186 ager
771 2131 940 2172 hostium
971 2131 1105 2173 habet.
1181 2133 1246 2172 Ad
1275 2132 1347 2171 hoc
1377 2132 1497 2171 hiems
1525 2131 1692 2178 accedit,
1729 2131 1788 2170 ad

365 2189 693 2241 comportandum
722 2203 772 2228 ex
800 2189 1019 2242 longinquo
1048 2189 1237 2245 difficilis.
1300 2189 1406 2229 Haec
1436 2187 1568 2229 oratio
1599 2187 1782 2243 primum

365 2244 525 2286 animos
544 2244 730 2286 omnium
752 2244 805 2286 ad
835 2245 1094 2302 respicienda
1123 2246 1276 2302 cuique
1306 2245 1532 2286 domestica
1551 2243 1660 2284 mala
1688 2257 1784 2283 con-

367 2301 521 2349 vertit;
569 2301 801 2358 segnitiam,
842 2302 1042 2343 invidiam
1083 2311 1122 2344 et
1162 2302 1505 2344 obtrectationem
1546 2299 1656 2340 domi
1699 2313 1784 2340 ma-

366 2358 555 2400 nentium
585 2359 785 2400 adversus
805 2359 1044 2410 militantes,
1065 2359 1337 2400 ‘⁶²⁰libertatem
1369 2357 1573 2398 difficilem
1605 2356 1659 2396 ad
1689 2371 1784 2396 con-

367 2430 548 2465 sensum,
589 2415 771 2471 inopiam
812 2416 1040 2472 publicam,
1080 2416 1111 2441 2¹
1121 2415 1421 2472 malignitatem
1457 2412 1694 2454 conferendi
1729 2427 1780 2453 ex

409 2523 608 2560 iabsideamus
622 2528 864 2565 Iacedoemonem,
880 2533 996 2570 quando
1012 2532 1051 2560 ita
1065 2532 1170 2570 placet.
1186 2530 1284 2561 Gron.
1300 2528 1393 2560 Crev.
1521 2525 1539 2549 k
1556 2526 1636 2556 Illud
1654 2527 1732 2557 modo
1746 2537 1782 2557 πθ

357 2570 455 2613 fallat
469 2571 531 2603 del.
549 2572 634 2602 Eaed.
765 2572 772 2596 Ι
791 2575 865 2603 nabis
878 2575 1004 2614 vobisque
1020 2573 1106 2604 Eaed.

409 2672 663 2703 20*Libertatem
706 2671 852 2711 difficilem
902 2674 939 2702 ad
983 2684 1049 2702 con-
1095 2683 1174 2703 unus
1190 2672 1329 2713 imperat.

365 2717 494 2756 sensum]
520 2714 625 2746 Liberi
647 2714 802 2756 regiminis
826 2715 964 2749 formam,
982 2725 1050 2755 ‹111ae
1137 2717 1207 2746 21*
1223 2715 1439 2755 Malignitatem
1464 2712 1632 2753 conterendi
1660 2723 1692 2741 ex
1717 2713 1779 2750 pri-

368 2757 424 2788 hoc
448 2757 632 2789 incommodi
658 2758 794 2792 haberet,
819 2763 851 2787 ut
874 2768 933 2787 non
960 2757 1049 2787 facile
1094 2759 1174 2799 rata]
1210 2758 1350 2788 Privatos
1377 2756 1523 2796 maligne.
1552 2765 1654 2797 parce,
1680 2753 1780 2784 tenui-

367 2801 587 2831 consentiretur
604 2801 633 2831 in
651 2811 744 2831 unum
769 2800 939 2830 consilium.
988 2800 1049 2829 l'bi
1095 2807 1149 2834 ter.
1165 2812 1201 2832 ex
1217 2811 1272 2832 suo
1286 2800 1450 2830 collaturos
1466 2798 1504 2829 ad
1521 2799 1660 2840 publicos
1673 2806 1777 2838 sump-

366 2843 454 2872 multi
481 2843 666 2879 deliberant,
694 2841 752 2874 no'n
783 2850 846 2874 tam
879 2842 969 2873 facilc
995 2853 1050 2873 ne(-
1094 2849 1154 2874 tus.

365 2885 503 2916 celeriter
520 2887 679 2918 eonsilium
696 2886 826 2929 (rapitur,
841 2897 933 2926 quam
956 2896 1049 2925 quum
