1947 3222
255 292 328 324 560.

150 293 194 324 U.
205 293 242 324 C.

150 336 191 366 A.
206 335 244 367 C.
260 336 332 366 192.

361 175 435 214 226
881 171 1031 210 T1T1
1078 172 1253 210 LIVII

361 292 403 326 et
424 282 645 326 duodecim
669 281 801 338 clipea
831 281 1046 322 inaurata:
1079 288 1120 321 et
1140 280 1267 321 iidem
1297 279 1505 336 porticum
1536 287 1655 320 extra
1684 293 1778 333 por-

363 349 450 383 tam
473 338 760 394 Trigeminam
780 337 927 378 winter
948 337 1144 392 lignarios
1164 337 1364 378 fecerunt.

422 397 578 438 XLII.
612 394 792 437 Intentis
821 395 864 434 in
892 393 1141 448 adparatum
1172 393 1268 434 novi
1297 393 1396 434 belli
1419 392 1633 442 Romanis,
1654 406 1705 432 ne
1726 391 1780 432 ab

367 454 581 495 Antiocho
601 452 771 507 quidem
794 450 1045 490 cessabatur.
1108 450 1216 490 Tres
1237 465 1332 490 eum
1358 451 1547 492 civitates
1568 448 1781 496 tenebant,

370 512 561 566 Smyrna,
593 518 634 550 et
665 506 925 548 Alexandria
956 506 1106 555 Troas,
1129 514 1170 546 et
1196 506 1478 562 Lampsacus;
1512 522 1618 562 quas
1647 519 1782 559 neque

367 567 409 608 vi
443 580 685 622 expugnare
724 563 780 604 ad
819 577 909 603 eam
949 561 1060 602 diem
1100 561 1133 585 ‘¹⁵
1144 569 1324 618 poterat,
1363 579 1499 619 neque
1539 560 1785 604 conditioni-

367 624 448 665 bus
477 624 520 663 in
550 620 775 662 amicitiam
804 618 1018 675 perlicere,
1050 633 1187 674 neque
1221 633 1246 659 a
1275 627 1394 675 tergo
1423 620 1670 676 relinquere,
1702 626 1785 659 tra-

363 680 509 736 jiciens
558 678 646 733 ipse
685 677 728 717 in
775 676 1007 731 Europam,
1047 675 1228 716 volebat.
1307 675 1466 718 Tenuit
1515 692 1610 718 eum
1651 683 1692 716 et
1732 673 1786 714 de

156 739 304 770 Antiochi
321 739 358 770 de,
372 734 609 777 Hannibale
639 732 895 774 deliberatio.
957 732 1017 773 Et
1046 733 1183 788 primo
1211 747 1336 773 naves
1366 742 1536 789 apertae,
1559 749 1664 790 quas
1687 745 1784 772 cum

159 783 338 813 Hannibale

158 825 347 856 deliberatio.

371 809 418 833 co
450 791 652 833 missurus
686 791 730 831 in
760 789 951 830 Africam
980 789 1134 838 fuerat,
1164 797 1337 830 moratae
1373 799 1492 832 sunt:
1537 790 1700 837 deinde,
1732 803 1787 828 an

370 849 538 890 omnino
577 846 807 888 mittendus
843 854 964 896 esset,
1000 845 1250 887 consultatio
1289 853 1403 887 mota
1437 854 1513 897 est,
1549 846 1727 888 maxime
1762 860 1787 884 a

374 906 569 946 Thoante
592 903 751 954 AEtolo,
769 903 858 959 qui,
880 902 1074 944 omnibus
1094 903 1138 943 in
1160 902 1326 943 Graecia
1345 904 1533 945 tumultu
1555 901 1785 959 completis,

372 961 686 1003 Demetriadem
716 959 931 1001 adferebat
961 959 1004 1000 in
1033 966 1241 1014 potestate
1268 975 1377 1001 esse:
1410 968 1466 1010 et,
1489 960 1646 1016 quibus
1674 972 1788 1000 men-

371 1019 501 1060 daciis
533 1018 585 1059 de
619 1033 731 1073 rege,
764 1015 1084 1071 multiplicando
1114 1015 1251 1057 verbis
1286 1017 1425 1072 copias
1460 1017 1564 1073 ejus,
1600 1021 1787 1057 erexerat

372 1076 602 1117 multorum
622 1074 665 1115 in
688 1073 855 1115 Graecia
883 1073 1054 1123 animos,
1075 1072 1222 1113 iisdem
1243 1081 1285 1114 et
1305 1073 1414 1128 regis
1445 1089 1559 1130 spem
1589 1073 1786 1114 inflabat:

371 1134 544 1173 omnium
576 1132 678 1171 votis
701 1145 785 1170 eum
806 1131 966 1170 arcessi.
997 1143 1224 1170 concursum
1244 1131 1302 1170 ad
1319 1131 1446 1171 litora
1457 1132 1664 1185 flitmum,
1687 1130 1792 1170 unde

369 1192 533 1231 classem
555 1189 708 1242 regiam
722 1187 1034 1240 prospexissent.
1089 1186 1174 1226 Hic
1194 1186 1305 1227 idem
1326 1202 1454 1228 ausus
1475 1188 1527 1229 de
1549 1186 1788 1228 Hannibale

370 1255 431 1288 est
462 1260 627 1287 movere
659 1243 905 1286 sententiam
935 1258 1066 1299 prope
1090 1243 1179 1298 jam
1210 1251 1364 1284 certam
1395 1244 1516 1299 regis.
1547 1260 1644 1285 nam
1663 1258 1787 1297 neque

368 1304 649 1344 dimittendam
665 1307 825 1355 partem
843 1302 1003 1341 navium
1025 1314 1052 1339 a
1072 1301 1196 1340 classe
1215 1301 1334 1354 regia
1357 1301 1573 1342 censebat:
1606 1300 1784 1354 “Gneque,

367 1362 404 1402 si
417 1361 622 1401 mittendae
635 1371 758 1399 naves
755 1358 918 1412 forent,
936 1358 1066 1397 mimis
1079 1358 1322 1410 quempiamr
1334 1358 1372 1397 ei
1383 1359 1518 1407 classi,
1533 1372 1650 1412 quam
1667 1359 1788 1398 Han-

368 1418 556 1466 nibalem,
584 1416 898 1469 proficiendum.
959 1415 1149 1454 Exsulem
1185 1415 1297 1454 illum
1328 1421 1365 1455 et
1398 1415 1568 1455 Poenum
1599 1430 1691 1463 esse,
1723 1417 1790 1455 cui

367 1476 478 1515 mille
498 1475 542 1514 in
563 1474 649 1513 dies
669 1487 772 1512 nova
793 1472 972 1512 consilia
985 1472 1231 1525 velfortnna
1251 1484 1337 1519 sua,
1355 1472 1416 1511 vel
1437 1473 1644 1526 ingenium
1659 1474 1790 1525 possit

353 1532 514 1587 facere.
566 1531 626 1571 Et
647 1530 774 1582 ipsam
796 1543 882 1568 eam
899 1529 1074 1582 gloriam
1097 1527 1204 1576 belli,
1228 1542 1307 1581 qua
1328 1529 1434 1568 velut
1455 1529 1546 1569 dote
1565 1529 1790 1569 Hannibal

370 1590 619 1637 concilietur,
643 1587 809 1626 nimiam
832 1587 875 1625 in
891 1585 1086 1639 praefecto
1107 1586 1218 1639 regio
1239 1599 1333 1625 esse.
1385 1586 1535 1639 Regem
1556 1585 1787 1639 ‘¹⁷conspici,

371 1661 500 1701 regem
521 1659 643 1685 unum
665 1645 812 1693 ducem,
835 1657 953 1682 unum
975 1643 1254 1694 imperatorem
1275 1643 1407 1682 videri
1428 1643 1578 1683 debere.
1625 1644 1671 1684 Si
1691 1645 1791 1684 clas-

371 1719 463 1752 sem,
493 1703 530 1743 si
559 1701 771 1741 exercitum
802 1700 966 1739 amittat
1002 1699 1229 1747 Hannibal,
1253 1700 1355 1739 idem
1385 1701 1524 1740 damni
1536 1701 1653 1754 fore,
1677 1714 1724 1741 ac
1751 1702 1789 1742 si

364 1775 444 1814 per
473 1760 597 1800 alium
624 1759 756 1798 ducem
787 1757 1042 1796 amittantur.
1073 1757 1110 1796 si
1130 1757 1229 1809 qnid
1244 1770 1439 1809 prospere
1469 1759 1637 1805 eveniat,
1665 1757 1788 1797 Han-

373 1818 524 1858 nibalis
539 1830 638 1864 eam,
657 1829 736 1854 non
755 1814 963 1862 Antiochi,
976 1814 1152 1867 gloriam
1160 1813 1274 1868 fore.
1316 1814 1362 1854 Se?
1376 1828 1468 1854 vero
1484 1816 1669 1855 universo
1685 1815 1788 1855 bello

371 1875 560 1915 vincendi
591 1873 793 1913 Romanos
810 1871 990 1924 fortuna
1025 1871 1155 1920 detur,
1186 1884 1303 1923 quam
1338 1885 1444 1923 spem
1475 1885 1566 1920 esse,
1598 1871 1668 1912 sub
1697 1887 1791 1926 rege

373 1933 567 1973 victurum
595 1929 873 1970 Plannibalem
903 1927 976 1967 uni
1004 1926 1230 1980 subjectum,
1253 1928 1323 1981 qui
1337 1929 1521 1980 patriam
1546 1943 1678 1982 prope
1706 1923 1788 1969 non

373 1990 540 2029 tulerit?
576 1987 669 2026 Non
690 1987 748 2026 ita
770 2000 810 2026 se
830 1983 1036 2037 ajuventa
1060 1999 1142 2024 eum
1165 1987 1346 2038 gessisse,
1367 1999 1436 2038 spe
1456 1986 1666 2039 animoque
1685 2001 1788 2026 com-

363 2047 532 2099 plexum
555 2044 662 2084 orbis
685 2050 885 2084 terrarum
917 2042 1139 2095 imperinm,
1162 2048 1205 2082 ut
1227 2043 1270 2081 in
1291 2049 1486 2082 senectute
1506 2044 1707 2083 (lominum
1727 2046 1789 2084 la-

373 2110 488 2144 turus
509 2103 702 2142 videatur.
764 2099 887 2140 Nihil
916 2114 1013 2151 opus
1043 2113 1122 2139 esse
1141 2100 1230 2152 regi
1253 2099 1489 2139 Hannibale
1519 2101 1627 2149 (luce,
1649 2103 1791 2141 comite

374 2167 413 2201 et
433 2160 670 2201 consiliario
691 2158 826 2197 eodem
848 2157 903 2196 ad
923 2156 1062 2196 bellum
1084 2158 1146 2196 uti
1159 2170 1290 2209 posse.
1350 2155 1382 2180 ⁴³⁸
1391 2157 1596 2197 IVIodicum
1607 2157 1788 2209 finctum

375 2232 424 2257 eoe
446 2217 609 2270 ingenio
639 2216 718 2255 tali
748 2228 872 2268 neque
896 2228 1074 2267 gravem,
1097 2227 1221 2267 neque
1252 2215 1433 2254 inutilem
1439 2214 1553 2268 sore.
1583 2216 1620 2255 si
1639 2229 1788 2255 summa

368 2280 581 2327 petantur,
603 2279 641 2312 et
662 2274 835 2320 dantem,
859 2277 895 2312 et
916 2272 1174 2324 accipientem
1191 2278 1520 2324 prcegravolura.

930 2347 941 2362 Γ
957 2354 1126 2383 quemqnam
1144 2344 1236 2374 CreV.

376 2410 436 2435 tota
457 2405 602 2442 operitur,
625 2409 659 2433 ut
682 2404 804 2442 conspici
825 2404 909 2442 possit
936 2404 1062 2442 titulique
1103 2405 1193 2441 piam.
1226 2402 1310 2432 vict.
1325 2402 1419 2432 codex
1436 2403 1549 2443 respuit
1565 2402 1646 2433 orlei.

380 2446 488 2488 qffigies
503 2448 576 2476 dese.
1149 2445 1215 2474 47*
1228 2444 1374 2486 Conspici]
1403 2445 1474 2474 vid.
1491 2451 1550 2475 not.
1568 2447 1619 2475 64.
1636 2446 1675 2476 ad
1692 2447 1718 2476 I.
1736 2448 1787 2477 47.

422 2490 463 2518 44
489 2488 570 2519 Inter
594 2488 748 2528 lignarios]
780 2488 849 2518 Hoc
867 2486 987 2518 videtui·
1008 2498 1060 2517 no-
1148 2488 1189 2517 48
1201 2488 1219 2505 ⁸¹*
1231 2487 1378 2517 Modicum
1391 2488 1532 2528 *tructam
1556 2510 1563 2518 .
1581 2510 1589 2519 .
1607 2511 1614 2519 .
1632 2491 1656 2519 si
1676 2501 1786 2519 mmmm

380 2541 451 2562 meu
464 2542 529 2561 esse
553 2530 613 2561 loci
627 2531 670 2561 sic
693 2531 765 2560 dicti
782 2541 800 2560 a
816 2530 953 2571 lignariis
976 2530 1061 2571 opifi-
1105 2530 1259 2570 petantur]
1289 2531 1366 2560 Ilaec.
1381 2529 1437 2560 sibi
1452 2540 1489 2560 ex
1513 2531 1639 2561 adverso
1662 2542 1785 2574 respon-

381 2574 486 2605 cibus:
525 2574 568 2604 ita
601 2579 634 2603 ut
672 2575 748 2603 inter
781 2574 921 2613 lignarios
951 2573 1060 2603 eadem
1106 2572 1191 2602 deut.
1246 2573 1277 2602 Si
1305 2573 1378 2603 satis
1408 2572 1520 2603 habeat
1552 2585 1602 2604 rex
1632 2575 1785 2606 modicum

382 2618 480 2648 forma
499 2616 630 2650 dicatur,
647 2627 708 2656 qua
726 2616 746 2645 l.
764 2616 789 2645 Ι.
805 2626 832 2645 c.
849 2617 878 2645 91.
903 2618 979 2645 inter
994 2618 1063 2646 <laos
1106 2615 1248 2649 fructum,
1265 2616 1415 2646 modicam
1439 2616 1602 2647 utilimtvm
1627 2628 1663 2647 cx
1686 2618 1785 2648 Anni-

385 2661 473 2690 Iucos.
1107 2657 1177 2687 bale.
1189 2657 1245 2687 sibi
1263 2668 1407 2698 quaerere.
1421 2659 1520 2698 qualis
1535 2672 1571 2690 ox
1589 2659 1700 2690 vomite
1713 2671 1785 2691 con-

429 2703 469 2732 45
496 2701 628 2742 Poterat]
661 2699 840 2735 mallemus,
857 2706 1000 2739 posucrat.
1109 2699 1285 2741 siliarioque
1308 2700 1484 2742 percipitur,
1505 2702 1535 2732 id
1559 2703 1623 2733 lieri
1645 2703 1710 2733 sine
1732 2715 1785 2745 pe-

429 2746 470 2775 46
497 2745 595 2783 Neque
621 2766 628 2774 .
655 2766 662 2773 .
688 2765 696 2773 .
718 2744 813 2771 minus
846 2754 1013 2782 quemqnam
1043 2745 1069 2772 ei
1111 2742 1206 2773 riculo
1221 2753 1319 2783 posse.
1353 2743 1434 2773 Atsi
1450 2755 1486 2775 ex
1502 2755 1536 2775 eo
1552 2756 1671 2776 summa
1688 2753 1785 2788 petat,

386 2787 485 2827 classi]
524 2787 584 2817 Hic
612 2784 646 2817 τὶ
671 2796 850 2825 quemquam,
875 2785 957 2825 quod
982 2785 1068 2825 Sigo-
1111 2785 1135 2815 si
1160 2785 1309 2815 maximos
1331 2797 1466 2827 quosque
1489 2788 1603 2819 fruetus
1625 2799 1662 2819 ex
1686 2800 1733 2823 eo.
1755 2795 1788 2820 ut

387 2829 456 2859 nius
470 2829 556 2860 affert
568 2839 584 2859 e
600 2839 654 2859 suo
668 2828 756 2862 libro.
771 2838 824 2857 nos
837 2827 868 2857 iu
887 2827 970 2857 Vict.
987 2838 1060 2867 quo·
1107 2837 1144 2858 ex
1165 2838 1276 2868 magno
1299 2828 1388 2863 «luce.
1406 2830 1463 2861 sibi
1486 2831 1630 2872 quoesitos
1652 2833 1736 2867 velit,
1753 2832 1784 2863 id

386 2883 446 2911 que
464 2878 583 2903 exstare
605 2870 826 2913 comperimus:
851 2870 952 2911 aptius
965 2870 1063 2900 visum
1107 2870 1227 2911 utrique
1245 2872 1367 2902 noxium
1385 2873 1455 2902 sore.

386 2919 432 2944 est
454 2925 558 2955 quam,
582 2913 735 2955 quomodo
757 2913 848 2953 vulgo
865 2912 950 2949 editi,
967 2924 1062 2952 quem-
