1947 3222
322 82 402 116 '408
849 77 998 117 ΤΙΤΙ
1045 76 1224 116 LIVII

122 194 304 226 U.C.566.
336 187 494 243 probus
523 185 759 228 adolescens
778 185 917 240 (⁴⁹Dii
948 187 1119 244 propitii
1150 189 1305 242 essent)
1328 186 1617 240 obseoenis,*ut
1643 187 1759 228 fama

121 237 164 268 A·
178 237 215 268 C·
234 237 305 268 186.
339 252 459 294 esset,
483 244 607 284 sacris
626 243 781 286 initiari
801 245 942 287 nollet.

124 304 260 346 Hispala
275 314 328 336 vo-

123 352 212 378 catur
224 358 243 378 a
256 357 330 379 con-

123 389 201 422 sule.

399 301 514 341 XII.
549 300 657 342 Satis
677 300 729 342 de
751 301 931 343 AEbutio
960 300 1225 356 exploratum
1256 309 1372 343 ratus
1402 301 1561 353 consul,
1582 316 1664 342 non
1684 315 1756 340 va-

341 372 443 398 num
471 364 681 398 auctorem
712 373 812 408 esse,
835 358 1005 399 dimissa
1027 357 1221 407 AEbutia‚
1243 374 1407 399 socrum
1429 368 1564 414 rogat,
1585 367 1633 399 ut
1657 357 1756 398 His-

341 414 494 470 palam,
525 413 710 455 indidem
738 430 789 455 ex
818 414 1034 455 Aventino
1063 413 1312 465 libertinam,
1334 430 1416 456 non
1447 416 1631 471 ignotam
1660 413 1758 454 vici-

340 471 437 521 niae,
458 480 680 512 arcesseret
710 470 763 512 ad
791 485 888 511 sese.
920 485 1025 521 eam,
1048 485 1219 526 quoque
1248 486 1349 521 esse,
1370 487 1466 527 quae
1497 468 1758 528 percunctari

340 527 479 569 vellet.
521 527 595 568 Ad
615 527 736 583 cujus
757 527 958 567 nuncium
978 527 1227 583 perturbata
1247 528 1439 584 Hispala,
1462 529 1577 585 quod
1599 528 1653 569 ad
1673 537 1757 568 tam

342 584 524 626 nobilem
560 592 600 624 et
635 598 803 639 gravem
843 583 1040 624 feminam
1080 583 1225 639 ignara
1264 599 1419 626 eaussae
1458 593 1756 627 arcesseretur:

343 648 568 697 postquam
607 639 773 682 lictores
812 639 855 680 in
891 640 1099 682 vestibulo
1138 641 1391 697 turbamque
1426 642 1680 683 consularem
1718 649 1759 681 et

344 697 556 738 consulem
584 696 725 752 ipsum
754 697 986 753 conspexit,
1011 712 1143 754 prope
1175 697 1411 739 exanimata
1439 706 1514 739 est.
1576 700 1628 739 In
1657 699 1761 740 inte-

346 753 500 795 riorem
531 762 694 809 partem
727 753 882 811 <sedium
912 754 1140 796 abductam
1167 769 1288 795 socru
1313 754 1505 796 adhibita
1535 755 1694 805 consul,
1716 755 1762 796 Si

345 824 442 851 vera
473 811 607 851 dicere
627 807 825 852 inducere
846 810 888 851 in
909 812 1087 852 animum
1110 818 1258 864 posset,
1279 820 1420 867 negat,
1435 812 1676 864 perturbari
1701 813 1768 851 de-
1811 830 1814 831 ⁷

345 867 449 908 bere.
461 869 595 921 fidem
625 870 689 909 vel
717 883 743 909 a
775 868 973 920 Sulpicia,
1009 869 1281 922 talifemina,
1314 870 1376 909 vel
1404 870 1456 909 ab
1485 884 1526 909 se
1555 870 1764 921 acciperet.

345 931 595 978 expromeret
613 925 707 975 sibi,
729 940 818 980 quoe
837 925 871 950 ⁵⁰
879 926 922 966 in
943 927 1031 967 luco
1050 927 1223 968 Similice
1247 926 1568 967 Bacchanalibus
1589 927 1630 966 in
1653 940 1769 971 sacro

346 988 542 1023 nocturno
569 984 743 1024 solerent
753 984 872 1036 fieri.
935 984 1032 1024 Hoc
1062 983 1136 1024 ubi
1157 982 1333 1031 audivit,
1358 992 1500 1025 tantus
1529 998 1660 1038 pavor
1686 991 1768 1024 tre-

347 1054 524 1095 morque
544 1039 731 1081 omnium
751 1040 1033 1081 membrorum
1055 1040 1268 1080 mulierem
1299 1041 1424 1097 cepit,
1447 1049 1496 1082 ut
1516 1040 1590 1080 diu
1611 1039 1768 1081 hiscere

348 1111 432 1137 non
458 1105 621 1152 posset:
655 1096 823 1138 tandem
853 1097 1110 1147 confirmata,
1124 1098 1304 1149 puellam
1334 1100 1544 1138 admodum
1574 1112 1614 1138 se
1642 1099 1772 1138 aucil-

347 1154 430 1194 lam
460 1154 670 1194 initiatam
700 1168 784 1194 cum
814 1155 993 1205 domina,
1015 1154 1086 1195 ait.
1117 1155 1275 1207 aliquot
1295 1156 1430 1205 annis,
1453 1170 1502 1194 ea⁷
1525 1170 1602 1208 quo
1628 1169 1767 1195 manu-

348 1211 470 1251 missa
489 1210 554 1261 sit,
576 1211 696 1259 nihil,
719 1211 815 1265 quid
838 1211 1011 1264 ibifiat,
1033 1212 1146 1265 scire.
1172 1211 1260 1267 jam
1281 1211 1327 1252 id
1346 1212 1485 1268 ipsum
1507 1212 1651 1252 consul
1679 1212 1769 1253 lau-

348 1267 463 1317 dare,
485 1282 601 1322 quum
633 1268 842 1309 initiatam
863 1283 903 1309 se
922 1282 1002 1308 non
1034 1269 1296 1322 inficiaretur.
1328 1271 1398 1309 sed
1416 1276 1455 1309 et
1475 1276 1605 1309 cetera
1630 1270 1766 1309 eadem

329 1325 426 1378 fide
446 1326 712 1378 expromeret.
744 1326 912 1380 neganti
930 1326 1040 1366 ultra
1069 1326 1287 1379 quidquam
1316 1328 1418 1366 scire
1436 1325 1555 1366 ⁵¹non
1577 1328 1767 1374 eamdem,

349 1381 501 1432 dicere,
530 1383 568 1423 si
596 1389 842 1437 coarguatur
870 1382 922 1423 ab
951 1383 1049 1431 alio,
1080 1397 1128 1422 ac
1149 1397 1229 1435 per
1257 1397 1298 1423 se
1311 1383 1489 1437 fatenti,
1511 1384 1667 1424 veniam
1698 1391 1768 1424 aut

343 1439 527 1493 gratiam
533 1440 650 1492 fore.
674 1455 762 1480 eum
781 1440 861 1480 sibi
881 1442 1017 1480 omnia
1039 1441 1275 1493 exposuisse,
1293 1441 1364 1493 qui
1383 1441 1435 1480 ab
1457 1442 1529 1481 illa
1551 1442 1740 1481 audisset.

408 1495 551 1536 XIII.
585 1497 759 1548 Mulier,
780 1497 896 1538 haud
916 1497 1058 1547 dubie,
1081 1496 1123 1537 id
1145 1497 1260 1552 quod
1286 1505 1389 1548 erat,
1413 1497 1640 1539 AEbutium
1661 1498 1769 1539 indi-

351 1567 440 1593 cem
469 1553 608 1594 arcani
643 1563 735 1595 rata
769 1570 869 1604 esse,
900 1554 954 1595 ad
988 1554 1115 1609 pedes
1153 1554 1348 1610 Sulpiciae
1383 1554 1577 1611 procidit,
1608 1564 1650 1596 et
1679 1570 1769 1596 eam

351 1608 488 1665 primo
508 1625 625 1650 orare
646 1611 789 1667 coepit,
812 1611 880 1651 Ne
899 1612 1078 1652 mulieris
1098 1611 1301 1652 libertinae
1320 1626 1403 1652 cum
1426 1619 1608 1652 amatore
1627 1627 1772 1653 sermo-

353 1680 440 1706 nem
463 1667 504 1706 in
526 1682 608 1707 rem
629 1682 709 1708 uon
724 1670 870 1709 seriam
892 1670 1015 1716 modo,
1037 1670 1108 1709 sed
1125 1670 1340 1721 capitalem
1357 1670 1493 1719 etiam,
1511 1671 1615 1710 verti
1635 1670 1770 1711 vellet:

352 1738 395 1763 se
413 1725 598 1764 terrendi
627 1724 709 1778 ejus
738 1740 893 1776 caussa,
916 1739 996 1766 non
1026 1740 1103 1779 quo
1132 1727 1249 1766 sciret
1280 1727 1510 1780 quidquam,
1533 1741 1581 1766 ea
1600 1728 1772 1767 locutam

354 1794 448 1821 esse.
509 1781 594 1821 Hic
626 1782 870 1823 Postumius
905 1797 1101 1823 accensus
1135 1782 1209 1831 ira,
1250 1783 1351 1823 Tum
1385 1797 1552 1837 quoque,
1582 1784 1653 1831 ait,
1684 1799 1770 1824 eam

354 1851 440 1878 cum
461 1837 625 1878 AEbutio
644 1853 685 1879 se
704 1846 887 1879 amatore
914 1840 1106 1880 cavillari
1124 1841 1294 1888 credere,
1318 1854 1395 1880 nou
1417 1842 1460 1880 in
1481 1841 1594 1880 domo
1610 1842 1772 1894 gravis-

355 1895 657 1949 simoefeminae
684 1903 722 1936 et
752 1911 835 1937 cum
865 1897 1023 1937 consule
1042 1896 1164 1950 loqui.
1195 1905 1236 1938 et
1260 1897 1444 1953 Sulpicia
1472 1897 1671 1938 adtollere
1700 1913 1773 1954 pa-

357 1959 549 2000 ventem;
591 1952 716 1993 simul
746 1953 861 1994 illam
895 1953 1124 2004 adhortari,
1160 1953 1282 1994 simul
1314 1954 1418 1995 iram
1453 1954 1593 2009 generi
1629 1954 1768 1995 lenire.

359 2009 554 2050 Tandem
581 2010 838 2061 confirmata,
860 2010 1042 2052 multum
1072 2010 1261 2058 incusata
1290 2011 1467 2066 perfidia
1488 2010 1674 2061 AEbutii‚
1696 2012 1771 2067 qui

357 2065 507 2121 optimi
537 2065 578 2106 in
603 2082 652 2108 eo
678 2067 770 2123 ipso
796 2067 931 2109 meriti
962 2067 1088 2109 talem
1116 2068 1294 2123 gratiam
1325 2067 1548 2119 retulisset,
1571 2068 1771 2123 Illagnum

357 2122 438 2163 sihi
465 2129 607 2163 metum
634 2125 830 2173 Deorum,
852 2139 1014 2178 quorum
1039 2126 1193 2165 occulta
1224 2126 1348 2165 initia
1378 2127 1623 2174 enunciaret,
1653 2125 1772 2179 majo-

358 2193 442 2220 rem
470 2180 604 2228 multo,
625 2179 748 2231 dixit,
770 2182 970 2223 hominum
998 2196 1094 2233 esse,
1116 2183 1186 2237 qui
1211 2196 1251 2224 se
1281 2183 1450 2223 indicem
1481 2182 1661 2224 manibus
1689 2183 1771 2223 suis

404 2303 445 2333 49
469 2303 543 2344 (Ι)ἰί
564 2305 683 2344 propitii
704 2306 832 2345 essent.')
862 2308 996 2337 obscaenis
1012 2329 1020 2337 .
1037 2329 1045 2338 .

361 2345 466 2385 sat-ris]
496 2346 614 2377 Mulier
635 2346 744 2379 timide
760 2347 901 2389 religiosa
917 2360 976 2380 non
991 2360 1045 2380 au-

363 2387 418 2418 det
445 2389 561 2419 Bacchi
583 2389 677 2420 sacris
703 2391 915 2422 obscoenitatis
942 2398 1046 2422 notam

363 2429 534 2472 injungere,
551 2431 617 2462 sine
638 2434 829 2474 praesatione,
845 2445 907 2475 qua
921 2434 1047 2466 deorum

365 2474 442 2504 iram
479 2473 669 2515 deprecetur.
723 2476 799 2507 Ideo
834 2483 906 2508 ante
943 2487 1047 2508 vocem

364 2517 508 2553 obse-‹rniffl
534 2518 692 2558 praemittit
716 2519 802 2550 illam
828 2519 1047 2561 precationem,

367 2559 422 2589 Dii
432 2561 552 2599 propitii
566 2561 673 2590 essent!

409 2603 450 2633 50
475 2602 513 2632 In
535 2603 599 2633 luco
614 2603 750 2643 Similirr]
791 2604 972 2646 Suspicatur
987 2606 1050 2636 Ge-

366 2643 467 2676 lenius
481 2645 622 2676 Semelen
647 2646 762 2677 Bacchi
779 2652 906 2677 matrem
929 2648 1049 2678 detorta

367 2687 504 2717 nonnihil
534 2699 607 2719 voce
641 2689 680 2720 ab
710 2689 832 2719 indocto
863 2690 954 2730 vulgo
983 2689 1047 2721 dic-

366 2735 429 2760 tum
453 2741 518 2761 esse
542 2733 684 2762 Similem.
727 2731 772 2763 At
793 2731 972 2763 scholiastes
989 2735 1046 2763 Ju-

367 2773 484 2803 venalis
507 2773 545 2803 ad
572 2775 738 2805 set-undam
761 2781 908 2817 satyram,
935 2775 973 2805 (lc
1001 2775 1047 2805 his

367 2815 439 2857 ipsis
476 2817 725 2849 Bacchanalibus
770 2828 873 2860 agaim,
911 2818 1045 2862 appellat

1088 2308 1222 2337 Slimuloe
1249 2309 1311 2338 dea‘
1343 2309 1453 2338 lucum.
1505 2307 1663 2336 Saimulmn
1695 2316 1771 2347 quo<

1089 2360 1149 2391 quc
1164 2349 1254 2381 deam
1271 2350 1410 2381 nominat
1424 2349 1628 2389 Augustum&
1645 2349 1683 2379 de
1699 2349 1768 2381 Civ.

1093 2393 1164 2429 Dei,
1181 2393 1200 2422 l.
1217 2393 1276 2424 IV.
1290 2404 1380 2435 capp.
1400 2393 1447 2422 11.
1464 2398 1494 2423 et
1514 2393 1560 2422 16.
1592 2392 1704 2433 ltaque
1722 2392 1771 2423 liic

1091 2446 1212 2476 quoque
1241 2436 1322 2466 idem
1358 2435 1491 2465 SlinmIa·
1516 2444 1628 2466 nomen
1658 2435 1769 2465 admit-

1091 2478 1217 2509 tendum
1233 2488 1299 2509 esse
1313 2476 1540 2508 crediderimus.

1134 2522 1204 2552 51*
1219 2521 1286 2551 Non
1307 2522 1431 2552 (vinalem
1455 2542 1463 2550 .
1486 2541 1494 2549 .
1519 2542 1527 2550 .
1552 2543 1560 2551 .
1583 2523 1694 2552 veniam
1719 2528 1770 2551 an!

1093 2566 1223 2604 gratiam
1247 2564 1333 2605 fore]
1387 2563 1460 2593 Non
1487 2563 1596 2594 cadem
1625 2561 1774 2595 facilitate

1095 2607 1336 2648 impetraturam,
1362 2610 1394 2635 ut
1421 2611 1472 2636 aut
1506 2606 1595 2637 venia
1621 2606 1769 2637 conceda—

1092 2654 1141 2678 tur
1175 2648 1244 2685 sibi,
1281 2654 1315 2679 ut
1349 2648 1441 2679 ctiam
1477 2649 1576 2687 gratia
1612 2650 1771 2680 habeatur.

1095 2692 1214 2732 Nempe
1251 2690 1340 2721 minis
1365 2692 1513 2732 promissa
1541 2692 1672 2722 miscens
1699 2703 1772 2723 con-

1091 2733 1137 2764 sul
1165 2733 1265 2763 innuit
1302 2734 1408 2764 fatenti
1446 2745 1506 2764 non
1535 2735 1652 2765 veniam
1680 2735 1772 2765 inodo

1092 2782 1230 2817 paratam
1251 2789 1327 2812 ess-v,
1347 2777 1399 2809 ,md
1416 2778 1510 2809 eliam
1534 2777 1657 2810 laudem
1681 2783 1775 2819 atqve

1091 2819 1275 2851 mercedem.
