1947 3222
177 233 211 262 C.
225 231 297 262 560.

121 232 163 264 U.

120 275 162 305 A.
174 276 212 306 C.
228 274 300 306 192.

124 686 307 727 Adloquun-

123 735 171 760 tur
186 730 321 771 Magne—

126 778 183 803 tas-

132 1355 301 1398 Eurylochi

133 1400 169 1429 M
174 1405 316 1439 agnetar-

132 1442 198 1472 chae
208 1452 316 1483 respon

133 1495 202 1515 sum
217 1484 320 1516 audax

132 1533 163 1557 et
176 1527 329 1558 inconsul-

132 1576 209 1602 tum.

328 117 404 152 216
833 111 977 151 TITI
1021 110 1199 150 LIVII

331 221 665 264 ⁶Demetriadem
695 221 774 264 iter
804 222 967 264 flexere.
1005 236 1054 262 eo
1083 221 1335 276 Magnetum
1366 217 1588 259 concilium
1619 214 1749 257 indic*

333 288 424 321 tum
456 287 530 320 est.
591 278 851 321 Adcuratior
883 279 941 319 ibi
977 277 1168 320 habenda
1202 275 1334 316 oratio
1368 275 1466 324 fuit,
1501 272 1618 330 quod
1653 287 1750 329 pars

333 335 570 392 principum
600 335 766 377 alienati
796 350 822 376 a
851 335 1068 384 Romanis,
1089 333 1253 389 totique
1281 331 1482 373 Antiochi
1513 340 1554 372 et
1584 329 1751 371 AEtolo-

334 407 428 433 rum
449 401 589 434 erant:
623 392 737 448 quia,
759 407 892 447 quum
922 390 1042 432 reddi
1071 390 1204 431 filium
1235 389 1421 430 obsidem
1449 387 1649 443 Philippo
1680 386 1752 427 ad-

335 449 468 490 latum
497 458 616 498 esset,
644 448 985 505 stipendiumque
1015 446 1244 503 inpositum
1274 446 1448 495 remitti,
1473 446 1584 485 inter
1613 452 1754 491 cetera

334 521 442 546 vana
470 506 658 547 adlatum
688 513 792 555 erat,
814 503 1127 545 Demetriadem
1157 518 1326 558 quoque
1347 503 1384 543 ei
1405 501 1644 542 reddituros
1667 501 1752 540 Ro-

335 577 479 604 manos
509 578 606 604 esse.
670 561 723 602 Id
743 576 795 602 ne
815 561 947 610 fieret,
970 560 1240 616 Eurylochus
1268 560 1461 615 princeps
1484 558 1752 612 Magnetum,

336 618 612 674 factionisque
635 618 726 674 ejus
746 617 932 672 quidam,
950 615 1089 657 omnia
1106 616 1251 656 novari
1273 615 1514 656 AEtolorum
1535 613 1756 654 Antiochi-

338 691 420 732 que
441 675 625 716 adventu
647 674 870 716 malebant.
932 673 1152 714 Adversus
1172 688 1240 713 eos
1261 673 1322 713 ita
1341 671 1627 712 disserendum
1649 677 1752 720 erat,

338 748 404 783 ne,
440 731 629 773 timorem
670 746 826 772 vanum
865 730 914 771 iis
955 729 1174 779 demendo,
1211 744 1303 785 spes
1342 728 1471 769 ineisa
1506 727 1754 783 Philippum

338 788 613 830 abalienaret:
646 787 689 829 in
709 803 795 843 quo
814 786 911 843 plus
943 786 996 828 ad
1016 786 1155 827 omnia
1183 784 1397 835 momenti,
1419 798 1545 840 quam
1566 785 1610 824 in
1633 785 1756 839 Mag-

337 845 519 895 netibus,
541 851 658 887 esset.
706 844 789 886 Illa
809 852 972 886 tantum
994 850 1328 892 commemorata,
1352 855 1466 895 quum
1488 847 1614 882 totam
1638 840 1758 882 Gra?-

337 903 440 942 ciam
476 901 661 956 beneficio
698 902 901 942 libertatis
942 900 1154 940 obnoxiam
1190 899 1388 940 Romanis
1426 913 1519 944 esse,
1555 904 1636 938 tum
1672 911 1758 938 eam

338 960 540 1000 civitatem
567 960 786 1013 praecipue.
845 958 916 999 Ibi
940 958 1044 998 enim
1065 970 1144 997 non
1168 957 1408 1010 praesidinm
1430 957 1544 995 modo
1565 955 1761 995 Macedo-

339 1030 430 1057 num
434 1017 587 1071 fuisse,
603 1017 673 1057 sed
691 1017 845 1071 regiam
866 1015 1170 1068 exaedificatam,
1187 1020 1231 1054 ut
1244 1027 1425 1066 prcesens
1439 1027 1591 1065 semper
1611 1012 1656 1052 in
1671 1026 1762 1052 ocu·

340 1075 392 1114 lis
409 1073 613 1114 habendus
640 1080 737 1114 esset
759 1074 950 1114 dominus.
1014 1073 1194 1113 Ceterum
1215 1072 1478 1124 nequidquam
1500 1084 1546 1110 ea
1561 1069 1704 1124 facta,
1724 1070 1762 1110 si

342 1130 480 1171 AEtolz'
502 1130 740 1172 Antiochum
767 1131 810 1170 in
834 1130 1028 1182 Philippi
1057 1130 1211 1182 regiam
1241 1129 1499 1176 adducerent,
1522 1134 1560 1167 et
1581 1140 1703 1167 novus
1722 1133 1760 1167 et

344 1188 569 1242 incognitus
588 1202 666 1241 pro
686 1194 816 1228 vetere
836 1193 873 1227 et
894 1192 1057 1238 experto
1077 1185 1280 1226 habendus
1300 1199 1373 1224 rex·
1393 1191 1501 1224 esset.
1563 1185 1761 1238 Magnet-

343 1245 495 1286 archen
526 1259 736 1285 summum
771 1244 1063 1300 magistratum
1100 1250 1259 1283 vocant.
1300 1241 1335 1282 is
1367 1249 1458 1282 tum
1490 1240 1759 1296 Eurylochus

343 1310 443 1343 erat.
476 1317 523 1342 ac
547 1309 753 1357 potestate
784 1316 832 1342 ea
860 1301 1008 1349 fretus,
1034 1299 1202 1354 negavit
1232 1298 1578 1340 dissimulandum
1610 1297 1687 1337 sibi
1719 1305 1760 1338 et

345 1358 620 1414 Magnetibus
655 1373 755 1408 esse,
789 1373 885 1414 quae
920 1357 1033 1397 fama
1068 1356 1241 1411 vulgata
1274 1355 1327 1396 de
1362 1354 1575 1395 reddenda
1610 1354 1762 1394 Deme-

344 1415 478 1456 triade
500 1413 700 1471 Philippo
720 1414 840 1455 foret.
873 1414 918 1455 id
939 1429 990 1454 ne
1010 1413 1143 1462 fieret,
1165 1412 1304 1453 omnia
1333 1419 1372 1453 et
1403 1411 1592 1452 conanda
1620 1418 1662 1451 et
1689 1425 1762 1451 au-

345 1471 482 1513 denda
524 1472 798 1526 Magnetibus
837 1486 935 1512 esse.
1005 1471 1064 1511 Et
1104 1469 1211 1510 inter
1251 1468 1415 1509 dicendi
1455 1467 1760 1508 contentionem

345 1528 619 1569 inconsultius
659 1536 828 1570 evectus
861 1527 1051 1584 projecit,
1095 1526 1194 1566 Tum
1238 1539 1390 1579 quoque
1428 1526 1558 1577 specie
1591 1524 1761 1564 liberam

345 1585 646 1626 Demetriadem
687 1599 786 1626 esse.-
831 1599 876 1624 re
914 1598 1008 1625 vera
1044 1584 1178 1624 omnia
1218 1585 1274 1623 ad
1312 1588 1448 1622 nutum
1489 1582 1761 1622 Romanorum

332 1642 444 1695 fieri.
520 1642 608 1683 Sub
647 1642 754 1683 hanc
793 1656 935 1683 vocem
984 1640 1177 1681 fremitus
1216 1639 1437 1680 7variantis
1476 1637 1760 1680 multitudinis

343 1699 443 1750 fuit,
484 1699 636 1755 partim
678 1698 914 1748 adsensum,
954 1697 1108 1753 partim
1148 1696 1510 1752 indignationem‘,
1546 1695 1682 1737 dicere
1716 1694 1762 1736 id

345 1770 495 1797 ausum
521 1770 628 1796 eum.
691 1755 912 1805 Quinctius
933 1754 1104 1811 quidem
1130 1753 1234 1794 adeo
1254 1753 1406 1794 exarsit
1428 1753 1504 1802 ira,
1527 1761 1590 1801 ut,
1612 1767 1761 1792 manus

346 1813 400 1854 ad
436 1813 586 1854 coelum
628 1812 816 1862 tendens,
853 1813 966 1852 Deos
1001 1818 1127 1852 testes
1165 1810 1320 1865 ingrati
1361 1824 1407 1850 ac
1447 1809 1598 1864 perfidi
1633 1807 1759 1849 animi

347 1870 600 1925 {Magnetum
620 1869 843 1909 invocaret.
906 1869 1000 1908 Hac
1022 1882 1121 1908 voce
1148 1865 1380 1923 perterritis
1400 1866 1608 1915 omnibus,
1632 1865 1760 1913 Zeno,

345 1941 396 1966 ex
418 1925 678 1982 principibus
708 1939 832 1975 unus,
855 1939 1017 1980 magnae
1048 1933 1139 1964 tum
1160 1924 1215 1964 ob
1236 1923 1445 1979 eleganter
1475 1930 1609 1963 actam
1631 1922 1760 1963 vitam

344 1982 620 2032 auctoritatis,
662 1989 753 2023 tum
795 1981 911 2037 quod
951 1996 1033 2022 sem
1068 1996 1112 2022 er
1153 1981 1440 2021 Romanorum
1480 1979 1595 2019 haud
1635 1977 1763 2019 dubie

344 2038 476 2095 partis
507 2039 660 2089 fuerat,
692 2039 744 2079 ab
777 2037 1008 2086 Quinctiod
1053 2037 1268 2093 egatisque
1298 2036 1388 2078 aliis
1419 2035 1520 2077 flens
1550 2035 1687 2092 petiit,
1715 2049 1766 2075 ne

346 2097 462 2136 unius
479 2097 696 2137 amentiam
726 2096 887 2137 civitati
916 2096 1195 2149 adsignarent.
1259 2093 1339 2134 Suo
1369 2107 1557 2148 quemque
1579 2093 1765 2146 periculo

326 2153 490 2207 fierere.
542 2152 765 2207 Magnetas
786 2167 865 2194 non
885 2152 1110 2194 libertatem
1132 2153 1257 2201 modo,
1275 2153 1345 2192 sed
1363 2152 1514 2201 omnia,
1531 2164 1620 2205 quce
1638 2148 1764 2190 homi-

388 2264 402 2281 Ε
417 2263 525 2300 partim
539 2263 768 2298 assentientium,
781 2263 890 2301 partim
903 2262 1125 2303 indignantium
1141 2261 1232 2292 Crev.
1376 2260 1391 2284 d
1406 2261 1443 2290 ab
1460 2260 1492 2290 T.
1507 2259 1647 2294 Quinctio
1664 2258 1763 2289 Gron.

347 2304 439 2336 Crev.

390 2390 410 2420 6
437 2390 648 2420 Demetriadem
677 2391 732 2419 iter
750 2389 878 2430 flexere]
923 2388 1034 2431 Scripti

349 2437 381 2463 et
393 2431 465 2463 olim
483 2430 558 2462 editi
579 2434 635 2462 iter
657 2434 794 2462 (lamere.
842 2432 904 2463 Sed
927 2441 1035 2474 parum

349 2475 485 2506 interest.

394 2518 412 2547 7
456 2517 605 2547 Variantis
657 2518 868 2552 multitudini&
927 2519 1036 2556 partim

350 2561 576 2593 assentientium,
630 2561 740 2598 partim
798 2561 1036 2601 indignantium]

351 2602 445 2634 Varie
482 2601 617 2643 agitatae,
647 2601 738 2632 variis
775 2602 869 2632 animi
905 2602 1039 2633 motibus

351 2645 518 2676 astuantis.
578 2644 715 2675 Verbum
757 2646 870 2674 variare.
905 2643 1037 2687 ὕδια-ἔρως

350 2694 506 2730 sumptum
531 2697 550 2718 a
573 2687 659 2718 Livio
682 2692 738 2721 est,
755 2686 775 2716 l.
797 2687 824 2716 l.
841 2697 867 2717 c.
885 2688 935 2718 43.
956 2688 999 2717 Ibi
1015 2691 1038 2718 ςί

350 2733 489 2762 mriaret.
534 2729 585 2771 Sic
607 2736 638 2761 et
666 2731 788 2761 Lucret.
813 2730 833 2759 l.
859 2729 899 2760 V.
917 2741 944 2759 v.
962 2731 1034 2761 823.

350 2775 530 2804 variantibus
543 2773 662 2814 formis.
709 2772 883 2805 Gronovius
906 2782 943 2802 ex
960 2773 1035 2803 ‹luo-

350 2816 407 2847 bus
429 2817 524 2847 MSS.
547 2815 632 2847 dedit
653 2817 762 2856 partim
788 2826 941 2847 assensum.
966 2826 1033 2854 rnr-

352 2861 402 2889 tinz
441 2861 678 2901 indignationem,
716 2858 760 2889 itu
796 2864 829 2889 ut
874 2857 937 2888 baec
975 2858 1035 2889 (luo

1080 2389 1205 2420 nomina
1238 2389 1395 2431 pendeant
1430 2398 1449 2418 a
1483 2386 1576 2418 verbo
1611 2388 1764 2417 variantis.

1081 2431 1227 2462 Fremitus
1270 2433 1468 2462 multitudinis
1501 2429 1571 2471 suit
1612 2431 1764 2464 uir-unitis,

1081 2474 1135 2505 hos
1163 2479 1220 2511 est,
1249 2473 1440 2506 alternantis.
1470 2472 1546 2502 inter
1574 2482 1605 2501 se
1636 2472 1764 2503 confun-

1080 2517 1192 2552 dentis,
1235 2519 1343 2557 partim
1377 2525 1530 2550 assensum,
1564 2517 1674 2553 partim
1718 2517 1764 2546 in-

1081 2562 1288 2601 dignationem,
1317 2559 1398 2600 quod
1421 2558 1452 2588 id
1479 2557 1579 2588 dicere
1605 2564 1684 2589 esset
1711 2568 1767 2589 au-

1081 2613 1141 2633 sus.
1187 2602 1249 2633 Sed
1271 2602 1362 2643 hujus
1382 2601 1526 2642 loquendi
1549 2599 1652 2631 fonnae
1670 2601 1765 2632 auda-

1081 2645 1140 2680 cia.
1156 2655 1225 2686 quae
1244 2645 1385 2676 blandita
1408 2650 1453 2675 est
1474 2643 1629 2674 Gronovio
1652 2645 1765 2686 abrup-

1081 2688 1165 2719 tioris
1193 2688 1338 2719 sermonis
1363 2687 1491 2722 amanti,
1516 2686 1604 2717 nobis
1634 2697 1694 2718 non
1722 2686 1766 2718 ita

1080 2730 1207 2772 placuit.
1239 2736 1272 2760 ut
1314 2730 1471 2771 vulgatam
1506 2729 1677 2764 lectionem.
1715 2729 1765 2760 cui

1081 2773 1163 2804 favet
1180 2773 1263 2803 Vici.
1280 2773 1386 2808 codex,
1401 2783 1530 2813 quaeque
1553 2772 1722 2815 simplicior
1737 2778 1768 2803 et

1080 2815 1188 2847 clamor
1203 2823 1259 2853 cst,
1276 2816 1487 2858 abjiceremus,
