1947 3222
172 259 195 289 J.
209 259 245 289 C.
256 258 332 289 555.

152 302 195 333 A.
207 303 243 332 C.
260 300 332 331 197.

154 650 300 689 Quinctio

152 700 349 736 prorogatum
368 709 576 736 successor
609 693 647 734 ei
681 693 873 733 venisset.

153 737 326 779 imperium.

158 1440 315 1483 Prodigia.

374 133 425 177 76
872 130 1050 185 ΙΤῙΤῙ
1090 130 1258 168 L1vi1

363 246 437 282 aut
467 240 663 282 maturius
695 241 738 281 in
766 240 1021 293 provinciam
1055 239 1236 288 venisset,
1271 244 1342 279 aut
1373 239 1497 279 hiems
1531 236 1660 292 magis
1693 250 1786 278 sera

347 298 517 353 suisset,
533 296 715 351 potuerit
744 297 958 337 debellare.
1016 296 1177 337 ¹⁷Nunc
1199 310 1330 350 prope
1358 296 1401 336 iu
1429 295 1600 335 hiberna
1627 294 1789 347 profec-

363 362 461 405 tum,
478 356 539 396 ita
558 368 794 407 comparare
808 354 892 394 dici
911 353 1066 402 bellum,
1083 360 1141 402 ut,
1158 354 1241 393 nisi
1259 367 1453 394 successor
1473 351 1674 405 inpediat,
1689 364 1788 403 per-

347 412 538 467 ficturus
549 417 689 453 aestate
702 411 892 464 proxima
906 410 1105 450 videatur.
1138 410 1220 450 His
1233 409 1490 451 orationibus
1503 407 1785 465 pervicerunt,

364 477 414 510 ut
443 468 631 510 consules
659 468 703 509 in
733 475 901 508 senatus
930 466 1179 508 auctoritate
1213 465 1302 506 fore
1323 465 1506 507 dicerent
1528 480 1584 514 se,
1608 464 1642 504 si
1675 462 1787 503 idem

365 525 525 567 tribuni
558 525 753 565 facerent.
815 522 1163 564 Permittentibus
1196 521 1387 578 utrisque
1418 522 1591 563 liberam
1625 519 1788 561 consul-

366 582 580 631 tationem,
616 582 763 621 Patres
802 579 1044 620 consulibus
1082 579 1286 620 ambobus
1323 578 1491 620 Italiam
1530 575 1787 633 provinciam

366 638 652 680 decreverunt.
726 637 779 676 T.
813 635 1009 685 Quinctio
1052 643 1333 691 prorogarunt
1379 634 1616 697 imperium,
1658 633 1789 674 donec

947 691 1202 732 Consulibus
1234 691 1345 731 binae
1379 691 1561 754 leglones
1595 690 1788 739 decretae,

367 760 410 792 et
430 759 479 792 ut
498 750 657 791 bellum
678 764 774 790 cum
796 748 930 790 Gallis
952 746 1188 803 CisalpiniS‚
1210 747 1284 802 qui
1312 747 1557 788 defec1ssent
1577 761 1602 787 a
1629 745 1789 803 populo

370 808 575 857 Romano,
611 814 813 862 gererent.
876 803 1073 855 Quinctio
1111 803 1155 844 in
1194 803 1486 844 Macedoniam
1529 803 1791 859 supplemen-

368 872 460 905 tum
490 863 720 912 decretum,
740 862 933 918 peditum
964 860 1151 917 quinque
1186 859 1317 900 millia
1335 867 1377 901 et
1407 859 1578 901 trecenti
1611 859 1788 915 equites,

367 928 410 961 et
431 921 636 961 sociorum
666 918 877 959 navalium
905 918 987 959 tria
1015 917 1156 957 millia.
1223 915 1402 957 Praeesse
1431 915 1557 966 idem,
1578 916 1652 971 qui
1681 930 1788 972 prae-

367 985 472 1027 erat,
493 976 612 1018 classi
643 976 695 1016 L.
720 974 940 1025 Quinctius
963 973 1225 1014 Flamininus
1248 972 1403 1028 jussus.
1466 971 1725 1013 Praetoribus
1745 972 1789 1012 in

369 1033 595 1089 Hispanias
624 1040 774 1073 octona
802 1031 934 1072 millia
964 1030 1154 1086 peditum
1186 1029 1343 1071 socium
1371 1045 1418 1070 ac
1440 1028 1584 1070 Latini
1613 1027 1790 1069 nominis

369 1090 483 1140 data,
513 1098 555 1131 et
585 1088 618 1113 ¹⁸
631 1087 929 1145 quadringenti
959 1088 1136 1142 equites,
1158 1094 1207 1128 ut
1237 1085 1496 1127 dimitterent
1525 1093 1707 1126 veterem
1737 1100 1789 1126 ex

370 1145 588 1203 Hispaniis
617 1145 817 1187 militem:
851 1152 892 1186 et
922 1144 1143 1185 terminare
1167 1143 1290 1199 jussi,
1312 1142 1437 1198 1‘’qua
1462 1141 1636 1183 ulterior
1656 1140 1791 1183 citeri-

368 1219 469 1244 orve
488 1202 703 1259 provincia
718 1209 964 1243 servaretur.
1026 1199 1286 1240 Macedoniae
1307 1200 1466 1254 legatos
1487 1199 1535 1239 P.
1556 1197 1789 1254 Sulpicium

370 1269 412 1302 et
435 1261 483 1301 P.
507 1259 694 1308 Villium,
715 1258 789 1314 qui
820 1257 1008 1299 consules
1037 1256 1080 1297 in
1109 1272 1158 1297 ea
1186 1255 1399 1312 provincia
1426 1255 1609 1305 fuerant,
1630 1254 1790 1310 adjece-

371 1324 484 1358 runt.

429 1374 618 1414 XXIX.
653 1372 904 1428 Priusquam
937 1370 1126 1412 consules
1159 1378 1443 1427 praetoresque
1477 1369 1521 1410 in
1555 1367 1790 1424 provincias

370 1430 745 1486 proficiscerentur,
785 1428 979 1484 prodigia
1027 1427 1242 1484 procurari
1287 1426 1469 1482 placuit:
1522 1424 1637 1481 quod
1681 1424 1791 1466 aedes

372 1486 548 1527 Vulcani
577 1486 612 1510 ²⁰
627 1484 927 1540 Summanique
958 1485 1120 1533 Romae,
1146 1491 1186 1525 et
1217 1483 1392 1538 ²¹quod⁸
1412 1481 1615 1537 Fregellis
1643 1496 1791 1522 murus

370 1551 412 1585 et
441 1551 564 1599 porta
596 1543 648 1583 de
678 1541 782 1582 coelo
816 1549 929 1582 tacta
961 1548 1105 1581 erant:
1144 1548 1185 1581 et
1221 1539 1455 1580 Frusinone
1487 1537 1595 1578 inter
1625 1545 1789 1578 noctem

369 1600 444 1641 lux
465 1607 580 1641 orta:
613 1608 655 1640 et
677 1597 838 1639 Asculo
861 1613 996 1652 agnus
1024 1596 1165 1652 biceps
1185 1611 1282 1637 cum
1303 1596 1493 1651 quinque
1521 1593 1702 1650 pedibus
1721 1608 1793 1634 Περ

371 1664 465 1698 tus:
499 1664 541 1697 et
563 1654 743 1696 Formiis
768 1654 854 1695 duo
884 1653 988 1709 lupi,
1011 1653 1215 1708 oppidum
1245 1651 1433 1708 ingressi,
1454 1651 1599 1692 obvios
1629 1650 1791 1706 aliquot

370 1712 649 1753 laniaverant:
684 1712 833 1751 Romae
853 1725 936 1751 non
963 1709 1006 1750 in
1026 1710 1173 1750 urbem
1195 1708 1343 1758 solum,
1366 1708 1438 1748 sed
1467 1707 1510 1747 in
1533 1706 1790 1762 Capitolium

369 1777 659 1824 penetraverat
698 1768 837 1823 lupus.
899 1767 947 1807 C.
979 1765 1144 1807 Acilius
1184 1765 1379 1806 tribunus
1417 1763 1550 1820 plebis
1590 1762 1705 1813 tulit,
1742 1770 1790 1804 ut

369 1826 557 1882 quinque
592 1824 762 1866 coloniae
802 1823 845 1864 in
883 1838 998 1864 oram
1037 1822 1289 1863 maritimam
1328 1820 1658 1862 deducerentur:
1691 1819 1790 1860 duae

368 1883 423 1924 ad
442 1882 548 1923 ostia
571 1881 793 1923 fluminum
815 1879 1014 1921 Vulturni
1037 1878 1309 1934 Liternique:
1342 1893 1427 1918 una
1449 1875 1670 1918 Puteolos:
1704 1891 1790 1917 una

368 1939 422 1980 ad
458 1947 639 1980 castrum
673 1937 843 1978 Salerni.
905 1936 988 1976 His
1019 1936 1262 1977 Buxentum
1297 1933 1520 1990 adjectum.
1551 1932 1790 1974 ²²trecenae⁶

368 1995 538 2036 familiae
564 1995 607 2036 in
637 1994 822 2049 singulas
842 1993 1021 2034 colonias
1045 1992 1306 2048 jubebantur
1335 1990 1458 2031 mitti.
1489 1988 1699 2031 triumviri
1719 1988 1790 2030 de-

369 2052 570 2094 ducendis
590 2053 655 2101 iis,
677 2051 752 2107 qui
781 2065 855 2106 per
877 2049 1100 2090 triennium
1120 2048 1413 2104 magistratum
1442 2047 1658 2097 haberent,
1680 2061 1792 2087 crea-

371 2110 419 2160 ti,
442 2110 505 2149 M.
532 2108 731 2150 Servilius
763 2106 982 2156 Geminus,
1006 2107 1054 2156 Q.
1078 2105 1295 2146 Minucius
1329 2103 1556 2153 Thermus,
1584 2102 1652 2143 Ti.
1678 2103 1792 2144 Sem-

546 2196 562 2213 a
577 2193 652 2233 quod
665 2197 692 2222 et
707 2190 805 2221 Gron.
822 2190 915 2221 Crev.
1043 2187 1060 2212 b
1076 2190 1192 2219 tricenae
1208 2187 1306 2219 Gron.
1322 2192 1491 2217 trecentena:
1507 2186 1598 2217 Crev.

1102 2268 1281 2298 haberetur:
1306 2277 1367 2307 quo
1384 2265 1444 2296 fine
1466 2265 1590 2296 ulterior
1606 2263 1788 2306 citeriorque

414 2273 452 2303 17
479 2272 569 2302 Nunc
590 2282 676 2311 prope
689 2271 721 2299 iu
736 2270 855 2299 hiberna
875 2268 1055 2316 profectum]
1179 2310 1185 2315 ι
1231 2310 1236 2314 .
1362 2309 1368 2314 ⁸

1102 2320 1267 2353 provmciae
1283 2314 1527 2340 terminarentur.

371 2315 402 2346 Si
426 2314 501 2345 nihil
524 2315 574 2345 hic
599 2320 646 2345 est
669 2312 745 2348 vitii,
760 2323 840 2342 nunc
864 2323 952 2352 prope
976 2311 1058 2341 idem

370 2357 438 2394 erit,
463 2368 500 2388 ac
526 2369 583 2387 ποη
606 2359 649 2387 ita
672 2357 795 2395 pridem,
818 2356 869 2385 hoc
894 2357 951 2394 ipso
975 2365 1060 2393 prope

372 2407 506 2441 tempore.

374 2455 453 2474 nnnc
490 2454 610 2484 quoque.
663 2442 737 2472 Non
778 2441 880 2477 modo,
916 2440 1059 2481 inquiunt

373 2486 500 2522 tribuni,
518 2485 665 2522 Quintius
682 2484 762 2514 bene
777 2493 824 2514 res
846 2483 940 2525 gessit
961 2482 1059 2524 priore

375 2540 475 2567 anno3
498 2529 552 2559 sed
576 2538 657 2558 nunc.
682 2536 805 2567 quoque
832 2526 875 2557 ita
902 2530 1062 2567 comparat

374 2572 503 2606 bellum,
524 2577 557 2603 ut
579 2571 769 2613 perfecturus
791 2569 930 2610 proxima
953 2574 1060 2599 :estate

374 2614 525 2646 videatur.
554 2615 664 2656 Supra,
680 2612 701 2643 l.
718 2612 881 2642 XXVIII.
896 2612 985 2642 c.39.
1001 2621 1060 2641 vox

374 2669 484 2699 quoque
519 2657 600 2688 male
633 2654 738 2686 itidem
774 2659 894 2684 mutata
929 2659 995 2684 erat
1029 2652 1061 2683 in

373 2711 472 2739 prope.

422 2745 458 2773 18
499 2742 733 2784 Quadringenti]

373 2788 453 2825 geni.

424 2829 460 2859 19
485 2829 551 2862 Qua
587 2826 725 2868 ulteria]
772 2827 852 2862 Qua*
891 2823 973 2865 regio
1010 2833 1063 2865 pto

378 2870 517 2902 ulteriore
548 2869 716 2911 provincia,
745 2879 814 2909 qum
845 2879 898 2910 pro
926 2866 1064 2898 citeriore

802 2740 885 2780 Lege
920 2740 1061 2778 quadrin-

564 2399 626 2431 Sed
661 2399 753 2438 longe
793 2403 919 2439 praestat
955 2398 1076 2437 legere,

1145 2354 1188 2384 20
1218 2352 1385 2392 Summani]
1431 2351 1524 2382 Pluto
1557 2350 1732 2380 Summanus
1769 2360 1789 2381 a

1101 2395 1255 2427 Romanis
1308 2395 1477 2429 dicebatur,
1521 2393 1610 2434 quasi
1653 2393 1790 2422 Summus

1103 2439 1251 2469 Manium.
1295 2437 1429 2468 Turneb.
1451 2435 1583 2468 Advers.
1611 2435 1632 2466 l.
1656 2435 1789 2465 XVIII.

1102 2492 1130 2512 c.
1147 2483 1178 2511 4.
1194 2480 1276 2511 Vide
1291 2479 1376 2510 aliud
1399 2484 1523 2520 etymon
1545 2477 1636 2520 hujus
1654 2477 1736 2509 vocis
1756 2477 1788 2508 in

1103 2523 1203 2555 lexico
1220 2523 1336 2554 Matth.
1352 2520 1505 2552 Martinii.

1143 2567 1183 2597 21
1211 2566 1295 2600 Quod
1312 2572 1338 2595 et
1355 2564 1511 2606 Fregellis]
1537 2562 1702 2594 Particulae
1726 2562 1788 2594 ille

1102 2611 1176 2650 quod
1188 2615 1214 2639 et
1228 2617 1465 2649 supervacaneis
1475 2611 1556 2641 sunt,
1567 2616 1623 2637 uec
1637 2605 1789 2637 immerito

1103 2651 1245 2682 videntur
1261 2650 1416 2682 Gronovio
1431 2649 1614 2680 recidendae.

1146 2695 1187 2725 22
1213 2694 1395 2724 Trecentenae
1413 2692 1562 2734 sarrziliff]
1601 2692 1704 2733 Vulgo
1733 2693 1789 2722 tri-

1105 2747 1201 2767 cenoe:
1246 2746 1390 2767 numerus
1433 2735 1629 2777 perexiguus.
1696 2734 1788 2772 Quod

1105 2779 1270 2814 edidimus,
1299 2778 1421 2820 praefert
1448 2783 1548 2808 noster
1574 2777 1692 2809 Victor.
1718 2787 1787 2808 cum

1106 2822 1276 2853 Thuanaeo.
1322 2822 1362 2851 Et
1376 2821 1454 2852 alius
1467 2831 1588 2862 quoque
1603 2820 1672 2851 cod.
1687 2830 1706 2851 a
1720 2820 1791 2852 Jac-

1109 2864 1264 2897 Gronovio
1280 2864 1442 2905 allegatus,
1460 2869 1652 2895 crescentem.
