1947 3222
561 110 681 148 LIB.
709 109 796 147 XL.
838 110 970 148 CAP.
1001 111 1069 147 IX.
1447 111 1519 149 461

107 222 246 277 Agite,
266 222 528 262 conscelerate
555 231 674 259 aures
696 224 912 271 paternas
943 219 1142 259 77888777778
1167 220 1412 268 criminibus,
1435 226 1718 259 mox1¹.C.570.

89 281 170 332 fer
172 293 217 319 ro
245 279 464 319 decretmi:
495 277 618 317 dicite
639 276 795 328 palam,
819 275 1018 329 quidquid
1037 282 1111 315 aut
1139 278 1224 316 veri
1246 278 1431 329 potestis,
1453 283 1548 317 aut
1540 271 1577 303 ¹⁸·
1592 270 1628 301 C
1646 270 1718 302 182.

107 336 351 376 comminisci
379 335 486 376 libet.
545 333 757 373 Reserate?
785 347 902 373 aures
931 339 1035 380 sunt,
1058 346 1147 386 quse
1172 335 1340 384 posthac
1366 335 1527 374 secretis

111 394 236 434 alter
220 407 281 434 7773
310 392 361 433 ab
390 393 519 432 altero
546 389 783 430 criminibus
815 391 1067 430 claudentur.
1128 390 1248 438 Haec,
1279 390 1422 431 fulens
1449 391 1526 441 ira,

112 465 249 513 quurn
281 449 465 497 dixisset,
501 446 680 488 lacrimae
715 446 908 488 omnibus
940 447 1114 497 obortae,
1147 454 1188 487 et
1224 445 1298 487 diu
1335 456 1528 488 moestum

118 505 327 548 silentium
348 505 495 545 tenuit.

172 563 257 603 IX.
292 562 406 602 Tum
430 562 627 602 Perseus:
663 560 900 613 Aperienda
931 562 1118 601 nimirum
1139 567 1252 601 nocte
1267 559 1406 614 janua
1419 562 1529 614 ficit,
1544 565 1619 595 Per
1620 574 1646 595 en
1660 573 1726 594 ora

119 627 158 661 et
186 619 340 660 armati
360 619 634 659 comissatores
653 618 898 671 accipiendi,
913 618 1252 672 praebendumque
1263 618 1390 672 ferro
1406 608 1595 672 juga-¹³⁰·

111 679 205 726 lum,
227 677 389 730 quando
409 689 490 715 77077
510 676 701 723 creditur,
719 676 802 716 nisi
814 682 1106 728 perpetratum,
1111 675 1286 730 facinus
1292 698 1308 721 ;
1341 681 1378 715 et
1394 677 1530 715 eadem

108 735 261 787 petitus
291 733 454 774 insidiis
484 733 621 783 audio,
643 746 732 786 quce
761 734 869 773 latro
898 739 1019 786 atque
1048 733 1277 773 insidiator.
1338 732 1436 772 Non
1466 746 1531 772 ne-

111 791 330 845 quidquam
361 791 431 831 isti
459 804 580 830 unum
610 790 860 830 Demetrium
870 790 1012 843 filium
1034 796 1073 830 te
1091 790 1249 838 habere,
1272 788 1371 829 ²²²me
1397 789 1531 830 subdi-

113 855 196 890 tum
217 854 255 887 et
268 848 416 900 pellice
431 848 609 902 genitum
631 848 852 900 adpellant.
876 861 983 897 nam,
1004 848 1042 888 si
1059 848 1249 901 gradum,
1265 847 1301 887 si
1320 848 1532 887 caritatem

98 905 196 958 filii
214 906 327 958 apud
344 910 384 945 te
402 904 600 954 haberem,
623 918 702 944 non
724 905 767 945 777
789 919 860 952 7778,
884 910 1108 958 querentem
1139 904 1404 957 deprehensas
1433 904 1532 944 77737-

116 963 221 1011 dias,
243 962 314 1003 sed
332 962 375 1002 in
397 976 494 1011 eum,
517 962 584 1016 qui
596 961 777 1016 fecisset,
798 963 974 1003 sa’vires:
1010 976 1080 1002 7788
1099 963 1200 1002 adeo
1220 961 1298 1001 tibi
1327 962 1421 1002 vilis
1449 963 1535 1002 vita

117 1026 216 1060 esset
245 1025 396 1068 nostra,
429 1025 472 1059 ut
502 1033 572 1059 nec
593 1021 809 1071 praeterito
830 1020 1014 1072 periculo
1044 1033 1126 1059 meo
1157 1019 1383 1069 movereris,
1414 1032 1539 1071 neque

103 1077 270 1130 ficturo,
301 1078 339 1117 si
367 1076 655 1117 insidiantibus
683 1077 737 1116 sit
767 1077 927 1128 inpune.
989 1076 1147 1129 Itaque,
1176 1077 1213 1115 si
1241 1076 1344 1115 mori
1373 1077 1538 1116 tacitum

119 1140 289 1187 oportet,
313 1140 522 1182 taceamus,
537 1133 702 1186 precati
721 1139 877 1173 tantum
898 1133 1024 1183 Deos,
1042 1138 1085 1172 ut
1105 1147 1132 1172 a
1153 1146 1212 1172 me
1231 1138 1397 1185 caeptum
1418 1133 1541 1173 scelus

122 1193 166 1231 in
186 1191 376 1244 mefinem
397 1190 557 1240 habeat,
578 1204 650 1231 nec
663 1204 738 1243 per
765 1203 888 1230 meum
916 1191 1024 1231 latus
1043 1196 1088 1230 tu
1100 1191 1278 1243 petaris.
1336 1188 1450 1231 2³Sin
1471 1203 1542 1229 au-

121 1255 196 1289 tem
228 1248 352 1302 (quod
380 1248 656 1289 circumventis
684 1248 727 1287 in
758 1247 977 1288 solitudine
1005 1253 1156 1287 natura
1183 1247 1275 1299 ipsa
1303 1245 1476 1301 subjicit,
1498 1253 1542 1287 ut

121 1306 336 1355 hominum,
377 1319 474 1359 quos
511 1318 720 1359 numquam
759 1304 949 1353 viderint,
974 1305 1102 1357 fidem
1142 1310 1276 1343 tamen
1315 1304 1540 1358 inplorent)

116 1363 224 1403 7777177
252 1376 419 1416 quoque,
435 1362 598 1416 serrum
631 1362 672 1401 in
702 1375 763 1401 me
788 1362 967 1402 strictum
1001 1362 1196 1411 cernenti,
1227 1374 1356 1401 vocem
1385 1362 1544 1402 mittere

122 1421 268 1465 liceat;
296 1433 374 1472 per
403 1426 456 1469 te,
472 1419 729 1472 patriumque
758 1432 910 1467 nomen,
933 1420 1039 1472 quod
1066 1419 1151 1459 utri
1171 1417 1346 1459 nostram
1367 1419 1546 1459 sanctius

122 1477 189 1524 sit,
206 1475 292 1530 jam
308 1477 468 1528 pridem
488 1476 625 1524 sentis,
647 1476 708 1516 ita
730 1489 789 1515 me
808 1477 967 1524 audias,
983 1489 1142 1528 precor,
1160 1482 1362 1529 tamquam
1382 1477 1432 1525 si,
1454 1490 1546 1517 voce

125 1539 163 1573 et
193 1534 504 1586 comploratione
533 1539 727 1574 nocturna
757 1534 920 1582 excitus,
942 1533 1038 1572 mihi
1058 1533 1281 1587 quiritanti
1309 1534 1546 1574 intervenis-

119 1605 197 1639 383,
221 1590 470 1631 Demetrium
499 1604 583 1630 cum
604 1590 775 1630 armatis
794 1596 908 1630 nocte
928 1591 1164 1643 intempesta
1187 1591 1231 1630 in
1252 1590 1443 1630 vestibulo
1463 1604 1546 1631 meo

119 1648 460 1701 deprehendisses.
493 1648 599 1701 quod
622 1654 703 1688 tum
730 1648 977 1702 vociferarer
1004 1647 1046 1687 in
1073 1661 1119 1687 re
1132 1648 1331 1700 praesenti
1352 1647 1544 1700 pavidus,

125 1705 198 1745 lzoc
217 1718 321 1744 nunc
344 1711 508 1757 postero
536 1705 604 1744 die
632 1718 787 1758 queror.
847 1705 1013 1753 Frater,
1040 1718 1118 1744 77077
1139 1703 1472 1746 2⁴com2'ssantzum
1502 1705 1546 1745 in

121 1763 248 1802 vicem
264 1760 357 1815 jam
389 1763 460 1802 diu
497 1762 662 1802 vivimus
698 1762 805 1802 inter
839 1776 921 1803 nos.
965 1776 1138 1816 regnare
1169 1763 1304 1816 utique
1333 1763 1412 1803 vis.-
1454 1762 1547 1802 huic

127 1819 215 1872 spei
226 1825 306 1859 tuae
322 1818 452 1860 obstat
464 1825 565 1859 (etas
577 1832 676 1868 mea,
691 1819 821 1859 obstat
832 1820 1102 1873 gentiumyus,
1120 1818 1249 1859 obstat
1261 1825 1434 1860 vetustus
1451 1819 1548 1859 Ma-

128 1877 306 1916 cedonia:
325 1890 418 1926 mos,
435 1875 566 1916 obstat
585 1890 678 1917 vero
699 1877 821 1916 etiam
837 1875 1200 1930 patrisjudicium.
1241 1875 1413 1916 ‘⁴'5Hcecg
1431 1882 1547 1916 tran-

127 1934 325 1981 scendere,
344 1933 428 1973 nisi
440 1947 516 1986 per
537 1947 658 1973 meum
674 1933 923 1987 sanguinem,
946 1947 1025 1973 non
1038 1939 1167 1986 potes.
1189 1935 1323 1973 omnia
1340 1934 1496 1974 moliris
1510 1939 1548 1973 et

130 1995 274 2029 tentas.
296 1990 512 2039 adhaeseu
531 2004 628 2030 cura
650 2004 750 2039 mea,
766 2004 833 2031 seu
835 1990 1034 2043 fortuna,
1050 1991 1201 2031 restitit
1214 1991 1451 2042 parricidio
1466 1997 1547 2031 tuo.

133 2047 342 2087 Hesterna
370 2047 436 2086 die
465 2047 510 2086 777
538 2046 792 2096 lustratione,
820 2053 859 2087 et
882 2048 1061 2095 decur,su
1089 2053 1126 2086 et
1154 2047 1368 2087 simulacro
1394 2048 1550 2087 ludicro

121 2116 300 2157 pugnae,
303 2103 507 2155 funestum
519 2117 654 2157 prope
665 2105 857 2157 proelium
871 2103 1040 2168 fecisti:
1071 2117 1141 2144 nec
1161 2118 1220 2144 me
1238 2104 1357 2148 aliud
1380 2118 1406 2143 a
1428 2110 1551 2144 morte

132 2161 371 2209 vindicavit,
393 2174 510 2213 quam
531 2162 639 2214 quod
665 2176 723 2200 7778
746 2176 794 2201 778
814 2175 916 2201 777803
936 2161 1041 2201 vinci
1066 2174 1205 2212 passus
1223 2175 1318 2202 sum.
1379 2154 1445 2202 Ab
1464 2161 1551 2202 1703-

130 2218 200 2258 tili
220 2218 386 2270 proelio,
408 2223 612 2270 tamquam
624 2218 826 2271 fraterno
852 2219 953 2267 lusu,
969 2218 1210 2270 pertrahere
1238 2232 1297 2259 me
1320 2218 1378 2258 ad
1399 2232 1550 2258 coenam

129 2275 301 2315 voluisti.
366 2275 524 2323 Credis,
553 2289 624 2322 me,
651 2281 789 2327 pater,
819 2276 926 2315 inter
957 2276 1126 2315 inermes
1155 2276 1342 2316 convivas
1372 2281 1550 2315 8887777777-

134 2345 219 2371 7·77777
243 2331 395 2383 ficisse,
428 2332 485 2370 ad
521 2346 632 2384 quem
673 2332 823 2372 armati
860 2332 1108 2372 comissatum
1149 2334 1373 2372 venerunt?
1422 2332 1552 2371 credis

678 2434 694 2458 g
711 2430 780 2461 Huc
797 2430 893 2461 Gron.
910 2431 1003 2461 Crev.

179 2502 221 2543 22
245 2513 296 2543 Me
321 2516 467 2545 subditum
497 2522 523 2545 et
544 2516 644 2554 pellice
666 2516 817 2556 genitwn]
866 2517 916 2547 18.
961 2515 1040 2546 *Sic
1065 2514 1085 2545 l.
1103 2515 1234 2547 XXIII.
1257 2525 1284 2546 c.
1299 2516 1333 2546 9.
1358 2515 1416 2545 Per
1437 2525 1487 2555 ego
1510 2520 1547 2548 te,

140 2555 216 2586 Vid.
231 2560 294 2585 not.
309 2557 340 2586 7.
355 2557 430 2588 adl.
444 2558 602 2589 XXXIX.
617 2568 646 2588 8.
662 2559 714 2588 53.
855 2560 919 2599 fili,
956 2569 1137 2599 quaecunque
1163 2561 1242 2598 jura
1277 2559 1376 2588 liberos
1406 2559 1546 2597 jungunt

181 2599 223 2629 23
246 2598 296 2628 Sin
326 2605 421 2630 autem
445 2622 454 2630 .
470 2623 502 2631 ..
526 2612 618 2632 vocem
644 2602 757 2631 mittere
784 2601 820 2630 li·
864 2603 1042 2641 parentibus,
1056 2612 1165 2640 precor.

137 2647 222 2677 επὶ,-
251 2652 303 2680 per
329 2648 355 2671 te
378 2644 562 2684 patriumque
587 2644 704 2685 nomen]
737 2645 820 2684 Lege
903 2644 944 2674 24
970 2644 1191 2674 comissantium
1220 2644 1250 2672 ἰ77
1280 2641 1385 2681 tieem]
1429 2640 1468 2670 In
1502 2639 1546 2670 vi-

139 2694 211 2714 cum
236 2683 411 2721 Gronovio;
439 2686 485 2714 sin
509 2692 606 2716 autem
629 2709 638 2717 .
663 2709 671 2716 .
696 2709 704 2717 .
726 2697 820 2716 7088777
863 2696 942 2721 cem,
959 2685 990 2716 in
1005 2696 1119 2717 morem
1135 2684 1375 2717 comissantium.

140 2728 253 2756 mittere
296 2728 383 2761 licet;
424 2737 488 2765 per,
522 2735 560 2763 te,
594 2731 725 2769 patrium
769 2741 819 2759 no-
905 2731 947 2760 25
971 2729 1041 2759 Huc
1076 2726 1303 2765 transscendere]
1350 2723 1435 2755 vict.
1470 2723 1546 2754 liber

140 2779 204 2798 men
233 2790 241 2799 .
268 2790 278 2798 .
306 2791 315 2799 .
341 2770 383 2798 ita
404 2779 448 2798 me
474 2772 587 2806 audias,
609 2782 722 2819 pr.ecor
775 2772 821 2802 'le
864 2773 925 2802 hoc.
969 2772 1051 2811 Lege
1073 2781 1143 2801 cum
1167 2768 1322 2799 Gronovio
1337 2767 1414 2797 hoec:
1437 2765 1545 2797 eodem

141 2820 245 2851 precor
268 2821 321 2852 per
342 2810 474 2852 patrium
494 2821 613 2849 nomen,
628 2813 672 2845 ita
694 2824 743 2844 me
766 2825 820 2844 au·
864 2824 973 2855 nempe
988 2813 1078 2843 modo
1093 2823 1154 2852 quo
1176 2810 1255 2841 infra
1269 2820 1297 2840 8.
1318 2811 1363 2839 ll.
1379 2811 1429 2848 qui
1451 2816 1545 2839 trans-

142 2853 219 2888 dias,
232 2858 381 2894 tanquam
395 2858 452 2884 etc.
490 2854 564 2885 vid.
579 2865 682 2896 supra,
698 2857 822 2887 XXIX.
865 2855 1050 2896 scenderefes
1042 2857 1127 2884 37777777
1143 2855 1269 2884 ordinem
1285 2853 1389 2882 aetatis.
