1947 3222
529 127 650 165 LIB.
680 125 873 164 XXXIV.
916 125 1050 163 CAP.
1079 126 1230 165 XXIV.
1505 132 1576 168 153

161 248 253 276 num
275 235 418 276 Nabin
437 234 595 290 obferre
613 235 834 283 auoeilium5
864 233 1193 291 indignatusque
1214 243 1334 286 esset,
1355 237 1439 277 laec
1457 243 1576 279 tanta
1592 247 1631 278 U.
1646 246 1682 277 C.
1695 245 1770 277 557.

160 294 306 334 merita
326 293 564 334 sermonibus
583 299 718 333 tamen
741 293 967 347 aliquorum
997 293 1129 346 carpi,
1144 292 1298 347 fictura
1328 295 1578 336 columnian-
1590 290 1683 322 A.C.
1700 289 1770 320 195.

160 351 282 397 tium,-
314 364 427 405 quum
431 350 575 404 fateri
587 350 728 403 potius
741 350 1044 403 praeteritorum
1059 351 1244 404 gratiam
1265 349 1451 391 deberent
1458 374 1473 397 ;
1506 352 1578 393 ad-

162 408 335 470 parebat
360 406 504 448 incessi
526 406 704 448 AEtolos.
767 407 909 462 Igitur
930 406 1174 448 Alexander
1202 406 1396 463 princeps
1425 409 1575 462 gentis,

163 472 352 505 mvectus
377 463 560 519 primum
585 463 628 504 in
655 463 949 512 Athenienses,
974 463 1180 505 libertatis
1211 463 1424 519 quondam
1449 463 1577 506 duces

161 527 204 561 et
233 528 435 570 auctores,
464 520 762 562 adsentationis
791 521 973 577 propriae
1002 521 1138 576 gratia
1168 535 1430 561 communem
1461 536 1578 562 caus-

161 592 246 618 sam
267 577 537 633 prodentes&
570 585 744 633 questus
765 577 929 628 deinde,
952 577 1133 629 Aclzceos,
1154 578 1356 630 Philippo
1377 579 1577 632 quondam
1592 587 1766 618 AEtolorum

157 635 320 685 milites,
336 641 573 688 postremum
594 635 645 676 ab
666 635 868 675 inclinata
890 634 1157 689 ejusfortuna
1173 635 1424 690 transfugas,
1443 642 1480 676 et
1503 636 1578 677 Co·
1590 630 1733 671 querelae.

159 691 336 732 rintlzum
358 693 563 745 recepisse,
582 699 621 733 et
642 693 689 733 id
705 707 840 746 agere,
857 698 902 732 ut
923 693 1056 747 Argos
1074 693 1268 733 habeant.-
1298 692 1476 741 AEtolos,
1486 694 1580 746 pri-

156 762 238 790 mos
256 749 385 790 hostes
407 750 615 803 Philippi,
636 764 790 803 semper
815 750 939 791 socios
959 750 1249 799 Romanorum,
1264 757 1411 804 pactos
1431 751 1475 791 in
1487 750 1580 803 fce-

157 806 253 846 dere
291 821 385 848 suas
422 807 537 848 urbes
575 821 773 862 agrosque
794 807 898 861 sore
936 808 1092 848 devicto
1131 808 1346 861 Philippo,
1375 805 1582 859 fraudari

157 863 319 904 Echino
351 870 388 905 et
416 865 647 911 Pharsalo,-
689 863 946 906 insimulavit
977 864 1140 905 fraudis
1171 865 1407 906 Romanos:
1446 864 1579 914 Quod,

158 934 263 961 vano
294 922 416 962 titulo
446 921 650 963 libertatis
683 927 898 971 ostentato,
939 921 1174 963 Chalcidem
1206 927 1244 961 et
1275 922 1580 963 Demetriadem

150 979 365 1031 praesidiis
384 985 585 1026 tenerent;
609 979 680 1033 qui
693 978 908 1032 Philippo,
926 979 1134 1019 cunctanti
1148 979 1342 1020 deducere
1361 980 1456 1019 inde
1467 994 1581 1032 prce-

156 1036 280 1083 sidia,
299 1035 469 1089 objicere
487 1035 679 1089 7³semper
694 1037 808 1076 soliti
821 1042 927 1085 sunt,
944 1049 1172 1090 numquam,
1189 1037 1314 1076 donec
1330 1037 1580 1087 Demetrias,

160 1093 411 1147 Chalcisque,
444 1099 482 1134 et
515 1093 734 1135 Corinthus
762 1099 1007 1142 tenerentur,
1039 1093 1204 1134 liberam
1239 1093 1441 1134 Graeciam
1455 1094 1580 1149 fore:

148 1155 363 1203 postremo,
390 1151 506 1203 quia¹
534 1151 772 1192 remanendi
801 1152 846 1191 in
880 1150 1044 1192 Graecia
1074 1151 1356 1205 retinendique
1385 1153 1582 1193 exercitus

157 1208 352 1261 Argos'et
371 1207 404 1235 ⁷⁴¹
412 1208 555 1248 Nabin
575 1222 752 1250 caussam
767 1208 975 1263 facerent.
1036 1208 1318 1261 Deportarent
1337 1209 1515 1263 legiones
1536 1210 1581 1249 in

157 1264 342 1306 Italiam.
392 1265 557 1307 AEtolos
564 1267 771 1320 polliceri,
789 1265 900 1306 ⁷⁵aut
919 1265 1218 1307 conditionibus
1233 1272 1272 1307 et
1287 1267 1493 1307 voluntate
1506 1280 1580 1308 sua

157 1321 301 1363 Nabin
313 1325 556 1376 praesidium
575 1324 703 1379 Argis
730 1325 1005 1373 deducturum,
1027 1330 1100 1364 aut
1119 1325 1162 1365 vi
1180 1331 1302 1378 atque
1324 1325 1451 1365 armis
1470 1338 1580 1365 coac-

157 1385 269 1420 turos
290 1381 334 1420 in
350 1387 551 1433 potestate
570 1382 855 1423 consentientis
879 1381 1054 1422 Groecioe
1072 1395 1166 1423 esse.

218 1437 395 1478 XXIV.
429 1439 524 1480 Hac
558 1439 870 1494 vaniloquentia
909 1438 1094 1494 primum
1131 1438 1391 1481 Aristaenum
1426 1447 1578 1496 praeto-
1589 1445 1775 1478 Achaeorum

157 1508 245 1534 rem
272 1494 531 1537 Achaeorum
561 1495 771 1537 excitavit.
830 1494 939 1535 ⁷⁶Ne
960 1496 1076 1545 istuc,
1096 1494 1248 1552 inquit,
1271 1497 1441 1550 Jupiter
1469 1497 1576 1550 opti-
1588 1490 1745 1564 ffiae‘f‘ip

156 1565 241 1592 mus
260 1553 456 1593 maoeimus
481 1553 587 1603 sirit,
609 1553 795 1607 Junoque
823 1553 982 1607 regina,
999 1551 1108 1607 cujus
1128 1554 1172 1593 in
1192 1554 1320 1594 tutela
1341 1554 1453 1608 Argi
1471 1560 1576 1604 sunt,
1591 1538 1769 1609 veffitsssrffn‘

158 1615 204 1649 ut
225 1609 301 1649 illa
317 1610 462 1651 civitas
478 1611 587 1651 inter
605 1616 821 1665 tyrannum
841 1610 1187 1651 Lacedaemonium
1203 1617 1242 1651 et
1257 1611 1441 1651 latrones
1455 1611 1580 1652 AEto-
1611 1650 1616 1655 ,

159 1667 219 1707 los
240 1668 454 1719 praemium
482 1668 539 1708 sit
562 1668 718 1720 posita,
741 1668 784 1707 in
810 1681 855 1707 eo
884 1667 1129 1717 discrimine,
1152 1673 1196 1708 ut
1215 1668 1401 1719 miserius
1420 1683 1449 1708 a
1469 1668 1581 1710 nobis

158 1723 398 1776 recipiatur,
421 1738 539 1778 quam
560 1724 611 1765 ab
632 1725 705 1765 illo
724 1731 848 1778 capta
868 1731 938 1765 est.
997 1725 1125 1766 Mare
1150 1723 1399 1779 interjectum
1419 1725 1471 1766 ab
1491 1726 1581 1767 istis

151 1781 417 1834 proedonibus
432 1796 512 1822 non
525 1788 660 1823 tuetur
675 1796 760 1831 nos,
790 1782 836 1822 T.
860 1782 1041 1830 Quincti.
1091 1781 1215 1831 Quid,
1231 1783 1270 1824 si
1288 1784 1334 1824 in
1348 1784 1481 1824 media
1497 1784 1581 1825 Pe-

155 1839 372 1891 loponneso
401 1853 533 1880 arcem
561 1839 642 1881 sibi
653 1840 854 1894 ficerint,
868 1840 1062 1894 futurum
1097 1839 1212 1881 nobis
1241 1843 1331 1882 est?
1372 1841 1581 1895 Linguam

159 1902 315 1937 tantum
340 1895 574 1938 Graecorum
603 1897 765 1948 habent,
786 1898 889 1939 sicut
917 1897 1084 1950 speciem
1114 1898 1329 1939 hominum.
1390 1898 1581 1939 Moribus

157 1953 380 2008 ritibusque
413 1954 724 2010 efferatioribus,
756 1968 874 2009 quam
910 1956 986 1995 ulli
1014 1954 1197 2004 barbari,
1230 1956 1412 1997 inmanes
1440 1955 1582 1997 belluae

161 2011 312 2051 vivunt.
374 2011 519 2066 Itaque
538 2026 605 2053 vos
624 2026 829 2066 rogamus,
851 2013 1043 2061 Romani,
1065 2019 1108 2053 ut
1127 2018 1167 2053 et
1186 2012 1238 2052 ab
1259 2012 1426 2053 Nabide
1446 2013 1581 2068 Argos

159 2070 418 2122 recuperetiS,
435 2075 475 2109 et
494 2069 555 2110 ita
571 2084 634 2110 res
653 2070 827 2110 Graecioe
841 2070 1109 2120 constituatis,
1126 2076 1168 2110 ut
1183 2069 1235 2109 ab
1250 2071 1468 2111 latrocinio
1484 2084 1580 2124 quo-

161 2139 238 2179 que
258 2125 490 2167 AEtolorum
509 2128 611 2168 satis
621 2133 780 2181 pacata
799 2128 881 2169 kaec
900 2127 1156 2182 relinquatis.
1208 2127 1439 2179 Romanus,
1457 2142 1580 2169 cunc-

391 2213 409 2238 ‘1
422 2211 473 2250 qui
488 2210 629 2241 libertatis
644 2230 678 2242 .·.
693 2233 702 2241 .
715 2212 869 2250 proderent
886 2210 984 2242 Gron.
996 2210 1088 2241 Crev.
1173 2213 1186 2230 ¹·
1201 2210 1252 2251 qui
1266 2209 1355 2240 Eaed.

164 2280 272 2312 odiose
295 2286 326 2313 et
351 2280 501 2313 inutiliter
526 2281 710 2318 inculcatur,
732 2286 847 2313 totum-

164 2334 226 2364 que
257 2324 340 2355 hunc
376 2325 480 2355 locum
515 2325 560 2356 sic
595 2324 846 2368 interpungenti:

166 2367 330 2406 imploratos
367 2368 513 2398 amilium
555 2369 693 2399 adversus
736 2368 849 2407 Philip-

165 2419 238 2449 pum
258 2411 369 2447 tulisse,
384 2422 463 2450 opem
484 2422 543 2441 non
564 2417 677 2453 rogatos
698 2412 778 2441 ultro
796 2413 850 2441 ad—

168 2462 264 2483 versus
298 2460 461 2494 tyranuum
499 2454 600 2485 Nabin
634 2454 757 2496 offerre,-
801 2455 849 2485 in-

168 2495 360 2537 dignatusque
373 2503 455 2528 esset.

211 2537 251 2569 73
275 2539 389 2578 Semper
401 2540 478 2570 soliti
494 2540 580 2581 sunt]
611 2540 694 2581 Lege
710 2541 768 2571 sint
780 2551 850 2571 cum

171 2584 300 2622 utroque
314 2581 480 2614 Gronovio.

213 2623 255 2654 '74
277 2623 375 2656 Nahin
400 2637 518 2657 causam
540 2625 690 2668 facerent.
737 2626 850 2665 Depor-

172 2671 269 2696 tarent
291 2664 411 2708 legiones
424 2670 457 2699 in
474 2668 609 2710 Italiam]
636 2669 725 2700 Male
740 2668 789 2699 hic
804 2669 850 2700 lo-

172 2718 227 2738 cus
239 2708 464 2751 interpungitur
478 2710 510 2741 in
525 2711 649 2754 nuperis
665 2710 765 2743 editis.
798 2711 850 2743 Ab

172 2760 246 2782 voce
267 2753 449 2792 deportarent
473 2753 609 2796 incipere
635 2753 730 2785 debet
751 2765 849 2786 novus

170 2803 288 2826 sensu&
338 2795 507 2838 Increpant
542 2796 642 2828 AEtoli
676 2797 854 2835 Romanos,

166 2835 339 2878 jubentque
366 2837 528 2879 deportare
559 2840 695 2881 legiones
721 2840 753 2871 in
783 2840 849 2872 Ita-

167 2878 259 2910 liam:
284 2879 341 2922 ipsi
356 2879 422 2913 sine
438 2881 588 2914 Romanis
609 2893 677 2915 sese
699 2882 847 2927 pollicen-

892 2287 941 2313 tur
955 2286 1054 2312 totum
1066 2281 1224 2323 negotium
1238 2281 1443 2313 confecturos.

936 2327 976 2357 75
1006 2325 1074 2355 Aut
1109 2324 1336 2366 conditionibus]
1383 2326 1458 2357 Non
1491 2324 1580 2367 pejus

893 2367 972 2399 foret
992 2367 1025 2398 id
1039 2367 1124 2409 quod
1146 2378 1184 2399 ex
1207 2366 1325 2408 aliquot
1347 2367 1468 2411 scriptis
1491 2368 1581 2400 affert

896 2409 1081 2446 Gronovius,
1117 2417 1171 2441 aut
1206 2411 1377 2441 conditione.
1444 2412 1580 2442 Conditio

892 2453 988 2490 enim,
1025 2458 1060 2484 ut
1094 2459 1178 2485 recte
1214 2453 1358 2484 observat
1392 2453 1487 2489 idem,
1518 2464 1579 2484 non

893 2507 990 2528 unum
1019 2495 1110 2527 modo
1144 2501 1239 2538 caput
1266 2496 1495 2533 transactionis,
1522 2497 1578 2528 sed

894 2550 978 2582 saepe
1003 2539 1181 2581 pactionem
1208 2544 1307 2570 totam
1334 2539 1440 2570 multis
1468 2538 1577 2581 capiti-

893 2582 952 2613 bus
985 2587 1177 2613 constantem
1214 2581 1387 2622 significat:
1429 2581 1462 2612 id
1494 2581 1578 2623 quod

894 2625 981 2656 Galli
998 2625 1132 2657 dicimus
1146 2636 1190 2655 un
1205 2627 1307 2655 traite.
1330 2624 1380 2655 Sic
1396 2624 1463 2656 Cic.
1477 2624 1498 2654 l.
1515 2625 1578 2656 VI.

894 2668 935 2699 ad
959 2668 1049 2700 Fam.
1070 2678 1120 2711 ep.
1147 2669 1180 2698 2.
1222 2668 1320 2698 Armis
1340 2673 1393 2697 aut
1416 2668 1579 2698 conditione

890 2713 1000 2751 positis,
1028 2718 1082 2742 aut
1120 2710 1332 2752 defatigatione
1366 2710 1494 2749 abjectis,
1524 2717 1578 2741 aut

891 2756 1014 2785 victoria
1027 2756 1176 2785 detractis.
1203 2769 1206 2771 Α

935 2798 976 2829 76
1000 2797 1047 2829 Ne
1069 2799 1144 2828 istuc
1167 2818 1176 2826 .
1196 2819 1203 2826 .
1224 2819 1231 2826 .
1254 2796 1374 2834 Jupiter
1398 2817 1406 2825 .
1430 2817 1437 2825 .
1461 2817 1470 2825 .
1492 2797 1576 2838 sirit]

893 2840 1035 2882 Vulgata
1069 2839 1161 2872 lectio
1188 2840 1304 2869 siverit.-
1346 2838 1441 2869 MSS.
1476 2839 1576 2880 Syria.

894 2883 975 2915 Inde
988 2882 1091 2916 effecit
1106 2879 1279 2913 Gronovius
1293 2881 1375 2912 sirit.-
1398 2886 1489 2914 recte.
