1947 3222
467 129 585 167 LIB.
614 126 806 167 XXXIV.
843 128 920 166 CA
933 128 976 166 P.
1004 129 1090 167 V11.
1407 137 1476 170 141

72 245 118 279 ut
136 238 305 292 pretium
322 252 394 292 pro
411 238 462 279 iis
481 236 581 278 betto
607 233 780 289 perfecto
799 236 968 277 dominis
989 236 1213 289 solveretur,
1237 242 1483 282 emebantur:
1495 250 1537 283 U.
1550 249 1586 282 C.
1599 250 1673 281 557.

71 294 153 337 ¹“in
173 297 352 338 eamdem
371 295 474 336 diem
489 292 676 348 pecuniae,
687 291 937 346 frumentum
953 300 989 334 et
1011 301 1154 346 cetera,
1175 309 1265 350 quae
1285 299 1374 338 belli
1390 312 1485 339 usus
1495 293 1586 326 A.C.
1605 293 1674 325 195.

72 354 344 404 postulabant,
362 351 577 406 prcebenda
602 349 803 403 publicani
821 364 862 391 se
883 352 1138 394 conducturos
1163 351 1333 406 professi
1353 362 1485 396 erant.-

73 409 245 452 ³⁵servos
264 411 319 451 ad
336 423 499 458 remum,
522 421 685 448 numero
713 422 764 448 ex
793 422 906 449 censu
935 410 1155 459 constituto,
1178 425 1265 451 cum
1293 411 1487 464 stipendio

76 474 206 508 nostro
226 468 441 508 dabamus.-
471 478 613 506 aurum
636 470 673 505 et
693 471 900 519 argentum
919 480 1044 516 omne,
1066 468 1117 508 ab
1137 469 1381 509 senatoribus
1403 466 1489 522 ejus

75 524 135 566 rei
158 524 269 565 initio
291 530 388 574 orto,
408 523 447 563 in
473 521 666 574 publicum
693 521 1007 574 conferebamus:
1035 525 1164 566 viduoe
1193 531 1229 565 et
1255 525 1396 578 pupilli
1418 539 1488 577 pe-

79 582 216 622 cunias
234 594 326 621 suas
345 580 387 620 in
409 579 594 620 aerarium
613 578 863 631 deferebant.-
891 579 1090 622 3θεαιιτιιητ
1121 588 1219 631 erat,
1241 597 1315 637 quo
1337 596 1386 622 ne
1404 582 1490 634 plus

78 638 168 678 auri
186 643 225 678 et
244 637 401 692 argenti
418 635 540 688 facti,
563 649 638 690 quo
658 650 707 677 ne
734 636 823 689 plus
851 636 1002 691 signati
1030 640 1188 694 argenti
1215 646 1252 679 et
1273 640 1358 680 aeris
1381 639 1490 680 domi
1523 666 1525 671 -

79 695 318 736 haberemus.
389 693 482 736 Tali
504 699 676 745 tempore
695 693 737 734 in
759 694 914 734 luxuria
935 700 973 734 et
994 702 1137 737 ornatu
1167 702 1358 738 matronae
1377 710 1493 737 occu-

73 758 182 804 patae
212 757 337 800 erant,
359 757 402 791 ut
433 751 489 791 ad
519 764 606 790 eam
635 752 887 791 coercendam
913 751 975 792 lex
1008 753 1137 806 Oppia
1167 754 1392 794 desiderata
1412 751 1494 794 sit?

75 822 207 862 quum,
239 809 333 863 quia
368 808 518 849 Cereris
546 807 797 859 sacrificium,
832 809 1053 863 lugentibus
1081 811 1262 851 omnibus
1290 810 1493 860 matroni&

76 865 338 906 intermissum
369 871 468 915 erat,
498 870 658 905 senatus
673 864 792 915 finiri
821 865 965 906 luctum
1000 867 1171 921 triginta
1201 867 1338 909 diebus
1353 866 1494 922 jussit.

84 922 158 964 Cui
192 937 266 963 non
299 924 480 975 adparet,
510 921 685 973 inopiam
715 928 752 962 et
781 922 979 962 miseriam
1009 924 1188 972 civitatis,
1217 925 1382 978 et‘quia
1412 939 1496 965 om-

79 980 187 1020 nium
217 979 464 1032 privatorum
494 979 664 1031 pecuniae
697 978 738 1018 in
768 992 880 1019 usum
913 980 1107 1031 publicum
1141 982 1337 1022 vertendae
1371 988 1495 1031 erant,

84 1037 205 1077 istam
227 1037 352 1091 legem
372 1035 582 1088 scripsisse,
606 1035 758 1076 tamdiu
777 1049 1022 1086 mansuram,
1039 1038 1229 1092 quamdiu
1249 1052 1387 1079 caussa
1403 1039 1497 1079 scri-

80 1094 214 1135 bendae
245 1093 343 1148 legis
372 1090 610 1133 mansisset?
643 1092 752 1133 Nam
772 1092 821 1142 si,
841 1106 929 1147 quae
950 1101 1041 1135 tunc
1063 1095 1249 1148 temporis
1265 1109 1404 1136 caussa
1425 1101 1497 1135 aut

81 1150 251 1192 decrevit
271 1156 441 1201 senatus,
464 1155 532 1190 aut
546 1149 715 1202 populus
722 1147 863 1204 jussit,
890 1150 931 1190 in
957 1158 1186 1204 perpetuum
1212 1153 1362 1193 servari
1381 1166 1497 1205 opor-

80 1214 149 1256 tet,
183 1221 251 1249 cur
283 1207 471 1260 pecunias
506 1206 709 1246 reddimus
737 1205 940 1260 privatis?
982 1207 1091 1250 ³⁷cur
1121 1208 1281 1262 publica
1313 1210 1500 1262 praesenti

77 1265 243 1318 pecunia
281 1261 488 1305 locamus?
531 1278 599 1304 cur
629 1264 742 1314 servi,
777 1265 843 1318 qui
875 1265 1055 1315 militent,
1088 1281 1162 1307 non
1190 1265 1401 1308 emuntur?
1430 1281 1499 1308 cur

77 1322 230 1376 privati
248 1336 324 1362 non
345 1323 490 1362 damus
510 1321 689 1376 remiges,
711 1321 811 1362 sicut
833 1327 943 1363 tunc⁸
966 1322 1177 1364 dedimus?

140 1380 246 1419 VII.
281 1379 424 1419 Omnes
445 1377 515 1418 alii
536 1378 706 1430 ordines,
726 1393 858 1420 omnes
878 1379 1051 1422 homines
1076 1382 1334 1422 mutationem
1354 1381 1396 1423 in
1416 1396 1498 1422 me·

87 1436 220 1477 liorem
239 1442 386 1476 statum
412 1435 636 1487 reipublicoe
664 1436 855 1476 sentient.-
886 1438 942 1478 ad
962 1436 1148 1494 conjuges
1169 1445 1322 1479 tantum
1342 1445 1500 1480 nostras

77 1493 195 1546 pacis
215 1499 254 1533 et
275 1492 576 1547 tranquillitatis
591 1492 760 1545 publica>
777 1491 936 1545 fructus
965 1509 1042 1535 non
1069 1494 1298 1548 perveniet?
1342 1497 1499 1548 Purpu-

83 1564 132 1593 ra
152 1550 229 1591 viri
256 1557 424 1598 utemur,
442 1549 671 1602 praetextati
689 1549 730 1590 in
759 1551 1077 1605 magistratibus,
1098 1553 1141 1592 id
1170 1553 1419 1599 sacerdotiis;
1454 1553 1498 1593 li-

86 1607 168 1647 beri
196 1607 320 1647 nostri
343 1606 546 1659 praetextis
575 1620 749 1659 purpura
779 1608 884 1662 togis
913 1614 1092 1658 utentum
1129 1610 1431 1662 magistratibus
1459 1610 1500 1650 in

86 1663 251 1704 coloniis
279 1663 585 1717 municipiisque,
609 1663 667 1703 hic
699 1664 837 1705 Romce
863 1664 997 1715 infimo
1022 1666 1161 1720 generi
1179 1665 1423 1721 ³⁸magistris
1441 1668 1499 1708 υἰ-

86 1735 218 1762 corum
240 1727 348 1775 togae
364 1726 568 1773 proetextce
589 1720 778 1761 habendae
794 1719 867 1775 jus
884 1722 1156 1774 per-mittemus
1168 1739 1184 1771 ,·
1214 1738 1282 1764 nec
1301 1724 1344 1763 id
1363 1730 1405 1764 ut
1423 1724 1500 1765 vivi

84 1778 212 1818 solum
232 1778 405 1819 habeant
433 1783 586 1818 tantum
616 1777 782 1832 insigne,
804 1779 872 1819 sed
892 1780 1013 1819 etiam
1040 1786 1081 1820 ut
1101 1794 1187 1821 cum
1208 1795 1254 1821 eo
1282 1787 1501 1822 crementur

85 1834 252 1876 mortui:
283 1833 450 1886 seminis
485 1835 701 1875 dumtaxat
728 1850 911 1888 purpurae
943 1850 1054 1877 usum
1089 1837 1402 1878 interdicemus?
1443 1844 1499 1889 et,

85 1906 199 1946 quum
237 1892 305 1932 tibi
338 1892 421 1932 viro
452 1891 567 1932 liceat
592 1905 772 1944 purpura
800 1893 842 1933 in
876 1899 981 1934 veste
1011 1895 1189 1950 stragula
1223 1895 1295 1944 uti,
1332 1901 1500 1936 matrem

76 1947 253 2002 familia,-
272 1955 382 1989 tuam
397 1963 634 2002 purpureum
661 1949 874 1990 amiculum
895 1951 1036 1992 habere
1056 1966 1133 1991 non
1153 1951 1256 1993 sines
1269 1955 1291 1991 ?
1328 1958 1365 1993 et
1385 1966 1502 2006 equus

88 2012 178 2046 tuus
206 2006 414 2059 speciosius
442 2006 635 2046 instratus
655 2006 741 2056 erit,
763 2021 884 2061 quam
913 2021 1012 2049 uxor
1039 2008 1212 2049 vestita?
1247 2010 1327 2050 Sed
1344 2009 1386 2050 in
1411 2023 1503 2062 pur-

84 2077 201 2115 pura,
235 2076 324 2117 quoe
358 2062 511 2112 teritur,
547 2063 777 2114 absumitur,
808 2063 998 2119 injustam
1026 2066 1196 2119 quidem,
1228 2067 1299 2106 sed
1328 2067 1503 2121 aliquam

88 2126 228 2169 tamen,
252 2133 432 2161 caussam
464 2120 690 2161 tenacitatis
718 2121 849 2163 video:
880 2122 920 2162 in
951 2136 1049 2163 auro
1078 2137 1182 2173 vero,
1204 2123 1339 2178 inquo
1362 2129 1504 2177 praeter

413 2207 425 2223 Γ
440 2209 465 2233 et
481 2202 544 2234 del.
561 2203 767 2236 Gron..Crev.
895 2208 906 2225 ⁵
924 2211 995 2236 tunc
1010 2205 1071 2238 del.
1088 2206 1177 2237 Crev.

133 2279 174 2308 34
209 2277 247 2308 In
271 2279 399 2309 eamdem
422 2278 497 2307 diem
529 2277 674 2317 pecunioe]
706 2277 777 2308 Dies
821 2278 924 2310 finitus
939 2284 1006 2311 erat
1022 2280 1088 2311 auri
1111 2285 1143 2311 et
1164 2280 1282 2322 argenti
1305 2281 1425 2317 modus,
1441 2292 1504 2322 quo

88 2321 224 2360 pecunie
251 2327 298 2351 est
330 2331 378 2356 ea,
410 2329 473 2361 qua
500 2319 633 2361 pecunia
662 2319 778 2351 credita
821 2321 967 2362 majorem
981 2322 1093 2354 habere
1111 2329 1292 2354 vetaremur.

95 2362 170 2394 solvi
196 2362 300 2395 debet.
320 2392 323 2394 ,
344 2363 507 2394 Publicani
530 2362 622 2404 igitur
642 2362 776 2394 frumen-
863 2366 1007 2395 37'Cur
1047 2366 1165 2405 publica
1204 2367 1345 2405 presenti
1380 2367 1504 2405 pecunia

94 2410 159 2436 tum
186 2410 217 2437 et
243 2412 346 2437 cetera
371 2405 538 2447 praebenda
566 2405 777 2437 conduxerant

94 2446 126 2477 in
149 2448 291 2480 eamdem
316 2448 397 2479 diem
424 2447 574 2490 pecuniae,
599 2447 633 2478 id
657 2453 714 2484 est,
742 2459 779 2480 ea

97 2490 164 2530 lege
186 2496 222 2521 ut
242 2490 373 2533 pecunia
395 2491 452 2521 sibi
470 2490 648 2522 redderetur
670 2490 779 2522 eodem

99 2538 243 2573 tempore,
273 2544 334 2575 quo
369 2533 499 2576 pretium
536 2544 690 2564 servorum
725 2534 779 2564 do-

99 2574 188 2604 minis
216 2576 448 2616 persolvendum
478 2581 554 2611 erat,
580 2586 688 2618 nempe
712 2583 781 2618 post

98 2617 269 2648 confectum
293 2619 419 2649 bellum,
465 2619 611 2650 Ceterum
635 2619 701 2649 haec
725 2630 777 2662 op-

100 2658 174 2689 tima
199 2659 289 2690 lectio
316 2661 445 2692 debetur
472 2661 638 2693 Gronovio.
696 2662 779 2692 Libri

101 2700 183 2746 enirn
198 2702 292 2734 MSS.
308 2709 339 2734 et
361 2703 433 2734 editi
450 2703 499 2735 hic
523 2704 718 2745 aiiquatenns
737 2705 780 2735 vi-

101 2750 169 2774 nom
183 2750 280 2776 erant.

144 2781 320 2857 3ῗῗ3σνωε
356 2789 392 2817 ad
424 2789 548 2829 remum]
585 2789 658 2820 Yid.
690 2800 780 2832 supra

145 2871 185 2902 36
211 2872 337 2902 Cautum
360 2878 432 2908 crat,
461 2884 513 2912 quo
540 2885 572 2904 nc
598 2875 680 2916 plus]
716 2875 779 2906 De-

823 2407 961 2448 locamus]
1001 2408 1066 2439 Cur
1101 2408 1144 2439 ita
1173 2408 1312 2440 locamus
1338 2408 1506 2450 praebenda

821 2459 859 2480 ea
883 2460 951 2490 quae
973 2450 1149 2492 reipublicae
1174 2457 1205 2482 et
1231 2451 1414 2483 exercitibus
1438 2451 1505 2482 usui

822 2497 905 2527 sunt,
922 2498 956 2523 ut
973 2498 1155 2534 praesentem
1179 2493 1340 2536 pecuniam
1362 2494 1505 2536 redemp-

823 2535 938 2566 toribus
952 2537 1166 2567 numeremus?

865 2579 906 2608 38
933 2579 1085 2619 Magistris
1112 2580 1256 2620 vicorum]
1295 2578 1439 2620 Magistri
1461 2577 1505 2607 vi-

822 2631 937 2656 corum,
973 2632 1026 2652 seu
1070 2621 1273 2663 vicomagistri
1316 2621 1505 2652 curationem

824 2663 958 2694 vicorum
980 2663 1146 2699 habebant,
1167 2676 1182 2695 e
1202 2666 1281 2703 plebe
1302 2667 1440 2702 cujusque
1461 2664 1505 2692 vi-

825 2708 910 2736 cinioe
927 2707 1020 2743 electi,
1038 2713 1071 2737 ut
1093 2713 1244 2738 memorat
1266 2707 1350 2737 Suet.
1366 2704 1397 2734 in
1419 2705 1504 2745 Aug.

824 2756 849 2779 c.
869 2750 919 2779 30.
966 2749 992 2780 Ii
1016 2750 1104 2780 ludos
1127 2748 1352 2792 Compitalitios
1375 2752 1503 2788 praetex-

825 2791 878 2822 tati
908 2791 1073 2829 faciebant,
1104 2798 1179 2824 teste
1209 2790 1343 2823 Asconio
1370 2789 1446 2822 Ped.
1472 2789 1503 2822 in

826 2834 978 2866 Pisonem.
