1947 3222
544 84 666 124 LIB.
696 83 887 123 XXXIV.
934 84 1068 122 CAP.
1098 86 1193 124 XII.
1508 91 1578 126 145

154 207 228 235 sua
258 194 499 251 obpugnari,
528 208 600 236 nec
627 208 738 248 spem
761 194 886 235 ullam
916 207 998 234 esse
1024 193 1253 246 resistendi,
1272 195 1361 237 nisi
1375 196 1577 250 praesz‘dio
1589 202 1631 234 U.
1641 202 1679 234 C.
1693 204 1768 236 ⁵⁵7.

156 252 366 294 Romanus
395 253 509 294 miles
540 257 653 292 esset.
718 250 844 292 Triay
877 251 1011 292 millia
1039 251 1212 292 militum
1240 253 1343 293 satis
1371 268 1472 295 esse.-
1503 245 1682 296 meme.
1696 248 1766 279 195.

151 308 293 359 hostes,
327 311 365 352 si
397 315 516 350 tanta
545 322 686 350 manus
714 309 896 356 venisset,
932 322 1150 350 mansuros.
1222 308 1296 351 Ad
1331 325 1380 351 ea
1412 312 1571 364 consul,

152 365 186 390 ⁴¹⁹
196 367 360 408 Moveri
379 367 535 420 quidem
554 373 616 407 sez
635 368 698 407 vel
717 367 903 420 periculo
924 380 1068 416 eorum,
1090 367 1154 410 vel
1171 372 1289 416 metu,
1311 365 1470 409 dicere:
1503 372 1575 411 sed

151 423 233 464 sibi
261 437 509 478 nequaquam
539 429 695 464 tantum
725 424 930 476 copiarum
960 437 1055 473 esse,
1089 428 1148 473 ut,
1182 436 1298 477 quum
1334 437 1482 477 magna
1511 427 1572 468 vis

150 481 321 522 hostium
342 481 453 522 haud
465 481 611 533 procul
630 480 749 529 absit,
771 480 896 521 ⁵⁰cum
925 494 1006 534 qua
1034 486 1146 520 moa*a
1164 481 1293 535 signis
1315 482 1489 522 conlatis
1509 483 1570 523 di-

149 539 373 587 micandum
401 537 482 578 sibi
502 539 546 578 in
571 539 657 578 dies
675 544 884 591 exspectet,
906 539 1121 579 dividendo
1150 538 1363 578 exercitum
1393 539 1570 581 minuere

149 600 236 636 tuto
256 596 361 636 vires
383 601 531 647 posset.
592 595 759 651 Legati,
782 595 855 636 ubi
875 595 966 636 haec
987 594 1227 645 audierunt,
1248 594 1395 636 flentes
1424 596 1479 637 ad
1498 612 1569 653 ge-

148 666 234 693 nua
253 651 434 694 consulis
453 651 774 709 provolvuntur.
837 653 986 702 Orant,
1004 652 1071 692 Ne
1088 666 1130 693 se
1148 653 1193 693 in
1209 652 1323 694 rebus
1343 658 1426 693 tam
1442 655 1569 706 trepi-

145 709 212 750 dis
228 709 401 750 deserat.
464 709 555 758 Quo
574 710 680 750 enim
700 724 753 758 se,
776 710 954 763 repulsos
973 709 1025 749 ab
1045 709 1258 759 Romanis,
1276 711 1431 751 ituros?
1462 711 1568 752 Nul-

144 766 203 806 los
220 781 263 807 se
281 768 421 816 socios,
438 768 546 808 nihil
563 781 728 822 usquam
750 767 794 807 in
814 766 936 808 terris
950 767 1068 807 aliud
1081 768 1168 820 spei
1181 767 1340 808 habere.
1379 769 1569 810 Potuisse

143 836 186 863 se
204 830 323 864 extra
344 825 391 865 id
403 826 627 878 periculum
647 838 742 875 esse,
757 825 795 865 si
813 825 1001 865 decedere
1001 824 1110 878 fide,
1126 825 1164 865 si
1181 823 1395 878 conjurare
1408 840 1491 866 cum
1506 840 1568 866 ce-

141 881 241 922 teris
260 883 489 923 voluissent.
518 882 643 923 nullis
662 882 795 929 minis,
818 881 942 921 nullis
960 881 1165 922 terriculis
1181 895 1224 922 se
1242 887 1379 932 motos,
1400 896 1567 936 speran-

143 943 202 979 tes
220 940 324 980 satis
343 939 431 993 opis
451 946 488 980 et
509 939 662 980 auxilii
678 938 758 980 sibi
779 939 823 978 in
843 938 1045 978 Romanis
1063 952 1156 979 esse.
1196 938 1252 978 Id
1269 938 1304 979 si
1324 940 1475 980 nullum
1494 942 1564 991 sit,

141 995 180 1036 si
198 996 279 1036 sibi
296 1011 324 1037 a
344 998 503 1037 consule
523 1002 702 1051 negetur,
725 996 838 1037 Deos
856 996 1113 1049 hominesque
1140 1009 1182 1036 se
1204 1001 1303 1036 teste
1314 997 1478 1050 facere,
1500 999 1566 1038 in-

142 1053 246 1094 vitos
264 1060 303 1095 et
332 1060 488 1095 coactos
506 1067 560 1103 se,
582 1067 633 1094 ne
652 1054 803 1101 eadem,
825 1065 915 1106 quoe
936 1052 1161 1107 Saguntini
1176 1054 1292 1106 passi
1313 1054 1430 1103 sint0,
1447 1056 1565 1107 pati-

141 1116 280 1160 antur,
302 1112 544 1166 defecturos:
574 1116 614 1152 et
632 1124 717 1151 cum
737 1109 880 1151 ceteris
897 1111 1039 1164 potius
1062 1110 1286 1164 Hispanis,
1309 1124 1427 1165 quam
1447 1113 1563 1164 solos,

134 1168 341 1221 perituros
361 1183 452 1210 esse.
1034 1188 1036 1191 ·

198 1225 312 1266 XII.
335 1226 395 1267 Et
416 1225 488 1266 illo
508 1224 680 1282 quidem
701 1225 770 1267 die
790 1224 847 1267 sic
868 1224 954 1267 sine
969 1240 1165 1282 responso
1186 1225 1357 1268 dimissi.
1401 1227 1562 1270 Consu-

138 1280 219 1323 lem
238 1290 374 1332 nocte,
397 1298 494 1339 quae
523 1284 712 1324 insecuta
740 1290 818 1333 est,
839 1297 990 1339 anceps
1016 1297 1118 1324 cura
1146 1283 1329 1339 agitare:
1360 1284 1471 1325 nolle
1490 1285 1562 1326 de-

138 1353 272 1379 serere
305 1339 450 1390 socios,
485 1339 596 1380 nolle
625 1340 816 1381 minuere
845 1340 1102 1387 exercitum3
1149 1340 1267 1397 quod
1295 1348 1369 1382 aut
1400 1356 1560 1384 moram

133 1394 212 1436 sibi
244 1395 299 1436 ad
333 1396 633 1446 dimicandum,
669 1405 744 1438 aut
776 1396 819 1437 in
851 1396 1090 1438 dimicando
1124 1397 1360 1453 periculum
1395 1398 1560 1440 adferre

195 1461 290 1494 sset.
352 1454 445 1495 Stat
467 1454 686 1503 sententia,
706 1468 790 1494 non
809 1453 998 1494 minuere
1018 1453 1171 1509 copias,
1191 1469 1245 1495 ne
1266 1454 1372 1510 quid
1392 1454 1559 1497 interim

137 1467 277 1550 iigstes
297 1510 477 1551 inferant
497 1509 760 1566 ignominiae:
793 1510 913 1551 sociis
943 1525 1058 1565 spem
1078 1525 1157 1566 pro
1176 1525 1221 1551 re
1241 1510 1560 1552 ostendendam⁰

137 1574 287 1607 censet.
350 1568 470 1623 Saepe
490 1582 598 1608 vana
625 1581 703 1622 pro
723 1567 846 1616 veris,
868 1567 1047 1608 maxime
1067 1567 1109 1608 in
1132 1566 1257 1617 bello,
1278 1567 1483 1609 valuisse:
1516 1578 1558 1611 et

134 1622 371 1665 credentem
393 1639 434 1664 se
461 1623 623 1679 aliquid
643 1623 791 1664 auxilii
820 1623 987 1673 habere,
1009 1623 1182 1679 perinde
1211 1635 1340 1679 atque
1368 1624 1556 1676 haberet,

132 1678 224 1734 ipsa
243 1679 413 1730 fiducia,
434 1689 476 1722 et
497 1680 702 1737 sperando
722 1688 850 1736 atque
879 1679 1075 1721 audendo
1096 1688 1320 1721 servatum.
1382 1682 1559 1724 Postero

134 1735 202 1776 die
222 1736 370 1791 legatis
389 1736 620 1793 respondit,
646 1736 899 1791 Quamquam
918 1743 1118 1786 vereatur,
1137 1751 1188 1778 ne
1207 1751 1300 1778 suas
1318 1739 1438 1788 vires,
1459 1739 1558 1781 aliis
1571 1750 1702 1783 Catonis

131 1806 200 1833 eas
218 1795 514 1842 commodando,
536 1795 694 1835 minuat
700 1817 715 1841 ;
748 1800 882 1835 tamen
904 1795 1065 1835 illorum
1090 1809 1132 1835 se
1157 1796 1350 1848 temporis
1376 1810 1426 1836 ac
1441 1799 1556 1849 peri·
1567 1799 1766 1836 stratagema.

129 1850 212 1890 culi
230 1852 374 1905 magis,
396 1865 514 1905 quam
543 1852 621 1901 sui,
642 1853 842 1893 rationem
871 1851 1031 1893 habere.
1092 1852 1349 1893 Denunciari
1370 1853 1554 1897 militum

129 1907 242 1962 parti
270 1908 407 1950 tertiae
437 1923 488 1950 ex
518 1907 713 1950 omnibus
742 1908 985 1950 cohortibus
1008 1908 1149 1965 jubet,
1170 1917 1220 1950 ut
1247 1909 1404 1960 cibum,
1425 1926 1552 1967 quem

130 1964 175 2004 in
195 1979 322 2006 naves
344 1965 562 2021 inponant,
583 1974 748 2008 mature
778 1973 986 2022 coquant:
1017 1980 1228 2021 navesque
1257 1966 1300 2007 in
1329 1966 1442 2008 diem
1472 1976 1554 2011 ter-

130 2019 239 2062 tium
260 2022 447 2078 expediri
461 2023 602 2079 jussit.
662 2023 784 2064 Duos
804 2038 856 2064 ex
886 2022 1034 2078 legatis
1065 2021 1258 2079 Bilistagi
1287 2031 1418 2080 atque
1449 2024 1553 2067 Iler-

128 2077 297 2133 getibus
326 2079 524 2121 nunciare
553 2095 601 2121 ea
624 2080 775 2136 jubet3
807 2079 943 2120 filium
973 2079 1109 2135 reguli
1139 2079 1312 2121 comiter
1340 2080 1551 2132 habendo,

130 2142 173 2175 et
202 2136 446 2177 muneribus
476 2136 592 2193 apud
621 2152 664 2178 se
692 2136 856 2178 retinet.
929 2137 1082 2192 Legati
1111 2150 1194 2177 non
1228 2145 1325 2178 ante
1356 2137 1550 2193 profecti,

129 2206 257 2247 quam
277 2192 479 2249 inpositos
497 2194 542 2234 in
561 2208 686 2236 naves
706 2193 859 2235 milites
875 2193 1095 2235 viderunt:
1127 2192 1172 2234 id
1192 2208 1270 2250 pro
1290 2193 1406 2236 haud
1419 2194 1550 2237 dubio

1299 2298 1318 2316 Ζ
1330 2305 1358 2325 se
1372 2293 1435 2326 del.
1451 2295 1551 2327 Gron.

1210 2339 1225 2359 ‘-
1240 2338 1440 2369 ostentandam
1456 2338 1552 2375 Crev,

1314 2421 1435 2455 Eodem
1456 2422 1550 2454 modo

174 2295 191 2319 Υ
203 2293 371 2330 praesidium
387 2292 514 2323 Romani
530 2294 679 2323 misissent.
725 2292 826 2327 Quina
840 2292 935 2323 millia
951 2293 1050 2325 Gron.
1066 2293 1156 2325 Crev.

130 2336 146 2354 ⁸
159 2344 225 2365 cum
238 2346 297 2375 qua
311 2347 374 2366 nwx
387 2335 448 2377 leg.
461 2342 488 2367 et
503 2347 590 2377 quam
604 2347 666 2367 mos.
681 2334 774 2366 Crev.
830 2334 846 2359 b
861 2342 929 2367 sunt
945 2336 1044 2368 Gron.
1061 2337 1153 2368 Crev-

176 2420 218 2450 49
241 2419 355 2452 Movet-i
383 2423 500 2463 quidem
525 2422 569 2463 se]
607 2422 816 2454 Gronovianae
859 2432 914 2464 pro
929 2433 1016 2463 quam
1037 2421 1161 2464 praefert
1182 2424 1268 2463 quod.

133 2459 282 2495 editiones
297 2470 403 2496 carent
418 2467 463 2506 τῷ
476 2476 514 2496 se.
559 2465 627 2496 Nos
644 2470 817 2497 ceterarum

131 2512 323 2544 eonsensum,
360 2507 473 2549 quibus
513 2508 634 2540 accedit
676 2518 757 2539 unus
800 2518 817 2538 e

134 2546 229 2578 MSS.
252 2549 394 2586 Hem-nii,
419 2556 453 2582 et
474 2557 577 2582 noster
602 2550 690 2583 Vict.
718 2551 817 2582 secuti

127 2598 244 2621 sumus.

175 2632 219 2662 50
241 2632 292 2670 Et,
316 2646 403 2676 quam
426 2647 491 2667 moz·
511 2638 601 2679 signis
629 2638 741 2669 collatis
769 2639 815 2668 di-

130 2675 299 2706 micandum
320 2679 369 2714 sit,
392 2681 426 2709 in
448 2680 510 2710 dias
534 2681 688 2721 ers-pectet]
723 2679 817 2712 Hanc

131 2715 306 2758 elegantem
346 2720 509 2753 lectionem
553 2722 685 2754 redonat
728 2722 817 2754 Livio

132 2759 202 2791 Jac.
225 2760 400 2794 Gronovius
417 2774 457 2795 ex
481 2763 605 2796 Thuan.
629 2766 747 2802 codice,
767 2766 817 2797 cui

131 2803 339 2834 assentiuntur
353 2805 415 2836 duo
428 2816 446 2836 e
460 2807 554 2838 MSS.
570 2808 713 2839 Heamii.
755 2809 815 2839 Fa-

132 2851 183 2875 vet
210 2856 333 2887 quoque
363 2853 464 2879 noster
495 2849 610 2880 Victor.
639 2851 697 2881 uisi
733 2851 816 2892 quod

192 2902 286 2929 voL.
312 2903 381 2931 ΙΙΙ.

860 2466 983 2496 locutus
1005 2470 1052 2496 est
1074 2464 1192 2502 Livius,
1207 2465 1230 2496 l.
1254 2465 1322 2496 ΙΙΙ.
1344 2475 1372 2496 c.
1389 2466 1442 2496 37.
1487 2466 1547 2497 E:-

860 2509 1037 2548 spectabant,
1071 2519 1160 2549 quam
1193 2518 1258 2540 mooe
1285 2509 1450 2539 consulibus
1483 2519 1548 2539 cre-

861 2553 946 2582 andis
967 2552 1084 2581 comitia
1105 2552 1301 2583 adicer-meur.
1344 2551 1386 2581 Et
1407 2551 1429 2581 l.
1455 2551 1497 2582 V.
1517 2560 1549 2582 c.

861 2594 913 2625 45.
952 2594 1075 2630 Intenti,
1103 2605 1191 2635 quam
1218 2605 1281 2625 mox:
1316 2595 1433 2637 signum
1461 2595 1549 2623 dare-

862 2643 921 2667 tur.
967 2636 1112 2668 *Sensus
1130 2641 1230 2678 patet.
1273 2636 1315 2668 Et
1334 2634 1548 2684 exspectet-in

860 2678 926 2710 dies
951 2679 1118 2711 instantem
1135 2679 1204 2721 jam
1223 2688 1297 2711 eum
1317 2677 1356 2709 iis
1372 2676 1547 2725 dimicatio-

861 2732 943 2753 nem.
996 2720 1150 2763 *svulgati
1176 2721 1236 2754 hoc
1263 2722 1331 2753 loco
1358 2720 1446 2751 libn:
1479 2731 1546 2751 eum

860 2777 917 2806 qua
932 2777 995 2796 ηιοτ
1008 2767 1100 2807 signis
1112 2765 1226 2798 collatis
1238 2764 1437 2796 dimicandum
1451 2763 1503 2794 sibi
1516 2765 1548 2794 in

860 2810 919 2840 dies
931 2815 1078 2847 exspectet.

943 2907 966 2932 L
