1947 3222
448 371 798 425 EPITOME
837 370 1054 424 LIBRI
1093 370 1217 423 XL.

136 604 340 664 QUUM
364 615 582 667 Philippus
612 613 784 654 ¹liberos
819 626 965 662 eorum,
994 628 1089 667 quos
1117 614 1331 662 occiderat,
1359 614 1543 666 conquiri

132 672 285 712 obsides
290 670 488 725 jussisset,
514 672 742 719 Theoxena,
759 683 837 723 pro
852 670 990 711 liberis
1009 671 1091 711 suis
1106 677 1143 711 et
1162 670 1314 711 sororis
1333 671 1543 711 admodum

126 730 266 781 pueris
287 730 417 769 verita
438 729 545 783 regis
563 728 785 777 libidinem,
802 729 980 780 prolatis
996 729 1039 768 in
1061 729 1228 768 medium
1245 728 1400 781 gladiis
1415 733 1453 768 et
1464 741 1543 780 po-

131 787 231 834 culo,
255 787 297 826 in
328 800 404 839 quo
432 792 522 826 erat
550 799 752 833 venenum,
774 785 901 825 suasit
932 786 997 834 iis,
1019 791 1063 825 ut
1093 786 1292 825 inminens
1325 784 1542 825 ludibrium

132 849 256 883 morte
284 843 521 899 effugerent.-
553 843 657 896 quod
690 856 804 895 quum
826 845 1105 896 persuasisset,
1128 843 1217 895 ipsa
1238 856 1278 883 se
1300 855 1385 882 cum
1414 842 1502 882 viro
1522 856 1544 882 e

133 900 227 940 navi
247 900 290 940 in
311 914 421 940 mare
432 899 726 953 praecipitavit.
761 899 998 940 Certamina
1021 900 1129 940 inter
1142 898 1332 952 Philippi
1349 898 1542 939 Macedo-

131 957 215 996 niae
233 957 340 1010 regis
359 956 501 998 liberos
521 958 674 998 Persen
694 962 733 996 et
754 957 1004 996 Demetrium
1024 956 1275 1010 referuntur.-
1307 961 1345 996 et
1365 961 1409 996 ut
1411 955 1543 1010 srau-
1573 952 1576 955 ’

131 1015 180 1053 de
187 1013 350 1067 fratris
368 1014 432 1054 sui
454 1015 684 1055 Demetrius
713 1014 889 1066 confictis
916 1013 1164 1063 criminibus,
1185 1014 1296 1054 inter
1323 1026 1412 1066 quae
1432 1026 1544 1053 accu-

129 1072 287 1111 satione
307 1072 535 1124 parricidii
555 1078 593 1111 et
612 1071 811 1124 adfectati
830 1071 959 1123 regni,
985 1071 1160 1123 primum
1183 1071 1351 1123 petitus,
1374 1071 1429 1110 ad
1448 1071 1544 1110 ulti-

131 1142 246 1177 mum,
264 1129 448 1181 quoniam
464 1129 611 1180 populi
625 1128 805 1167 Romani
824 1128 974 1167 amicus
993 1133 1095 1176 erat,
1114 1141 1260 1167 veneno
1280 1133 1441 1167 necatus
1461 1133 1540 1173 est,-

131 1199 371 1238 regnumque
399 1184 657 1225 Macedoniae
686 1190 840 1224 mortuo
869 1184 1069 1237 Philippo
1098 1185 1156 1224 ad
1183 1185 1336 1225 Persen
1371 1184 1542 1225 devenit.

130 1243 232 1282 Item
252 1255 314 1282 res
332 1243 375 1282 in
393 1241 615 1296 Liguribus
634 1247 673 1281 ct
693 1242 737 1281 in
761 1241 971 1294 Hispania
993 1247 1134 1281 contra
1157 1240 1375 1282 Celtiberos
1393 1255 1420 1280 a
1440 1254 1543 1281 com-

122 1298 500 1351 pluribusfi’liciter
509 1305 645 1352 gestas
660 1299 846 1338 continet.
877 1298 998 1338 Libri
1012 1298 1158 1338 Numoe
1170 1298 1372 1350 Pompilii
1385 1298 1426 1337 in
1442 1312 1544 1352 agro

130 1356 184 1396 L.
204 1356 369 1396 Petillii
387 1355 528 1396 scriboe
545 1355 615 1395 sub
634 1355 825 1397 Janiculo
845 1369 871 1394 a
891 1355 1108 1395 cultoribus
1126 1355 1237 1409 agri,
1255 1355 1297 1395 in
1318 1368 1416 1394 arca
1437 1355 1543 1408 lapi-

130 1414 206 1453 dea
226 1413 366 1460 clausi,
389 1419 427 1452 et
450 1413 588 1453 Graeci
616 1418 654 1453 et
679 1411 839 1462 Latini,
861 1412 1016 1453 inventi
1044 1418 1135 1453 sunt
1143 1434 1157 1458 ,·
1191 1413 1234 1453 in
1265 1411 1405 1465 quibus
1425 1425 1542 1464 quum

122 1471 261 1522 plura,
284 1482 373 1523 quoe
392 1470 730 1510 dissolvendarum
751 1470 1000 1523 religionum,
1016 1475 1188 1522 praetor,
1209 1470 1266 1509 ad
1284 1482 1395 1522 quem
1415 1470 1544 1509 delati

131 1532 264 1577 erant,
285 1527 455 1581 legisset,
465 1526 630 1581 juravit
648 1527 821 1576 senatui,
842 1533 982 1566 contra
1009 1526 1289 1579 rempublicam
1310 1540 1403 1574 esse,
1425 1532 1469 1565 ut
1488 1527 1542 1566 le-

124 1590 318 1638 gerentur
329 1589 679 1636 servarenturque:
702 1589 740 1623 et
755 1598 804 1623 ex
817 1584 1152 1624 senatusconsulto
1168 1584 1211 1624 in
1230 1583 1402 1624 Comitio
1414 1584 1544 1623 exusti

129 1647 235 1681 sunt.
299 1640 467 1681 Colonia
496 1641 686 1694 Aquileia
717 1641 885 1680 deducta
914 1646 983 1681 est.
1042 1640 1273 1693 Philippus,
1301 1639 1543 1693 aegritudine

130 1698 260 1738 animi
278 1697 487 1751 consectus,
510 1698 617 1751 quod
636 1698 885 1738 Demetrium
896 1697 1190 1751 filium,falsis
1209 1698 1354 1738 Persei
1375 1696 1543 1737 alterius

109 1755 207 1807 filii
235 1754 499 1795 delationibus
527 1756 721 1808 inpulsus,
742 1768 890 1796 veneno
909 1755 1140 1804 sustulisset,
1161 1760 1200 1794 et
1219 1755 1268 1794 de
1291 1767 1417 1807 paena
1438 1754 1541 1794 Per-

129 1811 184 1851 sei
217 1811 414 1866 cogitavit,
445 1813 645 1865 voluitque
672 1811 917 1865 Antigonum
946 1812 1085 1864 potius
1117 1812 1279 1851 amicum
1314 1824 1423 1851 suum
1457 1823 1540 1851 suc·

129 1883 313 1909 cessorem
334 1870 456 1923 regni
480 1870 544 1910 sui
571 1869 809 1922 relinquere.
869 1869 949 1909 Sed
977 1869 1020 1909 in
1047 1869 1122 1909 lzac
1147 1868 1389 1923 cogitatione
1418 1873 1542 1907 morte

132 1931 274 1978 raptus
293 1931 365 1966 est.
395 1939 555 1980 regnum
577 1927 746 1967 Perseus
766 1926 931 1978 excepit.

179 2048 192 2076 1
230 2046 345 2077 Liberos
380 2057 477 2077 eorum
519 2057 586 2087 quos
622 2049 653 2077 in
692 2047 816 2076 vinculis
858 2047 994 2087 legitima
1019 2047 1068 2078 sit.
1113 2047 1258 2088 Legimus
1286 2047 1464 2076 nobilissimos
1491 2046 1538 2075 ho-

133 2090 371 2119 nobilissimorum
398 2090 544 2119 hominnm
574 2089 707 2129 habebat]
744 2089 813 2120 Du·
858 2092 955 2120 mines.

134 2131 267 2163 bitamus
296 2142 335 2162 an
369 2132 436 2163 haec
472 2132 631 2163 verborum
664 2136 815 2163 structura

802 2879 825 2903 cz

846 2881 874 2919 &2

896 2867 921 2904 ω
