1947 3222
517 129 638 167 LIB.
668 126 859 165 XXXIV.
907 126 1039 164 CAP.
1073 126 1271 166 XXXIII.
1541 136 1611 169 163

183 239 282 277 tur?
334 237 489 292 Nempe
518 238 584 278 his
616 237 792 278 mooeime
822 235 1012 287 duabusss',
1046 236 1086 277 si
1118 237 1246 278 socios
1279 251 1384 280 meos
1409 252 1490 292 pro
1520 240 1608 281 hos·
1624 251 1712 284 U.C.
1729 255 1803 285 557.

182 293 289 335 tibus
317 295 489 342 habeas;
518 295 550 336 si
579 308 664 335 cum
687 293 865 335 hostibus
894 300 933 334 te
958 292 1194 347 conjungas.
1254 292 1286 316 ¹⁵
1301 295 1442 336 Utrum
1473 311 1551 337 non
1582 295 1713 338 aA·C·
1731 297 1801 328 195.

181 352 391 405 tefactum
413 355 499 393 est?
529 365 621 392 nam
643 358 682 404 et
711 352 939 401 Messenen,
962 364 1042 391 uno
1061 356 1184 405 atque
1204 351 1338 391 eodem
1354 351 1456 404 jure
1466 354 1608 407 scede-

180 410 254 458 ris,
277 423 354 463 quo
373 416 412 450 et
432 410 776 458 Lacedaemonem,
801 410 844 449 in
865 409 1088 449 amicitiam
1106 414 1283 448 nostram
1305 416 1522 461 acceptam,
1543 426 1607 452 so-

176 467 262 507 cius
283 467 368 520 ipse
393 468 541 508 sociam
572 467 688 507 nobis
716 466 850 506 urbem
881 467 923 508 vi
952 473 1073 520 atque
1101 467 1228 506 armis
1257 467 1422 519 cepisti:
1454 474 1492 508 et
1521 483 1605 509 cum

176 523 388 577 Philippa,
421 525 532 565 hoste
560 531 712 575 nostro,
744 538 826 564 non
853 525 1084 565 societatem
1112 524 1251 571 solum,
1282 525 1364 573 sed,
1397 522 1475 565 ¹⁶si
1504 526 1605 567 Diis

165 581 319 633 placet,
341 582 595 634 adfinitatem
617 583 738 622 etiam
760 595 841 634 per
859 581 1084 622 Philoclem
1107 580 1345 634 pra’jectum
1376 580 1459 635 ejus
1481 585 1603 636 pepi-

169 638 296 689 gisti.-
328 645 366 679 et
387 639 530 680 bellum
561 638 774 681 adversus¹¹
794 653 863 679 nos
887 653 1033 693 gerens
1057 652 1170 679 mare
1197 639 1307 678 circa
1328 638 1602 680 Maleomin-

156 693 319 749 festum
340 697 511 737 navibus
532 697 731 750 piraticis
743 696 917 751 jecisti.-
954 702 992 737 et
1006 697 1149 749 plures
1172 709 1304 749 prope
1323 698 1427 737 cives
1447 698 1600 738 Roma-

168 764 253 801 nos,
276 767 395 807 quam
417 755 653 808 Philippus,
675 754 820 807 cepisti
844 760 966 808 atque
987 753 1172 794 occidisti
1184 771 1196 793 .·
1228 754 1435 808 tutiorque
1455 754 1600 795 Mace-

165 809 295 851 doniae
314 825 402 860 ora,
421 826 538 865 quam
555 811 874 865 promontorium
897 810 1054 851 Maleae
1072 816 1308 851 commeatus
1328 812 1384 851 od
1402 812 1600 854 exercitus

166 873 324 909 nostros
350 869 610 921 portantibus
638 869 808 910 navibus
814 868 925 922 fuit.
985 867 1171 908 Proinde
1191 866 1364 920 ¹⁷parce,
1387 869 1454 917 sis,
1461 870 1596 922 fidem

165 936 216 963 ac
221 923 328 978 jura
347 927 553 967 societatis
559 925 729 981 jactare
736 947 750 972 ,·
779 933 830 973 et,
853 926 1000 965 omissa
1021 923 1254 978 18ρομιῖανί
1274 926 1472 975 oratione,
1496 933 1597 968 tam-

163 995 284 1036 quam
303 989 502 1037 tyrannus
521 990 560 1024 et
577 984 705 1025 hostis
724 984 900 1037 loquere.

222 1039 467 1082 XXXIII.
515 1041 605 1082 Sub
644 1041 735 1082 haec
784 1039 1025 1081 Aristaenus
1074 1053 1186 1080 nunc
1225 1054 1393 1080 monere
1434 1040 1591 1091 Nabin‚

161 1110 274 1138 nunc
303 1097 429 1138 etiam
457 1113 590 1148 orare,
622 1105 687 1148 ut,
718 1098 821 1139 dum
852 1096 1008 1147 liceret,
1035 1096 1136 1137 dum
1169 1096 1330 1137 occasio
1359 1106 1481 1147 esset,
1513 1098 1591 1140 sibi

159 1167 208 1194 ac
247 1152 428 1195 fortunis
478 1154 562 1196 suis
603 1155 849 1196 consuleret.
931 1153 1106 1195 Referre
1146 1152 1298 1194 deinde
1342 1155 1590 1197 nominatim

158 1208 399 1267 ¹⁹tyrannos
429 1211 665 1254 civitatium
695 1212 969 1253 finitimarum
999 1210 1142 1267 coepit,
1174 1210 1264 1266 qui,
1293 1210 1485 1266 deposito
1514 1211 1590 1253 im-

156 1267 287 1322 perio,
317 1267 600 1325 restitutaque
630 1269 824 1311 libertate
854 1268 954 1318 suis,
981 1283 1064 1309 non
1095 1275 1233 1309 tutam
1262 1268 1403 1318 modO,
1426 1269 1498 1310 sed
1529 1278 1590 1311 et.-

153 1324 238 1366 iam
259 1324 506 1367 honoratam
526 1326 635 1368 inter
665 1327 776 1368 cives
806 1333 1063 1368 senectutem
1093 1324 1287 1381 egissent.
1350 1325 1434 1367 His
1464 1325 1588 1368 dictis

152 1379 197 1421 in
217 1381 350 1423 vicem
381 1382 637 1439 auditisque,
659 1399 743 1425 nox
772 1398 905 1440 prope
936 1382 1106 1424 diremit
1137 1381 1423 1438 conloquium.
1486 1384 1588 1425 Pos-
1600 1393 1763 1426 Nabisos-

152 1444 242 1480 tero
282 1439 350 1480 die
391 1439 539 1490 Nabis,
585 1441 712 1495 Argis
751 1455 792 1482 se
830 1441 967 1481 cedere
1005 1454 1054 1480 ac
1098 1441 1293 1480 deducere
1324 1441 1583 1492 praesidium,
1597 1439 1700 1512 {3¹23}ss
1711 1450 1776 1514 (ἐξ

150 1496 313 1548 quando
334 1497 397 1536 ita
417 1497 618 1538 Romanis
631 1499 830 1550 placeret,
855 1503 895 1537 et
914 1497 1096 1550 captivos
1124 1503 1165 1538 et
1177 1497 1380 1551 perfugas
1399 1499 1583 1539 redditu·
1595 1523 1699 1556 Arois.

148 1565 250 1600 rum,
273 1552 396 1594 dixit.
456 1554 590 1594 Aliud
617 1556 655 1595 si
683 1556 785 1609 quid
803 1555 1077 1608 postularent,
1103 1554 1296 1606 scriptum
1326 1559 1372 1594 ut
1401 1556 1579 1607 ederent,
1642 1552 1658 1565 Ξ

147 1609 285 1664 petiit,
318 1617 363 1650 ut
395 1611 622 1652 deliberare
647 1626 733 1652 cum
767 1612 909 1652 amicis
932 1617 1079 1664 posset.
1142 1612 1212 1652 Ita
1241 1619 1283 1652 et
1314 1618 1494 1666 tyranno
1524 1613 1578 1654 ad

149 1666 474 1708 consultandum
507 1676 674 1725 tempus
707 1668 855 1711 datum
890 1676 976 1710 est:
1021 1676 1062 1710 et
1098 1667 1337 1718 QuinctiuS,
1370 1668 1577 1711 sociorum
1592 1680 1758 1716 Quinctius

146 1723 274 1764 etiam
312 1724 577 1780 principibus
615 1725 831 1776 adhibitis,
868 1725 1019 1767 habuit
1060 1724 1293 1766 consilium.
1371 1725 1576 1768 Maximae
1590 1722 1784 1800 {328ssngng

143 1779 275 1834 partis
297 1783 502 1823 sententia
522 1790 634 1824 erat:
668 1784 1017 1824 Perseverandum
1046 1784 1090 1823 in
1121 1783 1223 1823 bello
1253 1796 1348 1832 esse,
1371 1788 1410 1823 et
1430 1785 1575 1824 tollen·
1587 1809 1701 1842 silium.

141 1836 234 1876 dum
253 1844 483 1892 tyrannum.
506 1853 718 1894 numquam
739 1842 862 1881 aliter
881 1847 1008 1881 tutam
1024 1840 1252 1881 libertatem
1277 1839 1572 1895 Graecioefore.

138 1892 278 1936 Satius
309 1897 430 1936 multo
447 1896 601 1951 fuisse,
639 1912 720 1938 non
750 1899 900 1939 moveri
929 1898 1070 1938 bellum
1100 1899 1291 1938 adversus
1321 1911 1421 1948 eum,
1454 1912 1572 1952 quam

141 1952 276 1992 omitti
295 1959 453 1995 motum.
483 1960 522 1994 et
543 1956 670 2007 ipsum
693 1957 799 1997 velut
828 1956 1087 2009 comprobata
1112 1955 1392 1995 dominatione
1400 1956 1571 2008 firmio-

139 2021 221 2048 rem
226 2008 432 2063 futurum,
455 2018 620 2052 auctore
641 2013 785 2067 injusti
805 2013 969 2066 imperii
988 2014 1171 2053 adsumto
1189 2013 1340 2065 populo
1356 2012 1566 2061 Romano,-

137 2071 177 2105 εἰ
196 2069 374 2120 exemplo
395 2069 536 2110 multos
556 2070 601 2110 in
622 2072 722 2112 aliis
741 2070 975 2112 civitatibus
1002 2071 1061 2110 ad
1079 2070 1357 2111 insidiandum
1382 2069 1571 2112 libertati

179 2167 197 2193 8
215 2165 328 2200 Quibus
349 2168 370 2196 i.
396 2169 480 2199 rebus
501 2181 530 2200 α.
552 2170 603 2200 zu?
635 2169 676 2201 N.
699 2171 728 2201 h.
750 2182 789 2201 m.
814 2171 929 2201 duabus
947 2169 1011 2210 leg.
1037 2169 1075 2204 Q.
1098 2171 1118 2200 ι’.
1140 2181 1159 2199 a
1182 2170 1231 2200 1›.?
1260 2168 1302 2200 N.
1327 2169 1357 2201 h.
1380 2171 1494 2200 duabus
1519 2181 1566 2202 re-

137 2207 438 2284 gssffgssffim'
485 2211 522 2246 Q.
537 2213 558 2244 i.
573 2213 658 2244 rebus
669 2225 698 2244 a.
712 2215 763 2244 v.?
785 2213 827 2244 N.
843 2214 872 2244 h.
885 2214 999 2245 duabus
1013 2214 1135 2244 maz-ime
1150 2213 1243 2244 Crev.
1379 2212 1395 2236 h
1411 2214 1565 2244 adversum

182 2330 219 2361 15
260 2331 369 2363 Utrum
403 2345 463 2366 non
497 2346 518 2365 a
553 2342 580 2367 te
606 2335 731 2377 factum
766 2337 823 2377 est]
868 2338 968 2373 audes,
983 2340 1014 2367 et
1028 2335 1206 2366 molliendae
1229 2334 1270 2366 ad
1292 2334 1471 2366 comitatem
1493 2346 1560 2367 ora-

138 2370 249 2414 Seripti
268 2381 441 2407 utrumnam
464 2389 482 2408 a
505 2385 542 2409 te.
586 2378 749 2410 Particula
770 2390 824 2410 ne-
868 2379 943 2410 tioni
959 2378 1133 2410 adhibetur.

138 2423 214 2453 gans
235 2418 360 2449 omnino
383 2421 557 2452 necessaria
575 2427 632 2452 est.
677 2421 824 2464 Suspica-
915 2421 1153 2462 18*Popul‹zri]
1178 2420 1344 2452 Plausibili
1359 2419 1390 2451 in
1405 2421 1526 2463 vulgus.

137 2460 194 2504 tur·
208 2458 381 2492 Gronovius
402 2473 473 2494 eam
496 2464 672 2506 absorptam
696 2475 762 2496 esse
785 2466 824 2496 ab
914 2467 953 2496 19
978 2465 1131 2505 Tyrannos
1155 2487 1164 2495 .
1179 2486 1187 2494 .
1210 2466 1261 2505 qui
1275 2465 1399 2503 deposito
1421 2465 1558 2505 imperio]

138 2498 247 2545 ultima
271 2503 391 2545 syllaba
416 2505 502 2537 vocis
525 2508 738 2549 praecedentis,
771 2508 824 2539 Li·
868 2507 999 2549 Aliquot
1024 2513 1243 2539 commemorat
1270 2507 1432 2548 Polybius,
1461 2508 1484 2538 l.
1514 2508 1559 2537 ΙΙ.

137 2551 280 2584 Vlumque
306 2546 437 2585 dedisse,
469 2549 647 2581 Utrumnam
672 2563 731 2582 non
754 2563 772 2581 a
797 2558 824 2582 te
868 2561 900 2581 n.
915 2553 966 2581 44.
990 2561 1068 2592 quos
1089 2551 1195 2591 procul
1218 2549 1313 2581 dubio
1336 2550 1368 2580 in
1384 2550 1487 2580 animo
1503 2550 1558 2580 ha-

124 2584 250 2624 factnm
265 2590 325 2618 est?
867 2594 962 2624 bebat
976 2594 1162 2629 Aristaenus,
1184 2593 1354 2635 Lysiaden]
1371 2594 1559 2634 Megalopo-

182 2628 289 2675 16*Βί
310 2633 366 2663 diis
389 2635 496 2672 placet,
518 2636 691 2676 affinitatem
716 2637 820 2678 etiam]
866 2636 1010 2673 litanum,
1024 2638 1186 2668 Xenonem
1201 2636 1468 2670 Hermionensem,
1483 2635 1556 2666 Cle-

135 2669 319 2717 Indignatur
342 2675 500 2714 Quintius,
524 2680 633 2711 Nabin
655 2686 822 2722 tyrannum
866 2690 1013 2721 onymum
1065 2679 1249 2715 Phliasium,
1303 2678 1556 2709 Aristomachum

129 2713 190 2743 Slbl
219 2718 342 2747 tantum
370 2728 520 2761 arrogare,
551 2728 586 2753 ut
616 2722 656 2755 ad
688 2723 821 2754 affinita-
866 2723 1030 2764 Argivum,
1046 2723 1099 2764 qui
1116 2733 1222 2753 omnes
1237 2721 1328 2752 Arati
1350 2720 1400 2751 vel
1424 2720 1556 2751 auctori-

131 2760 195 2786 tem
218 2767 290 2788 cum
311 2759 396 2800 regia
415 2763 627 2796 Macedonum
644 2765 736 2796 domo
752 2765 818 2797 ani·
863 2770 938 2802 tate,
971 2767 1021 2796 vel
1057 2772 1142 2797 metu
1181 2764 1319 2799 adducti,
1361 2763 1555 2805 tyrannidem

130 2808 196 2829 mos
212 2801 352 2833 attollere
367 2803 492 2836 audeat.
863 2809 1079 2850 deposuerant,
1104 2818 1233 2848 seseque
1262 2811 1293 2838 et
1319 2806 1462 2838 civitates
1485 2817 1556 2837 suas

143 2884 148 2889 1
174 2842 398 2886 17“Ρανεεεί.ς]
435 2847 552 2879 Desine
578 2860 693 2890 quaeso.
748 2852 820 2882 Vox
863 2852 989 2883 Achaeis
1004 2851 1219 2891 adjunxerant.

124 2894 161 2913 sis
184 2892 350 2927 usurpatur
373 2899 426 2929 pro
448 2892 470 2920 si
494 2893 546 2925 vis.
561 2897 596 2922 ut
618 2895 694 2924 sodes
720 2904 774 2934 pro
796 2896 820 2923 si

935 2952 966 2976 M
992 2938 1018 2975 2
