1947 3222
380 164 455 197 242
898 164 1049 202 ΙΤῙΤΙ
1099 163 1281 202 LIVII

166 273 259 305 U-C-
271 274 346 305 561.
376 270 590 310 exercitum
612 271 657 311 in
675 271 837 312 Graecia
858 273 1050 322 viderint,
1068 274 1126 313 ad
1143 279 1364 314 consuetum
1386 272 1595 325 imperium
1614 284 1655 313 se
1674 283 1791 312 aver-

164 316 253 348 A'C·
270 317 343 348 ¹91·
378 330 499 365 tant?
535 341 606 367 nec
635 329 688 369 iis
716 342 833 369 noma:
844 329 1036 383 futurum
1065 331 1131 378 sit,
1157 331 1274 384 quod,
1301 344 1420 384 quum
1445 329 1625 369 Romani
1647 327 1791 381 procul

379 383 569 431 ahessent‚
592 386 669 425 vim
699 391 807 426 tuam
833 386 1047 438 proesentis
1076 388 1346 441 eoeercitusque
1375 387 1436 426 tui
1456 387 1636 438 experiri
1654 385 1793 424 nolue-

377 442 495 481 rint?
539 441 703 490 Quanto
723 444 852 496 igitur
865 444 984 495 prius
998 444 1211 496 potiusque
1226 451 1296 492 est,
1316 444 1550 496 Philippum
1565 442 1677 482 nohis
1696 455 1789 481 con-

365 495 555 552 jungere,
579 513 695 552 quam
716 500 813 539 hos?
845 501 923 549 cui,
944 500 982 539 si
999 501 1116 539 semel
1137 501 1179 540 in
1199 515 1376 541 caussam
1401 501 1658 547 descenderit,
1685 498 1794 538 nihil

381 555 533 609 integri
534 556 726 610 futurum
747 557 814 603 sit,
838 557 982 609 quique
1003 570 1069 596 eas
1090 557 1195 597 vires
1214 558 1393 611 miserat,
1415 571 1504 611 quce
1523 571 1601 596 non
1621 555 1792 595 accessio

379 619 538 652 tantum
558 614 615 652 ad
633 613 858 652 Romanum
880 626 960 653 esse
979 612 1136 663 bellum,
1156 615 1226 654 sed
1246 628 1325 666 per
1343 629 1384 654 se
1404 616 1501 667 ipsse
1520 627 1648 666 nuper
1673 612 1791 653 susti-

379 683 474 709 nere
493 670 696 721 potuerint
717 671 935 710 Romanos.
992 670 1089 710 Hoc
1109 685 1180 724 ego
1201 669 1388 724 adjuncto
1407 671 1529 725 (absit
1549 670 1666 711 verbo
1686 669 1791 708 invi—

380 726 470 775 dia)
502 727 573 779 qui
601 725 788 766 dubitare
817 728 867 766 (te
896 733 1035 767 eventu
1056 730 1235 780 possim?
1272 742 1400 781 quum,
1433 728 1572 781 quibus
1601 728 1791 767 adversus

381 782 620 835 Philippum
642 784 845 823 valuerint
867 784 1058 833 Romani,
1081 784 1134 824 iis
1153 785 1367 838 nuncfore
1386 785 1541 825 videam
1561 790 1606 824 ut
1626 784 1707 836 ipsi
1728 782 1794 821 ob-

369 846 617 893 pugnentur.
679 840 830 889 AEtoli,
854 841 923 894 qui
947 842 1182 894 Philippum
1204 843 1325 895 (quod
1344 843 1452 882 inter
1470 855 1600 881 omnes
1618 840 1793 893 constat)

380 896 574 946 vicerunt,
595 911 678 937 cum
701 897 897 951 Philippo
925 899 1113 938 adversus
1135 898 1338 939 Romanos
1359 898 1612 952 pugnabunt.
1672 896 1794 950 Amy-

379 955 538 1004 nander
558 960 678 1008 atque
698 954 970 995 Athamanum
987 969 1098 1008 gens,
1117 969 1281 1008 quorum
1301 957 1508 996 secundum
1522 954 1685 994 AEtolos
1699 955 1794 1006 plu-

381 1012 486 1051 rima
509 1009 600 1062 ficit
634 1026 757 1063 opera
794 1012 837 1052 in
873 1027 918 1052 eo
952 1011 1064 1060 bello,
1097 1012 1293 1053 nobiscum
1329 1012 1501 1052 stabunt.
1574 1012 1797 1062 Philippus

381 1074 477 1117 tum,
499 1074 538 1108 te
558 1069 704 1121 quieto,
728 1075 850 1109 totam
870 1070 1006 1109 molem
1026 1070 1245 1110 sustinebat
1266 1070 1360 1110 belli
1367 1087 1380 1108 .·
1409 1084 1513 1109 nunc
1533 1069 1610 1108 duo
1630 1067 1797 1107 maximi

381 1139 506 1179 reges,
537 1126 649 1165 Asioe
679 1127 933 1179 Europaeque
962 1126 1127 1174 viribus,
1149 1128 1335 1167 adversus
1363 1141 1481 1166 unum
1505 1126 1710 1179 populum,
1735 1126 1796 1177 (ut

381 1196 506 1222 meam
535 1189 744 1235 utramque
756 1183 975 1235 fortunam
1005 1186 1177 1236 taceam)
1195 1190 1358 1236 patrum
1380 1189 1485 1223 certe
1513 1188 1634 1223 aetate
1654 1196 1704 1221 ne
1722 1181 1796 1221 uni

382 1240 538 1292 quidem
554 1240 823 1292 Epirotarum
844 1242 937 1293 regi
955 1254 1112 1292 parem,
1130 1239 1288 1293 (mquid
1295 1244 1301 1264 ¹
1322 1242 1482 1280 tandem
1503 1241 1582 1279 erit
1601 1239 1794 1279 vobiscum

382 1297 682 1349 comparatus&
709 1298 861 1350 geretis
889 1297 1043 1337 bellum.
1107 1299 1206 1344 Qua-²
1235 1299 1364 1351 igitur
1390 1312 1454 1338 res
1483 1297 1583 1336 mihi
1593 1296 1796 1349 fiduciam

375 1354 546 1407 praebet,
569 1352 761 1407 cmzjungi
781 1355 893 1395 nohis
916 1355 1155 1407 Philippum
1170 1358 1314 1407 posse?
1355 1355 1460 1401 Una,
1483 1353 1694 1394 communis
1713 1353 1794 1392 uti-

382 1412 494 1460 litas,
517 1424 606 1463 qua:
633 1412 837 1451 societatis
866 1412 1074 1451 maximum
1105 1412 1297 1452 vinculum
1329 1418 1405 1451 est.-
1437 1413 1584 1460 altera,
1615 1416 1798 1449 auctores

383 1482 450 1508 vos
471 1467 620 1507 AEtolz‘.
668 1467 805 1508 Vester
825 1469 927 1508 enim
948 1470 1104 1522 legatus
1118 1469 1183 1509 hic
1204 1469 1338 1509 Thoas
1354 1470 1460 1508 inter
1475 1474 1621 1517 cetera,
1639 1479 1727 1520 quae
1741 1467 1798 1505 ad

383 1526 612 1564 exciendum
634 1525 676 1564 in
709 1524 914 1565 Grceciam
941 1525 1179 1565 Antiochum
1201 1527 1333 1566 dicere
1353 1532 1408 1565 est
1428 1526 1580 1575 solitus,
1602 1530 1696 1563 ante
1716 1538 1797 1563 om-

384 1582 457 1621 nia
477 1582 549 1621 hoc
569 1596 721 1634 semper
749 1583 1008 1636 asfflrmavit;
1023 1583 1208 1636 fremere
1231 1583 1484 1635 Philippum,
1507 1588 1544 1621 et
1565 1595 1671 1635 aegre
1683 1582 1796 1634 pati,

383 1639 454 1679 sub
482 1640 612 1691 specie
633 1639 753 1691 pacis
781 1641 886 1693 leges
914 1640 1116 1680 servitutis
1135 1640 1213 1680 sibi
1234 1641 1442 1692 inpositas.
1501 1639 1620 1679 2⁹Ille
1639 1639 1796 1692 quidem

367 1698 484 1750 serae
512 1696 648 1735 bestia’
668 1697 811 1736 vinctae
830 1703 901 1736 aut
921 1698 1078 1746 clausae,
1102 1703 1140 1736 et
1160 1696 1387 1750 refringere
1406 1698 1583 1738 claustra
1603 1695 1796 1748 cupienti,

385 1753 493 1807 regis
520 1753 623 1792 iram
644 1753 773 1794 verbis
801 1754 999 1807 a’quabot.
1030 1754 1139 1808 cujus
1158 1756 1194 1794 si
1213 1755 1310 1794 talis
1330 1755 1485 1794 animus
1512 1759 1581 1802 est,
1603 1754 1800 1793 solvamus

385 1824 459 1850 nos
487 1809 570 1863 ejas
599 1810 772 1858 vincula,
804 1817 843 1850 et
871 1812 1048 1851 claustra
1077 1811 1359 1865 rffringamus,
1386 1817 1431 1850 ut
1457 1809 1701 1863 3⁰erumpere
1731 1810 1798 1849 diu

386 1868 597 1907 coercitam
619 1867 722 1907 iram
745 1868 788 1906 in
808 1868 936 1908 hostes
956 1882 1172 1908 communes
1187 1868 1328 1921 possit.
1393 1867 1512 1916 Quod
1529 1869 1566 1907 si
1585 1868 1692 1907 nihil
1711 1880 1795 1906 cum

386 1925 537 1978 legatio
558 1930 695 1964 nostra
726 1925 900 1971 moverit,
924 1931 969 1964 at
998 1939 1081 1975 nos,
1104 1926 1292 1978 quoniam
1322 1924 1434 1965 nobis
1463 1939 1547 1964 eum
1577 1924 1796 1978 adjungere

387 1995 467 2021 non
479 1995 694 2033 possumus,
718 1989 794 2020 ne¹1¹
814 1982 987 2022 hostibus
1016 1983 1164 2022 nostris
1195 1983 1264 2022 ille
1292 1981 1463 2035 adjungi
1486 1982 1630 2034 possit,
1652 1995 1793 2021 cavea-

387 2052 481 2078 mus.
542 2039 722 2079 Seleucus
724 2039 848 2090 filius
867 2047 956 2078 tuus
982 2039 1246 2094 Lysimachia?
1267 2045 1344 2080 est.-
1375 2040 1446 2092 qui
1474 2041 1510 2080 si
1530 2053 1575 2079 eo
1606 2039 1795 2087 exercitu,

387 2110 498 2149 quem
518 2109 643 2136 secum
661 2096 794 2145 habet,
810 2110 889 2148 per
915 2096 1131 2136 Thraciam
1149 2097 1339 2150 prooeima
1357 2096 1614 2136 Macedoniae
1633 2097 1798 2148 coeperit

388 2154 630 2205 depopulari
639 2174 653 2197 ,·
670 2153 808 2206 faqile
827 2153 878 2192 ab
900 2154 1057 2193 auxilio
1069 2154 1248 2207 ferendo
1268 2153 1463 2195 Romanis
1483 2154 1721 2206 Philippum
1742 2154 1801 2192 ad

387 2224 459 2250 sua
475 2210 720 2262 potissimum
741 2211 890 2250 tuenda
911 2217 1076 2251 avertet.
1120 2212 1186 2251 De
1199 2211 1398 2263 Philippo
1418 2225 1541 2250 meam
1561 2211 1797 2251 sententiam

386 2266 520 2310 hahes.
582 2267 650 2306 De
670 2268 830 2307 ratione
856 2268 1032 2308 universi
1051 2267 1144 2308 belli
1162 2268 1258 2322 quid
1275 2268 1471 2316 sentirem,
1481 2267 1574 2321 jam
1595 2266 1646 2306 ab
1676 2267 1798 2306 initio

388 2337 468 2363 non
490 2324 703 2378 ignorasti.
725 2326 831 2380 quod
848 2325 884 2365 si
903 2331 983 2364 tum
999 2326 1162 2365 auditus
1165 2326 1318 2380 forem,
1337 2339 1414 2364 non
1436 2326 1479 2364 in
1499 2323 1654 2364 Euboea
1679 2323 1800 2364 Chal-

387 2381 512 2421 cidem
541 2387 716 2433 captam,
739 2387 777 2421 et
804 2383 1006 2422 castellum
1036 2383 1187 2436 Euripi
1216 2387 1482 2435 expugnatum
1512 2381 1703 2428 Romani,
1728 2381 1800 2421 sed

388 2438 603 2478 Etruriam
620 2438 924 2492 Lingurumque
935 2445 971 2479 et
990 2439 1147 2479 Gallice
1161 2439 1384 2491 Cisalpina
1397 2452 1507 2477 oram
1524 2437 1623 2477 bello
1638 2438 1798 2489 ardere,

390 2501 442 2544 et,
464 2495 533 2549 qui
552 2496 747 2536 maximus
776 2495 822 2536 iis
851 2502 985 2536 terror
1006 2502 1076 2546 est,
1098 2497 1375 2537 Hannibalem
1398 2495 1439 2534 in
1458 2495 1589 2535 Italia
1621 2508 1700 2535 esse
1728 2509 1800 2535 au-

669 2572 678 2596 l
693 2577 829 2615 quicquid
845 2575 942 2606 Gron.
957 2577 1006 2615 qui
1021 2577 1092 2615 quid
1108 2575 1196 2607 Crev.
1325 2579 1350 2595 ¹¹¹
1366 2581 1398 2605 ut
1413 2575 1509 2606 Gron.

433 2634 475 2664 2ss
501 2633 561 2668 Qui
575 2634 644 2674 quid
665 2636 779 2663 tandem
795 2633 866 2674 erit]
899 2634 969 2668 Qui,
986 2645 1071 2665 nem·
1116 2635 1291 2665 Glareanus
1315 2634 1395 2664 hanc
1420 2633 1679 2675 comparationem
1703 2632 1794 2664 tribui

391 2687 429 2718 pe
457 2675 605 2718 Pyrrhus.
651 2677 754 2717 Vulgo
781 2675 830 2706 hic
858 2677 970 2717 legitur
991 2679 1071 2718 quic·
1115 2677 1267 2719 superiore
1304 2676 1392 2711 libro,
1419 2687 1446 2708 c.
1478 2678 1527 2707 lss.
1556 2686 1617 2707 non
1646 2676 1792 2712 Thoanti,

391 2721 472 2759 quid,
501 2719 583 2760 quod
612 2719 783 2749 certissima
808 2719 984 2760 conjectura
1006 2730 1072 2750 mu·
1115 2719 1170 2751 sed
1187 2719 1364 2750 Alexandro
1380 2718 1550 2751 Acarnani.

393 2762 468 2792 tavit
485 2761 633 2803 Dujatius
656 2761 686 2792 in
701 2763 751 2802 qui
773 2763 853 2800 quid.
899 2761 992 2792 Unde
1015 2773 1071 2793 nec
1159 2763 1199 2793 30
1239 2763 1394 2801 Erumpo-e
1431 2764 1480 2791 diu
1518 2763 1669 2793 coercitam
1701 2761 1793 2802 iram]

393 2804 555 2836 admittere
571 2815 639 2836 eam
662 2805 694 2835 in
716 2809 891 2836 contextum
916 2804 1070 2835 dubitavi-
1117 2805 1167 2836 Sic
1184 2805 1267 2836 Tun.
1286 2805 1307 2835 l.
1323 2805 1414 2836 XVI.
1437 2805 1475 2835 ad
1492 2805 1558 2836 Att.
1572 2815 1621 2847 ep.
1636 2806 1667 2836 3.
1701 2803 1746 2835 Ne
1760 2805 1790 2835 in

393 2857 471 2878 mus.
1118 2859 1160 2879 mc
1174 2849 1347 2880 stomachum
1361 2855 1526 2888 erumpunt.

435 2891 476 2920 29
502 2890 557 2920 Ille
570 2890 763 2933 quidemseroe
778 2890 889 2930 hestioe]
921 2890 1073 2921 observat
