<?xml version="1.0" encoding="UTF-8"?>
<!DOCTYPE html PUBLIC "-//W3C//DTD XHTML 1.0 Transitional//EN"
    "http://www.w3.org/TR/xhtml1/DTD/xhtml1-transitional.dtd">
<html xmlns="http://www.w3.org/1999/xhtml" xml:lang="en" lang="en">
 <head>
  <title>
</title>
<meta http-equiv="Content-Type" content="text/html;charset=utf-8" />
  <meta name='ocr-system' content='tesseract 3.04.00' />
  <meta name='ocr-capabilities' content='ocr_page ocr_carea ocr_par ocr_line ocrx_word'/>
</head>
<body>
  <div class='ocr_page' id='page_1' title='image "./historiarumaburb03livyuoft_0222.png"; bbox 0 0 1947 3222; ppageno 0'>
   <div class='ocr_carea' id='block_1_1' title="bbox 365 157 1275 202">
    <p class='ocr_par' dir='ltr' id='par_1_1' title="bbox 365 157 1275 202">
     <span class='ocr_line' id='line_1_1' title="bbox 365 157 1275 202; baseline -0.007 0"><span class='ocrx_word' id='word_1_1' title='bbox 365 167 440 202; x_wconf 72' lang='lat'>212</span> <span class='ocrx_word' id='word_1_2' title='bbox 904 159 1048 197; x_wconf 82' lang='lat' dir='ltr'>-T1T1</span> <span class='ocrx_word' id='word_1_3' title='bbox 1097 157 1275 197; x_wconf 83' lang='lat' dir='ltr'>L1V11</span> 
     </span>
    </p>
   </div>
   <div class='ocr_carea' id='block_1_2' title="bbox 159 266 1777 381">
    <p class='ocr_par' dir='ltr' id='par_1_2' title="bbox 159 266 1777 381">
     <span class='ocr_line' id='line_1_2' title="bbox 159 266 1777 327; baseline -0.004 -13"><span class='ocrx_word' id='word_1_4' title='bbox 159 280 338 315; x_wconf 79' lang='lat' dir='ltr'>u:C.560.</span> <span class='ocrx_word' id='word_1_5' title='bbox 368 271 485 313; x_wconf 88' lang='lat' dir='ltr'>dium</span> <span class='ocrx_word' id='word_1_6' title='bbox 525 270 636 327; x_wconf 81' lang='lat' dir='ltr'>agris</span> <span class='ocrx_word' id='word_1_7' title='bbox 677 269 876 319; x_wconf 87' lang='lat' dir='ltr'>mitteret,</span> <span class='ocrx_word' id='word_1_8' title='bbox 917 268 1115 310; x_wconf 83' lang='lat' dir='ltr'><strong>discessit.</strong></span> <span class='ocrx_word' id='word_1_9' title='bbox 1175 266 1323 309; x_wconf 80' lang='lat' dir='ltr'>⁹⁰Inde</span> <span class='ocrx_word' id='word_1_10' title='bbox 1365 267 1551 323; x_wconf 80' lang='lat' dir='ltr'>Tegeam</span> <span class='ocrx_word' id='word_1_11' title='bbox 1591 267 1777 308; x_wconf 84' lang='lat' dir='ltr'>exercitu</span> 
     </span>
     <span class='ocr_line' id='line_1_3' title="bbox 159 323 1775 381; baseline -0.004 -11"><span class='ocrx_word' id='word_1_12' title='bbox 159 325 338 357; x_wconf 77' lang='lat' dir='ltr'><strong>A.C.192.</strong></span> <span class='ocrx_word' id='word_1_13' title='bbox 369 335 597 377; x_wconf 86' lang='lat' dir='ltr'>contracto,</span> <span class='ocrx_word' id='word_1_14' title='bbox 629 326 884 381; x_wconf 87' lang='lat' dir='ltr'>concilioque</span> <span class='ocrx_word' id='word_1_15' title='bbox 918 325 1062 366; x_wconf 87' lang='lat' dir='ltr'>eodem</span> <span class='ocrx_word' id='word_1_16' title='bbox 1097 333 1139 366; x_wconf 92' lang='lat' dir='ltr'>et</span> <span class='ocrx_word' id='word_1_17' title='bbox 1170 325 1338 366; x_wconf 90' lang='lat' dir='ltr'>Achaeis</span> <span class='ocrx_word' id='word_1_18' title='bbox 1372 333 1413 365; x_wconf 90' lang='lat' dir='ltr'>et</span> <span class='ocrx_word' id='word_1_19' title='bbox 1449 324 1568 364; x_wconf 87' lang='lat' dir='ltr'>sociis</span> <span class='ocrx_word' id='word_1_20' title='bbox 1603 323 1775 373; x_wconf 84' lang='lat' dir='ltr'>indicto,</span> 
     </span>
    </p>
   </div>
   <div class='ocr_carea' id='block_1_3' title="bbox 164 671 324 789">
    <p class='ocr_par' dir='ltr' id='par_1_3' title="bbox 164 671 324 789">
     <span class='ocr_line' id='line_1_4' title="bbox 164 671 316 715; baseline -0.013 -11"><span class='ocrx_word' id='word_1_21' title='bbox 164 673 193 704; x_wconf 88' lang='lat' dir='ltr'><strong>G</strong></span> <span class='ocrx_word' id='word_1_22' title='bbox 198 671 316 715; x_wconf 85' lang='lat' dir='ltr'>ythium</span> 
     </span>
     <span class='ocr_line' id='line_1_5' title="bbox 166 721 324 757; baseline -0.006 -11"><span class='ocrx_word' id='word_1_23' title='bbox 166 721 291 757; x_wconf 86' lang='lat' dir='ltr'>captum</span> <span class='ocrx_word' id='word_1_24' title='bbox 306 724 324 745; x_wconf 85' lang='lat' dir='ltr'>a</span> 
     </span>
     <span class='ocr_line' id='line_1_6' title="bbox 167 758 303 789; baseline -0.007 0"><span class='ocrx_word' id='word_1_25' title='bbox 167 758 303 789; x_wconf 80' lang='lat' dir='ltr'>Nabide.</span> 
     </span>
    </p>
   </div>
   <div class='ocr_carea' id='block_1_4' title="bbox 177 1579 337 1699">
    <p class='ocr_par' dir='ltr' id='par_1_4' title="bbox 177 1579 337 1699">
     <span class='ocr_line' id='line_1_7' title="bbox 178 1579 337 1628; baseline -0.025 -15"><span class='ocrx_word' id='word_1_26' title='bbox 178 1579 337 1628; x_wconf 60' lang='lat' dir='ltr'>Philppoe-</span> 
     </span>
     <span class='ocr_line' id='line_1_8' title="bbox 177 1632 336 1655; baseline -0.013 0"><span class='ocrx_word' id='word_1_27' title='bbox 177 1634 275 1655; x_wconf 80' lang='lat' dir='ltr'>menis</span> <span class='ocrx_word' id='word_1_28' title='bbox 288 1632 336 1653; x_wconf 91' lang='lat' dir='ltr'>so-</span> 
     </span>
     <span class='ocr_line' id='line_1_9' title="bbox 177 1667 312 1699; baseline -0.015 -1"><span class='ocrx_word' id='word_1_29' title='bbox 177 1667 267 1699; x_wconf 78' lang='lat' dir='ltr'>lertia</span> <span class='ocrx_word' id='word_1_30' title='bbox 281 1671 312 1697; x_wconf 87' lang='lat' dir='ltr'>et</span> 
     </span>
    </p>
   </div>
   <div class='ocr_carea' id='block_1_5' title="bbox 179 1706 383 1796">
    <p class='ocr_par' dir='ltr' id='par_1_5' title="bbox 179 1706 383 1796">
     <span class='ocr_line' id='line_1_10' title="bbox 179 1706 383 1741; baseline -0.015 0"><span class='ocrx_word' id='word_1_31' title='bbox 179 1720 253 1741; x_wconf 89' lang='lat' dir='ltr'>usus</span> <span class='ocrx_word' id='word_1_32' title='bbox 263 1709 295 1739; x_wconf 86' lang='lat' dir='ltr'>in</span> <span class='ocrx_word' id='word_1_33' title='bbox 307 1706 383 1739; x_wconf 88' lang='lat' dir='ltr'>locis</span> 
     </span>
     <span class='ocr_line' id='line_1_11' title="bbox 179 1752 347 1796; baseline -0.018 -11"><span class='ocrx_word' id='word_1_34' title='bbox 179 1752 347 1796; x_wconf 82' lang='lat' dir='ltr'>capiendis.</span> 
     </span>
    </p>
   </div>
   <div class='ocr_carea' id='block_1_6' title="bbox 372 380 1817 2426">
    <p class='ocr_par' dir='ltr' id='par_1_6' title="bbox 372 380 1799 1574">
     <span class='ocr_line' id='line_1_12' title="bbox 372 380 1777 440; baseline -0.004 -14"><span class='ocrx_word' id='word_1_35' title='bbox 372 386 415 427; x_wconf 91' lang='lat' dir='ltr'>in</span> <span class='ocrx_word' id='word_1_36' title='bbox 430 400 515 440; x_wconf 91' lang='lat' dir='ltr'>quo</span> <span class='ocrx_word' id='word_1_37' title='bbox 535 391 576 425; x_wconf 90' lang='lat' dir='ltr'>et</span> <span class='ocrx_word' id='word_1_38' title='bbox 593 384 865 440; x_wconf 85' lang='lat' dir='ltr'>Epirotarum</span> <span class='ocrx_word' id='word_1_39' title='bbox 886 391 926 422; x_wconf 91' lang='lat' dir='ltr'>et</span> <span class='ocrx_word' id='word_1_40' title='bbox 949 383 1217 422; x_wconf 80' lang='lat' dir='ltr'>Acarnanum</span> <span class='ocrx_word' id='word_1_41' title='bbox 1238 382 1354 422; x_wconf 87' lang='lat' dir='ltr'>fuere</span> <span class='ocrx_word' id='word_1_42' title='bbox 1374 380 1596 437; x_wconf 77' lang='lat' dir='ltr'>principes,</span> <span class='ocrx_word' id='word_1_43' title='bbox 1615 380 1777 429; x_wconf 83' lang='lat' dir='ltr'>statuit,</span> 
     </span>
     <span class='ocr_line' id='line_1_13' title="bbox 374 436 1783 499; baseline -0.004 -17"><span class='ocrx_word' id='word_1_44' title='bbox 374 442 571 499; x_wconf 89' lang='lat' dir='ltr'>quoniam</span> <span class='ocrx_word' id='word_1_45' title='bbox 599 440 696 482; x_wconf 90' lang='lat' dir='ltr'>satis</span> <span class='ocrx_word' id='word_1_46' title='bbox 716 448 757 481; x_wconf 90' lang='lat' dir='ltr'>et</span> <span class='ocrx_word' id='word_1_47' title='bbox 779 453 950 479; x_wconf 87' lang='lat' dir='ltr'>suorum</span> <span class='ocrx_word' id='word_1_48' title='bbox 971 453 995 478; x_wconf 87' lang='lat' dir='ltr'>a</span> <span class='ocrx_word' id='word_1_49' title='bbox 1025 437 1184 493; x_wconf 88' lang='lat' dir='ltr'>pudore</span> <span class='ocrx_word' id='word_1_50' title='bbox 1214 438 1434 479; x_wconf 78' lang='lat' dir='ltr'>maritimae</span> <span class='ocrx_word' id='word_1_51' title='bbox 1464 436 1700 493; x_wconf 80' lang='lat' dir='ltr'>ignominiae</span> <span class='ocrx_word' id='word_1_52' title='bbox 1721 452 1783 476; x_wconf 91' lang='lat' dir='ltr'>re-</span> 
     </span>
     <span class='ocr_line' id='line_1_14' title="bbox 375 494 1783 546; baseline -0.005 -6"><span class='ocrx_word' id='word_1_53' title='bbox 375 498 512 540; x_wconf 83' lang='lat' dir='ltr'>stituti</span> <span class='ocrx_word' id='word_1_54' title='bbox 535 497 674 546; x_wconf 87' lang='lat' dir='ltr'>animi,</span> <span class='ocrx_word' id='word_1_55' title='bbox 696 504 737 537; x_wconf 88' lang='lat' dir='ltr'>et</span> <span class='ocrx_word' id='word_1_56' title='bbox 757 495 940 535; x_wconf 81' lang='lat' dir='ltr'>hostium</span> <span class='ocrx_word' id='word_1_57' title='bbox 963 494 1173 534; x_wconf 83' lang='lat' dir='ltr'>conterriti</span> <span class='ocrx_word' id='word_1_58' title='bbox 1195 503 1343 544; x_wconf 82' lang='lat' dir='ltr'>essent,</span> <span class='ocrx_word' id='word_1_59' title='bbox 1365 495 1418 536; x_wconf 89' lang='lat' dir='ltr'>ad</span> <span class='ocrx_word' id='word_1_60' title='bbox 1440 494 1783 535; x_wconf 80' lang='lat' dir='ltr'>Lacedaemonem</span> 
     </span>
     <span class='ocr_line' id='line_1_15' title="bbox 375 550 1784 607; baseline -0.006 -10"><span class='ocrx_word' id='word_1_61' title='bbox 375 555 551 596; x_wconf 84' lang='lat' dir='ltr'>ducere:</span> <span class='ocrx_word' id='word_1_62' title='bbox 589 569 637 594; x_wconf 90' lang='lat' dir='ltr'>eo</span> <span class='ocrx_word' id='word_1_63' title='bbox 670 552 794 593; x_wconf 88' lang='lat' dir='ltr'>modo</span> <span class='ocrx_word' id='word_1_64' title='bbox 830 566 913 591; x_wconf 90' lang='lat' dir='ltr'>uno</span> <span class='ocrx_word' id='word_1_65' title='bbox 948 558 1064 591; x_wconf 82' lang='lat' dir='ltr'>ratus</span> <span class='ocrx_word' id='word_1_66' title='bbox 1098 551 1151 591; x_wconf 90' lang='lat' dir='ltr'>ab</span> <span class='ocrx_word' id='word_1_67' title='bbox 1186 551 1398 592; x_wconf 86' lang='lat' dir='ltr'>obsidione</span> <span class='ocrx_word' id='word_1_68' title='bbox 1432 550 1582 607; x_wconf 81' lang='lat' dir='ltr'>Gythii</span> <span class='ocrx_word' id='word_1_69' title='bbox 1622 550 1784 590; x_wconf 84' lang='lat' dir='ltr'>hostem</span> 
     </span>
     <span class='ocr_line' id='line_1_16' title="bbox 376 606 1785 666; baseline -0.005 -13"><span class='ocrx_word' id='word_1_70' title='bbox 376 611 528 653; x_wconf 90' lang='lat' dir='ltr'>abduci</span> <span class='ocrx_word' id='word_1_71' title='bbox 548 625 679 666; x_wconf 88' lang='lat' dir='ltr'>posse.</span> <span class='ocrx_word' id='word_1_72' title='bbox 739 607 812 648; x_wconf 88' lang='lat' dir='ltr'>Ad</span> <span class='ocrx_word' id='word_1_73' title='bbox 833 606 864 630; x_wconf 84' lang='lat'>⁹¹</span> <span class='ocrx_word' id='word_1_74' title='bbox 881 608 1038 663; x_wconf 79' lang='lat' dir='ltr'>Caryas</span> <span class='ocrx_word' id='word_1_75' title='bbox 1058 606 1239 662; x_wconf 89' lang='lat' dir='ltr'>primum</span> <span class='ocrx_word' id='word_1_76' title='bbox 1256 608 1298 648; x_wconf 89' lang='lat' dir='ltr'>in</span> <span class='ocrx_word' id='word_1_77' title='bbox 1318 607 1502 649; x_wconf 88' lang='lat' dir='ltr'>hostium</span> <span class='ocrx_word' id='word_1_78' title='bbox 1518 616 1629 649; x_wconf 88' lang='lat' dir='ltr'>terra</span> <span class='ocrx_word' id='word_1_79' title='bbox 1644 606 1785 662; x_wconf 87' lang='lat' dir='ltr'>posuit</span> 
     </span>
     <span class='ocr_line' id='line_1_17' title="bbox 377 663 1785 720; baseline -0.006 -10"><span class='ocrx_word' id='word_1_80' title='bbox 377 677 522 710; x_wconf 87' lang='lat' dir='ltr'>castra.</span> <span class='ocrx_word' id='word_1_81' title='bbox 584 667 650 707; x_wconf 90' lang='lat' dir='ltr'>Eo</span> <span class='ocrx_word' id='word_1_82' title='bbox 684 664 776 720; x_wconf 89' lang='lat' dir='ltr'>ipso</span> <span class='ocrx_word' id='word_1_83' title='bbox 809 663 875 704; x_wconf 91' lang='lat' dir='ltr'>die</span> <span class='ocrx_word' id='word_1_84' title='bbox 905 663 1114 719; x_wconf 88' lang='lat' dir='ltr'>Gythium</span> <span class='ocrx_word' id='word_1_85' title='bbox 1147 673 1434 719; x_wconf 87' lang='lat' dir='ltr'>expugnatum</span> <span class='ocrx_word' id='word_1_86' title='bbox 1467 672 1540 705; x_wconf 88' lang='lat' dir='ltr'>est.</span> <span class='ocrx_word' id='word_1_87' title='bbox 1572 665 1693 719; x_wconf 82' lang='lat' dir='ltr'>cujus</span> <span class='ocrx_word' id='word_1_88' title='bbox 1727 663 1785 702; x_wconf 89' lang='lat' dir='ltr'>rei</span> 
     </span>
     <span class='ocr_line' id='line_1_18' title="bbox 378 719 1786 780; baseline -0.004 -15"><span class='ocrx_word' id='word_1_89' title='bbox 378 725 548 780; x_wconf 85' lang='lat' dir='ltr'>ignarus</span> <span class='ocrx_word' id='word_1_90' title='bbox 583 721 888 777; x_wconf 85' lang='lat' dir='ltr'>Philopoemen,</span> <span class='ocrx_word' id='word_1_91' title='bbox 925 728 1059 760; x_wconf 87' lang='lat' dir='ltr'>castra</span> <span class='ocrx_word' id='word_1_92' title='bbox 1098 719 1151 760; x_wconf 87' lang='lat' dir='ltr'>ad</span> <span class='ocrx_word' id='word_1_93' title='bbox 1187 721 1515 762; x_wconf 86' lang='lat' dir='ltr'>Barbosthenem</span> <span class='ocrx_word' id='word_1_94' title='bbox 1549 721 1686 773; x_wconf 86' lang='lat' dir='ltr'>(mons</span> <span class='ocrx_word' id='word_1_95' title='bbox 1725 727 1786 760; x_wconf 88' lang='lat' dir='ltr'>est</span> 
     </span>
     <span class='ocr_line' id='line_1_19' title="bbox 379 776 1788 833; baseline -0.004 -12"><span class='ocrx_word' id='word_1_96' title='bbox 379 782 520 821; x_wconf 87' lang='lat' dir='ltr'>decem</span> <span class='ocrx_word' id='word_1_97' title='bbox 540 778 670 819; x_wconf 89' lang='lat' dir='ltr'>millia</span> <span class='ocrx_word' id='word_1_98' title='bbox 698 791 898 833; x_wconf 86' lang='lat' dir='ltr'>passuum</span> <span class='ocrx_word' id='word_1_99' title='bbox 928 777 980 817; x_wconf 86' lang='lat' dir='ltr'>ab</span> <span class='ocrx_word' id='word_1_100' title='bbox 1003 776 1322 830; x_wconf 82' lang='lat' dir='ltr'>Lacedaemone)</span> <span class='ocrx_word' id='word_1_101' title='bbox 1344 777 1563 832; x_wconf 89' lang='lat' dir='ltr'>promovit.</span> <span class='ocrx_word' id='word_1_102' title='bbox 1623 778 1682 818; x_wconf 89' lang='lat' dir='ltr'>Et</span> <span class='ocrx_word' id='word_1_103' title='bbox 1705 777 1788 816; x_wconf 84' lang='lat' dir='ltr'>Na-</span> 
     </span>
     <span class='ocr_line' id='line_1_20' title="bbox 377 833 1787 892; baseline -0.003 -15"><span class='ocrx_word' id='word_1_104' title='bbox 377 837 456 887; x_wconf 90' lang='lat' dir='ltr'>bis,</span> <span class='ocrx_word' id='word_1_105' title='bbox 478 843 645 892; x_wconf 88' lang='lat' dir='ltr'>recepto</span> <span class='ocrx_word' id='word_1_106' title='bbox 667 833 843 891; x_wconf 84' lang='lat' dir='ltr'>Gythio,</span> <span class='ocrx_word' id='word_1_107' title='bbox 866 848 960 874; x_wconf 90' lang='lat' dir='ltr'>cum</span> <span class='ocrx_word' id='word_1_108' title='bbox 991 833 1188 888; x_wconf 87' lang='lat' dir='ltr'>expedito</span> <span class='ocrx_word' id='word_1_109' title='bbox 1218 834 1405 874; x_wconf 87' lang='lat' dir='ltr'>exercitu</span> <span class='ocrx_word' id='word_1_110' title='bbox 1434 833 1530 873; x_wconf 88' lang='lat' dir='ltr'>inde</span> <span class='ocrx_word' id='word_1_111' title='bbox 1559 833 1787 890; x_wconf 87' lang='lat' dir='ltr'>profectus,</span> 
     </span>
     <span class='ocr_line' id='line_1_21' title="bbox 379 889 1789 950; baseline -0.003 -16"><span class='ocrx_word' id='word_1_112' title='bbox 379 908 512 950; x_wconf 91' lang='lat' dir='ltr'>quum</span> <span class='ocrx_word' id='word_1_113' title='bbox 532 899 688 949; x_wconf 83' lang='lat' dir='ltr'>praeter</span> <span class='ocrx_word' id='word_1_114' title='bbox 705 890 1046 932; x_wconf 80' lang='lat' dir='ltr'>Lacedaemonem</span> <span class='ocrx_word' id='word_1_115' title='bbox 1063 889 1213 946; x_wconf 82' lang='lat' dir='ltr'>raptim</span> <span class='ocrx_word' id='word_1_116' title='bbox 1231 889 1434 939; x_wconf 85' lang='lat' dir='ltr'>duxisset,</span> <span class='ocrx_word' id='word_1_117' title='bbox 1455 889 1489 914; x_wconf 64' lang='lat'>⁹2</span> <span class='ocrx_word' id='word_1_118' title='bbox 1502 890 1655 945; x_wconf 89' lang='lat' dir='ltr'>Pyrrhi</span> <span class='ocrx_word' id='word_1_119' title='bbox 1674 890 1789 945; x_wconf 86' lang='lat' dir='ltr'>(quae</span> 
     </span>
     <span class='ocr_line' id='line_1_22' title="bbox 379 946 1789 1004; baseline -0.003 -13"><span class='ocrx_word' id='word_1_120' title='bbox 379 952 549 1004; x_wconf 85' lang='lat' dir='ltr'>vocant)</span> <span class='ocrx_word' id='word_1_121' title='bbox 592 956 727 990; x_wconf 83' lang='lat' dir='ltr'>castra</span> <span class='ocrx_word' id='word_1_122' title='bbox 764 946 1007 1003; x_wconf 85' lang='lat' dir='ltr'>occupavit:</span> <span class='ocrx_word' id='word_1_123' title='bbox 1050 961 1175 1002; x_wconf 89' lang='lat' dir='ltr'>quem</span> <span class='ocrx_word' id='word_1_124' title='bbox 1213 947 1301 1002; x_wconf 89' lang='lat' dir='ltr'>peti</span> <span class='ocrx_word' id='word_1_125' title='bbox 1341 947 1478 988; x_wconf 89' lang='lat' dir='ltr'>locum</span> <span class='ocrx_word' id='word_1_126' title='bbox 1518 947 1571 987; x_wconf 89' lang='lat' dir='ltr'>ab</span> <span class='ocrx_word' id='word_1_127' title='bbox 1607 946 1789 996; x_wconf 81' lang='lat' dir='ltr'>Achaeis,</span> 
     </span>
     <span class='ocr_line' id='line_1_23' title="bbox 380 1003 1792 1048; baseline -0.004 0"><span class='ocrx_word' id='word_1_128' title='bbox 380 1021 464 1048; x_wconf 92' lang='lat' dir='ltr'>non</span> <span class='ocrx_word' id='word_1_129' title='bbox 493 1005 729 1047; x_wconf 86' lang='lat' dir='ltr'>dubitabat.</span> <span class='ocrx_word' id='word_1_130' title='bbox 757 1004 854 1046; x_wconf 88' lang='lat' dir='ltr'>inde</span> <span class='ocrx_word' id='word_1_131' title='bbox 884 1003 1075 1045; x_wconf 85' lang='lat' dir='ltr'>hostibus</span> <span class='ocrx_word' id='word_1_132' title='bbox 1104 1003 1304 1045; x_wconf 86' lang='lat' dir='ltr'>obcurrit.</span> <span class='ocrx_word' id='word_1_133' title='bbox 1365 1004 1623 1045; x_wconf 87' lang='lat' dir='ltr'>Obtinebant</span> <span class='ocrx_word' id='word_1_134' title='bbox 1651 1010 1792 1044; x_wconf 88' lang='lat' dir='ltr'>autem</span> 
     </span>
     <span class='ocr_line' id='line_1_24' title="bbox 382 1059 1794 1120; baseline -0.004 -15"><span class='ocrx_word' id='word_1_135' title='bbox 382 1064 506 1120; x_wconf 87' lang='lat' dir='ltr'>longo</span> <span class='ocrx_word' id='word_1_136' title='bbox 536 1062 699 1119; x_wconf 84' lang='lat' dir='ltr'>agmine</span> <span class='ocrx_word' id='word_1_137' title='bbox 728 1068 901 1118; x_wconf 89' lang='lat' dir='ltr'>propter</span> <span class='ocrx_word' id='word_1_138' title='bbox 927 1059 1141 1116; x_wconf 85' lang='lat' dir='ltr'>angustias</span> <span class='ocrx_word' id='word_1_139' title='bbox 1170 1060 1248 1101; x_wconf 89' lang='lat' dir='ltr'>viae</span> <span class='ocrx_word' id='word_1_140' title='bbox 1277 1075 1408 1117; x_wconf 89' lang='lat' dir='ltr'>prope</span> <span class='ocrx_word' id='word_1_141' title='bbox 1443 1060 1630 1116; x_wconf 89' lang='lat' dir='ltr'>quinque</span> <span class='ocrx_word' id='word_1_142' title='bbox 1665 1059 1794 1100; x_wconf 80' lang='lat' dir='ltr'>millia</span> 
     </span>
     <span class='ocr_line' id='line_1_25' title="bbox 380 1116 1795 1177; baseline -0.003 -16"><span class='ocrx_word' id='word_1_143' title='bbox 380 1135 593 1177; x_wconf 86' lang='lat' dir='ltr'>passuum.</span> <span class='ocrx_word' id='word_1_144' title='bbox 635 1119 863 1174; x_wconf 86' lang='lat' dir='ltr'>cogebatur</span> <span class='ocrx_word' id='word_1_145' title='bbox 898 1132 1044 1173; x_wconf 85' lang='lat' dir='ltr'>agmen</span> <span class='ocrx_word' id='word_1_146' title='bbox 1088 1117 1140 1158; x_wconf 92' lang='lat' dir='ltr'>ab</span> <span class='ocrx_word' id='word_1_147' title='bbox 1176 1117 1404 1173; x_wconf 84' lang='lat' dir='ltr'>equitibus,</span> <span class='ocrx_word' id='word_1_148' title='bbox 1438 1116 1472 1141; x_wconf 82' lang='lat'>⁹³</span> <span class='ocrx_word' id='word_1_149' title='bbox 1485 1125 1525 1158; x_wconf 92' lang='lat' dir='ltr'>et</span> <span class='ocrx_word' id='word_1_150' title='bbox 1559 1117 1738 1158; x_wconf 82' lang='lat' dir='ltr'>maxime</span> <span class='ocrx_word' id='word_1_151' title='bbox 1770 1132 1795 1157; x_wconf 89' lang='lat' dir='ltr'>a</span> 
     </span>
     <span class='ocr_line' id='line_1_26' title="bbox 380 1173 1794 1234; baseline -0.003 -16"><span class='ocrx_word' id='word_1_152' title='bbox 380 1185 500 1234; x_wconf 86' lang='lat' dir='ltr'>parte</span> <span class='ocrx_word' id='word_1_153' title='bbox 535 1174 811 1218; x_wconf 85' lang='lat' dir='ltr'>auxiliorum:</span> <span class='ocrx_word' id='word_1_154' title='bbox 858 1174 974 1229; x_wconf 91' lang='lat' dir='ltr'>quod</span> <span class='ocrx_word' id='word_1_155' title='bbox 1014 1173 1278 1215; x_wconf 86' lang='lat' dir='ltr'>existimabat</span> <span class='ocrx_word' id='word_1_156' title='bbox 1314 1173 1618 1230; x_wconf 88' lang='lat' dir='ltr'>Philopoemen,</span> <span class='ocrx_word' id='word_1_157' title='bbox 1653 1182 1794 1229; x_wconf 84' lang='lat' dir='ltr'>tyran-</span> 
     </span>
     <span class='ocr_line' id='line_1_27' title="bbox 381 1229 1796 1286; baseline -0.004 -11"><span class='ocrx_word' id='word_1_158' title='bbox 381 1247 485 1276; x_wconf 90' lang='lat' dir='ltr'>num</span> <span class='ocrx_word' id='word_1_159' title='bbox 525 1232 788 1274; x_wconf 88' lang='lat' dir='ltr'>mercenariis</span> <span class='ocrx_word' id='word_1_160' title='bbox 818 1230 1037 1280; x_wconf 89' lang='lat' dir='ltr'>militibus,</span> <span class='ocrx_word' id='word_1_161' title='bbox 1069 1231 1226 1286; x_wconf 89' lang='lat' dir='ltr'>quibus</span> <span class='ocrx_word' id='word_1_162' title='bbox 1258 1229 1487 1286; x_wconf 88' lang='lat' dir='ltr'>plurimum</span> <span class='ocrx_word' id='word_1_163' title='bbox 1522 1231 1685 1280; x_wconf 89' lang='lat' dir='ltr'>fideret,</span> <span class='ocrx_word' id='word_1_164' title='bbox 1716 1230 1796 1271; x_wconf 84' lang='lat' dir='ltr'>abt</span> 
     </span>
     <span class='ocr_line' id='line_1_28' title="bbox 383 1286 1796 1346; baseline -0.004 -14"><span class='ocrx_word' id='word_1_165' title='bbox 383 1299 503 1346; x_wconf 85' lang='lat' dir='ltr'>tergo</span> <span class='ocrx_word' id='word_1_166' title='bbox 525 1305 621 1331; x_wconf 91' lang='lat' dir='ltr'>suos</span> <span class='ocrx_word' id='word_1_167' title='bbox 641 1288 948 1345; x_wconf 87' lang='lat' dir='ltr'>adgressurum.</span> <span class='ocrx_word' id='word_1_168' title='bbox 1009 1287 1120 1328; x_wconf 86' lang='lat' dir='ltr'>Duae</span> <span class='ocrx_word' id='word_1_169' title='bbox 1149 1302 1214 1328; x_wconf 92' lang='lat' dir='ltr'>res</span> <span class='ocrx_word' id='word_1_170' title='bbox 1245 1287 1367 1328; x_wconf 86' lang='lat' dir='ltr'>simul</span> <span class='ocrx_word' id='word_1_171' title='bbox 1397 1286 1620 1343; x_wconf 75' lang='lat' dir='ltr'>inopinatae</span> <span class='ocrx_word' id='word_1_172' title='bbox 1649 1302 1796 1343; x_wconf 89' lang='lat' dir='ltr'>percu-</span> 
     </span>
     <span class='ocr_line' id='line_1_29' title="bbox 383 1343 1798 1401; baseline -0.003 -13"><span class='ocrx_word' id='word_1_173' title='bbox 383 1347 524 1389; x_wconf 91' lang='lat' dir='ltr'>lerunt</span> <span class='ocrx_word' id='word_1_174' title='bbox 544 1360 664 1387; x_wconf 89' lang='lat' dir='ltr'>eum:</span> <span class='ocrx_word' id='word_1_175' title='bbox 696 1360 794 1395; x_wconf 85' lang='lat' dir='ltr'>una,</span> <span class='ocrx_word' id='word_1_176' title='bbox 816 1352 1148 1401; x_wconf 74' lang='lat' dir='ltr'>praeoccupatus,</span> <span class='ocrx_word' id='word_1_177' title='bbox 1170 1359 1293 1399; x_wconf 90' lang='lat' dir='ltr'>quem</span> <span class='ocrx_word' id='word_1_178' title='bbox 1321 1344 1506 1400; x_wconf 89' lang='lat' dir='ltr'>petebat,</span> <span class='ocrx_word' id='word_1_179' title='bbox 1528 1344 1665 1385; x_wconf 86' lang='lat' dir='ltr'>locus:</span> <span class='ocrx_word' id='word_1_180' title='bbox 1698 1343 1798 1385; x_wconf 83' lang='lat' dir='ltr'>alte-</span> 
     </span>
     <span class='ocr_line' id='line_1_30' title="bbox 384 1400 1798 1460; baseline -0.004 -14"><span class='ocrx_word' id='word_1_181' title='bbox 384 1418 447 1455; x_wconf 87' lang='lat' dir='ltr'>ra,</span> <span class='ocrx_word' id='word_1_182' title='bbox 477 1403 594 1460; x_wconf 89' lang='lat' dir='ltr'>quod</span> <span class='ocrx_word' id='word_1_183' title='bbox 630 1402 767 1459; x_wconf 87' lang='lat' dir='ltr'>primo</span> <span class='ocrx_word' id='word_1_184' title='bbox 806 1401 960 1457; x_wconf 87' lang='lat' dir='ltr'>agmini</span> <span class='ocrx_word' id='word_1_185' title='bbox 999 1401 1230 1442; x_wconf 84' lang='lat' dir='ltr'>obcurrisse</span> <span class='ocrx_word' id='word_1_186' title='bbox 1268 1400 1430 1442; x_wconf 89' lang='lat' dir='ltr'>hostem</span> <span class='ocrx_word' id='word_1_187' title='bbox 1469 1401 1677 1451; x_wconf 86' lang='lat' dir='ltr'>cernebat,</span> <span class='ocrx_word' id='word_1_188' title='bbox 1709 1400 1798 1449; x_wconf 87' lang='lat' dir='ltr'>ubi,</span> 
     </span>
     <span class='ocr_line' id='line_1_31' title="bbox 385 1457 1799 1517; baseline -0.004 -15"><span class='ocrx_word' id='word_1_189' title='bbox 385 1475 520 1517; x_wconf 91' lang='lat' dir='ltr'>quum</span> <span class='ocrx_word' id='word_1_190' title='bbox 555 1474 630 1516; x_wconf 89' lang='lat' dir='ltr'>per</span> <span class='ocrx_word' id='word_1_191' title='bbox 663 1458 754 1500; x_wconf 90' lang='lat' dir='ltr'>loca</span> <span class='ocrx_word' id='word_1_192' title='bbox 782 1458 1026 1513; x_wconf 85' lang='lat' dir='ltr'>confragosa</span> <span class='ocrx_word' id='word_1_193' title='bbox 1058 1457 1138 1498; x_wconf 89' lang='lat' dir='ltr'>iter</span> <span class='ocrx_word' id='word_1_194' title='bbox 1167 1465 1290 1508; x_wconf 87' lang='lat' dir='ltr'>esset,</span> <span class='ocrx_word' id='word_1_195' title='bbox 1319 1458 1405 1498; x_wconf 92' lang='lat' dir='ltr'>sine</span> <span class='ocrx_word' id='word_1_196' title='bbox 1440 1457 1542 1498; x_wconf 87' lang='lat' dir='ltr'>levis</span> <span class='ocrx_word' id='word_1_197' title='bbox 1576 1465 1799 1498; x_wconf 62' lang='lat' dir='ltr'>armaturae</span> 
     </span>
     <span class='ocr_line' id='line_1_32' title="bbox 387 1514 1285 1574; baseline -0.006 -15"><span class='ocrx_word' id='word_1_198' title='bbox 387 1517 584 1574; x_wconf 84' lang='lat' dir='ltr'>praesidio</span> <span class='ocrx_word' id='word_1_199' title='bbox 606 1516 724 1572; x_wconf 87' lang='lat' dir='ltr'>signa</span> <span class='ocrx_word' id='word_1_200' title='bbox 742 1514 842 1556; x_wconf 87' lang='lat' dir='ltr'>ferri</span> <span class='ocrx_word' id='word_1_201' title='bbox 861 1530 943 1555; x_wconf 91' lang='lat' dir='ltr'>non</span> <span class='ocrx_word' id='word_1_202' title='bbox 965 1514 1134 1555; x_wconf 87' lang='lat' dir='ltr'>videbat</span> <span class='ocrx_word' id='word_1_203' title='bbox 1154 1529 1285 1570; x_wconf 86' lang='lat' dir='ltr'>posse.</span> 
     </span>
    </p>

    <p class='ocr_par' dir='ltr' id='par_1_7' title="bbox 387 1569 1817 2426">
     <span class='ocr_line' id='line_1_33' title="bbox 449 1569 1802 1627; baseline -0.003 -12"><span class='ocrx_word' id='word_1_204' title='bbox 449 1573 682 1615; x_wconf 87' lang='lat' dir='ltr'>XXVIII.</span> <span class='ocrx_word' id='word_1_205' title='bbox 714 1573 821 1614; x_wconf 86' lang='lat' dir='ltr'>Erat</span> <span class='ocrx_word' id='word_1_206' title='bbox 836 1579 977 1613; x_wconf 88' lang='lat' dir='ltr'>autem</span> <span class='ocrx_word' id='word_1_207' title='bbox 999 1570 1287 1626; x_wconf 88' lang='lat' dir='ltr'>Philopoemen</span> <span class='ocrx_word' id='word_1_208' title='bbox 1308 1570 1533 1627; x_wconf 86' lang='lat' dir='ltr'>praecipuae</span> <span class='ocrx_word' id='word_1_209' title='bbox 1553 1569 1593 1611; x_wconf 88' lang='lat' dir='ltr'>in</span> <span class='ocrx_word' id='word_1_210' title='bbox 1611 1570 1802 1611; x_wconf 88' lang='lat' dir='ltr'>ducendo</span> 
     </span>
     <span class='ocr_line' id='line_1_34' title="bbox 392 1627 1803 1688; baseline -0.004 -15"><span class='ocrx_word' id='word_1_211' title='bbox 392 1631 556 1688; x_wconf 89' lang='lat' dir='ltr'>agmine</span> <span class='ocrx_word' id='word_1_212' title='bbox 589 1629 773 1686; x_wconf 88' lang='lat' dir='ltr'>locisque</span> <span class='ocrx_word' id='word_1_213' title='bbox 807 1627 1017 1685; x_wconf 88' lang='lat' dir='ltr'>capiendis</span> <span class='ocrx_word' id='word_1_214' title='bbox 1052 1627 1228 1669; x_wconf 77' lang='lat' dir='ltr'>solertiae</span> <span class='ocrx_word' id='word_1_215' title='bbox 1263 1635 1390 1684; x_wconf 88' lang='lat' dir='ltr'>atque</span> <span class='ocrx_word' id='word_1_216' title='bbox 1425 1643 1549 1668; x_wconf 88' lang='lat' dir='ltr'>usus:</span> <span class='ocrx_word' id='word_1_217' title='bbox 1591 1642 1665 1668; x_wconf 91' lang='lat' dir='ltr'>nec</span> <span class='ocrx_word' id='word_1_218' title='bbox 1704 1627 1803 1668; x_wconf 90' lang='lat' dir='ltr'>belli</span> 
     </span>
     <span class='ocr_line' id='line_1_35' title="bbox 393 1683 1805 1743; baseline -0.004 -13"><span class='ocrx_word' id='word_1_219' title='bbox 393 1696 559 1731; x_wconf 85' lang='lat' dir='ltr'>tantum</span> <span class='ocrx_word' id='word_1_220' title='bbox 588 1686 861 1743; x_wconf 90' lang='lat' dir='ltr'>temporibus,</span> <span class='ocrx_word' id='word_1_221' title='bbox 884 1684 956 1725; x_wconf 91' lang='lat' dir='ltr'>sed</span> <span class='ocrx_word' id='word_1_222' title='bbox 986 1683 1109 1725; x_wconf 88' lang='lat' dir='ltr'>etiam</span> <span class='ocrx_word' id='word_1_223' title='bbox 1133 1684 1175 1725; x_wconf 93' lang='lat' dir='ltr'>in</span> <span class='ocrx_word' id='word_1_224' title='bbox 1205 1699 1320 1740; x_wconf 86' lang='lat' dir='ltr'>pace,</span> <span class='ocrx_word' id='word_1_225' title='bbox 1342 1684 1396 1725; x_wconf 89' lang='lat' dir='ltr'>ad</span> <span class='ocrx_word' id='word_1_226' title='bbox 1430 1684 1474 1725; x_wconf 92' lang='lat' dir='ltr'>id</span> <span class='ocrx_word' id='word_1_227' title='bbox 1507 1684 1687 1725; x_wconf 83' lang='lat' dir='ltr'>maxime</span> <span class='ocrx_word' id='word_1_228' title='bbox 1716 1683 1805 1724; x_wconf 88' lang='lat' dir='ltr'>ani-</span> 
     </span>
     <span class='ocr_line' id='line_1_36' title="bbox 387 1740 1806 1797; baseline -0.004 -11"><span class='ocrx_word' id='word_1_229' title='bbox 387 1759 510 1787; x_wconf 89' lang='lat' dir='ltr'>mum</span> <span class='ocrx_word' id='word_1_230' title='bbox 545 1750 799 1785; x_wconf 86' lang='lat' dir='ltr'>exercuerat.</span> <span class='ocrx_word' id='word_1_231' title='bbox 860 1741 945 1782; x_wconf 93' lang='lat' dir='ltr'>Ubi</span> <span class='ocrx_word' id='word_1_232' title='bbox 986 1741 1067 1782; x_wconf 89' lang='lat' dir='ltr'>iter</span> <span class='ocrx_word' id='word_1_233' title='bbox 1100 1742 1297 1797; x_wconf 89' lang='lat' dir='ltr'>quopiam</span> <span class='ocrx_word' id='word_1_234' title='bbox 1338 1742 1507 1790; x_wconf 88' lang='lat' dir='ltr'>faceret,</span> <span class='ocrx_word' id='word_1_235' title='bbox 1539 1749 1580 1782; x_wconf 88' lang='lat' dir='ltr'>et</span> <span class='ocrx_word' id='word_1_236' title='bbox 1612 1741 1666 1782; x_wconf 88' lang='lat' dir='ltr'>ad</span> <span class='ocrx_word' id='word_1_237' title='bbox 1701 1740 1806 1782; x_wconf 84' lang='lat' dir='ltr'>diffi-</span> 
     </span>
     <span class='ocr_line' id='line_1_37' title="bbox 396 1797 1806 1854; baseline -0.004 -11"><span class='ocrx_word' id='word_1_238' title='bbox 396 1802 516 1844; x_wconf 90' lang='lat' dir='ltr'>cilem</span> <span class='ocrx_word' id='word_1_239' title='bbox 545 1799 724 1842; x_wconf 88' lang='lat' dir='ltr'>transitu</span> <span class='ocrx_word' id='word_1_240' title='bbox 755 1799 907 1841; x_wconf 87' lang='lat' dir='ltr'>saltum</span> <span class='ocrx_word' id='word_1_241' title='bbox 926 1797 1119 1847; x_wconf 87' lang='lat' dir='ltr'>venisset,</span> <span class='ocrx_word' id='word_1_242' title='bbox 1140 1798 1444 1854; x_wconf 88' lang='lat' dir='ltr'>contemplatus</span> <span class='ocrx_word' id='word_1_243' title='bbox 1473 1798 1526 1838; x_wconf 85' lang='lat' dir='ltr'>ab</span> <span class='ocrx_word' id='word_1_244' title='bbox 1546 1798 1657 1838; x_wconf 91' lang='lat' dir='ltr'>omni</span> <span class='ocrx_word' id='word_1_245' title='bbox 1687 1807 1806 1854; x_wconf 84' lang='lat' dir='ltr'>parte</span> 
     </span>
     <span class='ocr_line' id='line_1_38' title="bbox 396 1854 1807 1912; baseline -0.004 -12"><span class='ocrx_word' id='word_1_246' title='bbox 396 1858 476 1900; x_wconf 86' lang='lat' dir='ltr'>loci</span> <span class='ocrx_word' id='word_1_247' title='bbox 496 1865 705 1907; x_wconf 88' lang='lat' dir='ltr'>naturam,</span> <span class='ocrx_word' id='word_1_248' title='bbox 725 1855 759 1881; x_wconf 75' lang='lat'>⁹⁴¹</span> <span class='ocrx_word' id='word_1_249' title='bbox 772 1870 904 1912; x_wconf 90' lang='lat' dir='ltr'>quum</span> <span class='ocrx_word' id='word_1_250' title='bbox 939 1854 1050 1895; x_wconf 87' lang='lat' dir='ltr'>solus</span> <span class='ocrx_word' id='word_1_251' title='bbox 1084 1855 1197 1905; x_wconf 76' lang='lat' dir='ltr'>iret⁰‚</span> <span class='ocrx_word' id='word_1_252' title='bbox 1220 1869 1356 1895; x_wconf 89' lang='lat' dir='ltr'>secum</span> <span class='ocrx_word' id='word_1_253' title='bbox 1393 1854 1480 1910; x_wconf 86' lang='lat' dir='ltr'>ipse</span> <span class='ocrx_word' id='word_1_254' title='bbox 1509 1854 1695 1909; x_wconf 87' lang='lat' dir='ltr'>agitabat</span> <span class='ocrx_word' id='word_1_255' title='bbox 1722 1854 1807 1895; x_wconf 87' lang='lat' dir='ltr'>ani-</span> 
     </span>
     <span class='ocr_line' id='line_1_39' title="bbox 398 1911 1808 1970; baseline -0.004 -14"><span class='ocrx_word' id='word_1_256' title='bbox 398 1930 495 1964; x_wconf 77' lang='lat' dir='ltr'>mo3</span> <span class='ocrx_word' id='word_1_257' title='bbox 528 1928 662 1970; x_wconf 87' lang='lat' dir='ltr'>quum</span> <span class='ocrx_word' id='word_1_258' title='bbox 696 1914 865 1955; x_wconf 88' lang='lat' dir='ltr'>comites</span> <span class='ocrx_word' id='word_1_259' title='bbox 898 1911 1085 1961; x_wconf 85' lang='lat' dir='ltr'>haberet,</span> <span class='ocrx_word' id='word_1_260' title='bbox 1116 1911 1168 1952; x_wconf 89' lang='lat' dir='ltr'>ab</span> <span class='ocrx_word' id='word_1_261' title='bbox 1198 1911 1248 1952; x_wconf 90' lang='lat' dir='ltr'>iis</span> <span class='ocrx_word' id='word_1_262' title='bbox 1274 1911 1505 1967; x_wconf 78' lang='lat' dir='ltr'>quaerebat,</span> <span class='ocrx_word' id='word_1_263' title='bbox 1535 1911 1578 1952; x_wconf 68' lang='lat' dir='ltr'>Si</span> <span class='ocrx_word' id='word_1_264' title='bbox 1608 1912 1734 1953; x_wconf 80' lang='lat' dir='ltr'>hostis</span> <span class='ocrx_word' id='word_1_265' title='bbox 1763 1925 1808 1951; x_wconf 87' lang='lat' dir='ltr'>eo</span> 
     </span>
     <span class='ocr_line' id='line_1_40' title="bbox 398 1967 1810 2024; baseline -0.003 -12"><span class='ocrx_word' id='word_1_266' title='bbox 398 1974 485 2013; x_wconf 82' lang='lat' dir='ltr'>loco</span> <span class='ocrx_word' id='word_1_267' title='bbox 513 1971 784 2024; x_wconf 76' lang='lat' dir='ltr'>adparuisset,</span> <span class='ocrx_word' id='word_1_268' title='bbox 807 1970 920 2024; x_wconf 79' lang='lat' dir='ltr'>quid,</span> <span class='ocrx_word' id='word_1_269' title='bbox 940 1969 977 2010; x_wconf 86' lang='lat' dir='ltr'>si</span> <span class='ocrx_word' id='word_1_270' title='bbox 1003 1983 1028 2008; x_wconf 84' lang='lat' dir='ltr'>a</span> <span class='ocrx_word' id='word_1_271' title='bbox 1042 1968 1205 2022; x_wconf 81' lang='lat' dir='ltr'>fronte,</span> <span class='ocrx_word' id='word_1_272' title='bbox 1228 1969 1337 2022; x_wconf 78' lang='lat' dir='ltr'>quid,</span> <span class='ocrx_word' id='word_1_273' title='bbox 1360 1969 1398 2009; x_wconf 84' lang='lat' dir='ltr'>si</span> <span class='ocrx_word' id='word_1_274' title='bbox 1421 1967 1472 2008; x_wconf 79' lang='grc' dir='ltr'><em>αό</em></span> <span class='ocrx_word' id='word_1_275' title='bbox 1501 1970 1629 2009; x_wconf 80' lang='lat' dir='ltr'>latere</span> <span class='ocrx_word' id='word_1_276' title='bbox 1648 1970 1720 2009; x_wconf 80' lang='lat' dir='ltr'>lzoc</span> <span class='ocrx_word' id='word_1_277' title='bbox 1739 1975 1810 2009; x_wconf 80' lang='lat' dir='ltr'>aut</span> 
     </span>
     <span class='ocr_line' id='line_1_41' title="bbox 401 2025 1811 2083; baseline -0.003 -13"><span class='ocrx_word' id='word_1_278' title='bbox 401 2030 488 2079; x_wconf 83' lang='lat' dir='ltr'>illo,</span> <span class='ocrx_word' id='word_1_279' title='bbox 520 2029 630 2083; x_wconf 80' lang='lat' dir='ltr'>quid,</span> <span class='ocrx_word' id='word_1_280' title='bbox 661 2029 698 2069; x_wconf 86' lang='lat' dir='ltr'>si</span> <span class='ocrx_word' id='word_1_281' title='bbox 725 2028 777 2067; x_wconf 79' lang='lat' dir='ltr'>ab</span> <span class='ocrx_word' id='word_1_282' title='bbox 806 2033 919 2081; x_wconf 75' lang='lat' dir='ltr'>tergo</span> <span class='ocrx_word' id='word_1_283' title='bbox 946 2025 1189 2075; x_wconf 81' lang='lat' dir='ltr'>adoriretur,</span> <span class='ocrx_word' id='word_1_284' title='bbox 1219 2025 1455 2079; x_wconf 79' lang='lat' dir='ltr'>capiendum</span> <span class='ocrx_word' id='word_1_285' title='bbox 1484 2026 1646 2066; x_wconf 79' lang='lat' dir='ltr'>consilii</span> <span class='ocrx_word' id='word_1_286' title='bbox 1657 2027 1811 2080; x_wconf 77' lang='lat' dir='ltr'>foret?</span> 
     </span>
     <span class='ocr_line' id='line_1_42' title="bbox 403 2084 1814 2137; baseline -0.004 -10"><span class='ocrx_word' id='word_1_287' title='bbox 403 2087 529 2128; x_wconf 86' lang='lat' dir='ltr'>Posse</span> <span class='ocrx_word' id='word_1_288' title='bbox 559 2087 771 2126; x_wconf 77' lang='lat' dir='ltr'>instructos</span> <span class='ocrx_word' id='word_1_289' title='bbox 799 2091 908 2125; x_wconf 85' lang='lat' dir='ltr'>recta</span> <span class='ocrx_word' id='word_1_290' title='bbox 939 2084 1038 2131; x_wconf 80' lang='lat' dir='ltr'>acie,</span> <span class='ocrx_word' id='word_1_291' title='bbox 1058 2097 1177 2136; x_wconf 72' lang='lat' dir='ltr'>posse</span> <span class='ocrx_word' id='word_1_292' title='bbox 1205 2084 1449 2123; x_wconf 78' lang='lat' dir='ltr'>inconditum</span> <span class='ocrx_word' id='word_1_293' title='bbox 1480 2096 1634 2137; x_wconf 80' lang='lat' dir='ltr'>agmen,</span> <span class='ocrx_word' id='word_1_294' title='bbox 1657 2090 1694 2123; x_wconf 86' lang='lat' dir='ltr'>et</span> <span class='ocrx_word' id='word_1_295' title='bbox 1723 2090 1814 2124; x_wconf 82' lang='lat' dir='ltr'>tan-</span> 
     </span>
     <span class='ocr_line' id='line_1_43' title="bbox 405 2139 1816 2195; baseline -0.003 -11"><span class='ocrx_word' id='word_1_296' title='bbox 405 2143 602 2184; x_wconf 76' lang='lat' dir='ltr'>tummodo</span> <span class='ocrx_word' id='word_1_297' title='bbox 633 2149 770 2195; x_wconf 79' lang='lat' dir='ltr'>aptum</span> <span class='ocrx_word' id='word_1_298' title='bbox 804 2142 890 2190; x_wconf 74' lang='lat' dir='ltr'>vice,</span> <span class='ocrx_word' id='word_1_299' title='bbox 919 2140 1135 2181; x_wconf 76' lang='lat' dir='ltr'>obcurrere.</span> <span class='ocrx_word' id='word_1_300' title='bbox 1198 2139 1320 2188; x_wconf 74' lang='lat' dir='ltr'>Quem</span> <span class='ocrx_word' id='word_1_301' title='bbox 1353 2142 1474 2180; x_wconf 80' lang='lat' dir='ltr'>locum</span> <span class='ocrx_word' id='word_1_302' title='bbox 1507 2142 1593 2193; x_wconf 78' lang='lat' dir='ltr'>ipse</span> <span class='ocrx_word' id='word_1_303' title='bbox 1626 2147 1816 2192; x_wconf 77' lang='lat' dir='ltr'>capturus</span> 
     </span>
     <span class='ocr_line' id='line_1_44' title="bbox 408 2197 1814 2255; baseline -0.003 -15"><span class='ocrx_word' id='word_1_304' title='bbox 408 2207 519 2250; x_wconf 85' lang='lat' dir='ltr'>esset,</span> <span class='ocrx_word' id='word_1_305' title='bbox 545 2198 765 2255; x_wconf 89' lang='lat' dir='ltr'>cogitando</span> <span class='ocrx_word' id='word_1_306' title='bbox 795 2205 868 2240; x_wconf 88' lang='lat' dir='ltr'>aut</span> <span class='ocrx_word' id='word_1_307' title='bbox 899 2197 1124 2253; x_wconf 80' lang='lat' dir='ltr'>quaerendo</span> <span class='ocrx_word' id='word_1_308' title='bbox 1153 2198 1488 2252; x_wconf 75' lang='lat' dir='ltr'>exsequebatur3</span> <span class='ocrx_word' id='word_1_309' title='bbox 1521 2203 1593 2237; x_wconf 82' lang='lat' dir='ltr'>aut</span> <span class='ocrx_word' id='word_1_310' title='bbox 1623 2204 1716 2250; x_wconf 80' lang='lat' dir='ltr'>quot</span> <span class='ocrx_word' id='word_1_311' title='bbox 1745 2211 1814 2237; x_wconf 86' lang='grc' dir='ltr'>αν-</span> 
     </span>
     <span class='ocr_line' id='line_1_45' title="bbox 408 2254 1814 2311; baseline -0.002 -13"><span class='ocrx_word' id='word_1_312' title='bbox 408 2258 542 2306; x_wconf 80' lang='lat' dir='ltr'>matis,</span> <span class='ocrx_word' id='word_1_313' title='bbox 573 2263 645 2297; x_wconf 80' lang='lat' dir='ltr'>aut</span> <span class='ocrx_word' id='word_1_314' title='bbox 680 2270 754 2311; x_wconf 84' lang='lat' dir='ltr'>quo</span> <span class='ocrx_word' id='word_1_315' title='bbox 789 2269 938 2310; x_wconf 80' lang='lat' dir='ltr'>genere</span> <span class='ocrx_word' id='word_1_316' title='bbox 970 2269 1169 2295; x_wconf 82' lang='lat' dir='ltr'>armorum</span> <span class='ocrx_word' id='word_1_317' title='bbox 1201 2255 1438 2307; x_wconf 81' lang='lat' dir='ltr'>(plurimum</span> <span class='ocrx_word' id='word_1_318' title='bbox 1473 2256 1576 2295; x_wconf 81' lang='lat' dir='ltr'>enim</span> <span class='ocrx_word' id='word_1_319' title='bbox 1612 2254 1814 2305; x_wconf 78' lang='lat' dir='ltr'>interesse)</span> 
     </span>
     <span class='ocr_line' id='line_1_46' title="bbox 409 2312 1817 2368; baseline -0.002 -14"><span class='ocrx_word' id='word_1_320' title='bbox 409 2327 549 2355; x_wconf 83' lang='lat' dir='ltr'>usurus</span> <span class='ocrx_word' id='word_1_321' title='bbox 556 2335 570 2359; x_wconf 85' lang='lat'>‚·</span> <span class='ocrx_word' id='word_1_322' title='bbox 604 2328 680 2368; x_wconf 83' lang='lat' dir='ltr'>quo</span> <span class='ocrx_word' id='word_1_323' title='bbox 711 2312 996 2366; x_wconf 77' lang='lat' dir='ltr'>inpedimenta,</span> <span class='ocrx_word' id='word_1_324' title='bbox 1018 2326 1096 2366; x_wconf 80' lang='lat' dir='ltr'>quo</span> <span class='ocrx_word' id='word_1_325' title='bbox 1122 2313 1318 2361; x_wconf 81' lang='lat' dir='ltr'>sarcinas,</span> <span class='ocrx_word' id='word_1_326' title='bbox 1341 2326 1416 2366; x_wconf 82' lang='lat' dir='ltr'>quo</span> <span class='ocrx_word' id='word_1_327' title='bbox 1445 2312 1599 2352; x_wconf 77' lang='lat' dir='ltr'>turham</span> <span class='ocrx_word' id='word_1_328' title='bbox 1631 2313 1817 2352; x_wconf 79' lang='lat' dir='ltr'>inermem</span> 
     </span>
     <span class='ocr_line' id='line_1_47' title="bbox 411 2369 1816 2426; baseline -0.001 -15"><span class='ocrx_word' id='word_1_329' title='bbox 411 2370 614 2425; x_wconf 50' lang='lat' dir='ltr'>rejiceret,-</span> <span class='ocrx_word' id='word_1_330' title='bbox 645 2377 794 2426; x_wconf 79' lang='lat' dir='ltr'>quanto</span> <span class='ocrx_word' id='word_1_331' title='bbox 823 2385 886 2421; x_wconf 78' lang='lat' dir='ltr'>ea,</span> <span class='ocrx_word' id='word_1_332' title='bbox 907 2375 977 2409; x_wconf 80' lang='lat' dir='ltr'>aut</span> <span class='ocrx_word' id='word_1_333' title='bbox 1007 2369 1121 2423; x_wconf 83' lang='lat' dir='ltr'>quali</span> <span class='ocrx_word' id='word_1_334' title='bbox 1141 2370 1338 2422; x_wconf 65' lang='lat' dir='ltr'>praesidio</span> <span class='ocrx_word' id='word_1_335' title='bbox 1356 2370 1571 2409; x_wconf 79' lang='lat' dir='ltr'>custodiret</span> <span class='ocrx_word' id='word_1_336' title='bbox 1580 2390 1593 2414; x_wconf 91' lang='lat'><em>;</em></span> <span class='ocrx_word' id='word_1_337' title='bbox 1627 2376 1665 2409; x_wconf 76' lang='lat' dir='ltr'>ec</span> <span class='ocrx_word' id='word_1_338' title='bbox 1685 2376 1816 2409; x_wconf 80' lang='lat' dir='ltr'>utrum</span> 
     </span>
    </p>
   </div>
   <div class='ocr_carea' id='block_1_7' title="bbox 840 2468 1393 2499">
    <p class='ocr_par' dir='ltr' id='par_1_8' title="bbox 840 2468 1393 2499">
     <span class='ocr_line' id='line_1_48' title="bbox 840 2468 1393 2499; baseline 0 -1"><span class='ocrx_word' id='word_1_339' title='bbox 840 2470 849 2490; x_wconf 87' lang='lat' dir='ltr'>t</span> <span class='ocrx_word' id='word_1_340' title='bbox 864 2481 881 2498; x_wconf 87' lang='lat' dir='ltr'>a</span> <span class='ocrx_word' id='word_1_341' title='bbox 898 2469 994 2499; x_wconf 78' lang='lat' dir='ltr'>Gron.</span> <span class='ocrx_word' id='word_1_342' title='bbox 1011 2468 1103 2499; x_wconf 80' lang='lat' dir='ltr'>Crev.</span> <span class='ocrx_word' id='word_1_343' title='bbox 1189 2471 1204 2489; x_wconf 79' lang='lat'>²¹</span> <span class='ocrx_word' id='word_1_344' title='bbox 1218 2475 1281 2499; x_wconf 78' lang='lat' dir='ltr'>erat</span> <span class='ocrx_word' id='word_1_345' title='bbox 1296 2469 1393 2499; x_wconf 83' lang='lat' dir='ltr'>Gron.</span> 
     </span>
    </p>
   </div>
   <div class='ocr_carea' id='block_1_8' title="bbox 415 2562 1819 2731">
    <p class='ocr_par' dir='ltr' id='par_1_9' title="bbox 415 2562 1819 2731">
     <span class='ocr_line' id='line_1_49' title="bbox 455 2562 1817 2605; baseline -0.002 -9"><span class='ocrx_word' id='word_1_346' title='bbox 455 2566 497 2596; x_wconf 88' lang='lat'>90</span> <span class='ocrx_word' id='word_1_347' title='bbox 523 2564 594 2595; x_wconf 75' lang='lat' dir='ltr'>Inde</span> <span class='ocrx_word' id='word_1_348' title='bbox 624 2564 760 2605; x_wconf 72' lang='lat' dir='ltr'>Tegeam]</span> <span class='ocrx_word' id='word_1_349' title='bbox 808 2563 891 2593; x_wconf 85' lang='lat' dir='ltr'>Olim</span> <span class='ocrx_word' id='word_1_350' title='bbox 928 2562 992 2594; x_wconf 82' lang='lat' dir='ltr'>cusi</span> <span class='ocrx_word' id='word_1_351' title='bbox 1029 2564 1095 2593; x_wconf 80' lang='lat' dir='ltr'>inde</span> <span class='ocrx_word' id='word_1_352' title='bbox 1180 2564 1221 2593; x_wconf 84' lang='lat'>93</span> <span class='ocrx_word' id='word_1_353' title='bbox 1247 2563 1286 2593; x_wconf 74' lang='lat' dir='ltr'>Et</span> <span class='ocrx_word' id='word_1_354' title='bbox 1318 2563 1437 2592; x_wconf 66' lang='lat' dir='ltr'>maxime</span> <span class='ocrx_word' id='word_1_355' title='bbox 1466 2572 1483 2591; x_wconf 84' lang='lat' dir='ltr'>a</span> <span class='ocrx_word' id='word_1_356' title='bbox 1514 2568 1598 2600; x_wconf 80' lang='lat' dir='ltr'>parte</span> <span class='ocrx_word' id='word_1_357' title='bbox 1625 2563 1817 2604; x_wconf 62' lang='lat' dir='ltr'>auxiliorum]</span> 
     </span>
     <span class='ocr_line' id='line_1_50' title="bbox 417 2604 1819 2648; baseline -0.002 -9"><span class='ocrx_word' id='word_1_358' title='bbox 417 2608 561 2648; x_wconf 71' lang='lat' dir='ltr'>Telegam.</span> <span class='ocrx_word' id='word_1_359' title='bbox 606 2607 729 2636; x_wconf 69' lang='lat' dir='ltr'>Nomen</span> <span class='ocrx_word' id='word_1_360' title='bbox 750 2605 853 2647; x_wconf 72' lang='lat' dir='ltr'>oppidi</span> <span class='ocrx_word' id='word_1_361' title='bbox 876 2606 1005 2636; x_wconf 77' lang='lat' dir='ltr'>restituit</span> <span class='ocrx_word' id='word_1_362' title='bbox 1031 2607 1094 2636; x_wconf 81' lang='lat' dir='ltr'>(je-</span> <span class='ocrx_word' id='word_1_363' title='bbox 1140 2606 1214 2646; x_wconf 74' lang='lat' dir='ltr'>Legi</span> <span class='ocrx_word' id='word_1_364' title='bbox 1233 2606 1321 2645; x_wconf 72' lang='lat' dir='ltr'>jubet</span> <span class='ocrx_word' id='word_1_365' title='bbox 1339 2604 1525 2639; x_wconf 76' lang='lat' dir='ltr'>Perizonius,</span> <span class='ocrx_word' id='word_1_366' title='bbox 1544 2611 1568 2634; x_wconf 79' lang='lat' dir='ltr'>et</span> <span class='ocrx_word' id='word_1_367' title='bbox 1592 2607 1713 2635; x_wconf 48' lang='lat' dir='ltr'>madium</span> <span class='ocrx_word' id='word_1_368' title='bbox 1737 2614 1819 2645; x_wconf 75' lang='lat' dir='ltr'>purte</span> 
     </span>
     <span class='ocr_line' id='line_1_51' title="bbox 416 2648 1818 2690; baseline -0.002 -8"><span class='ocrx_word' id='word_1_369' title='bbox 416 2651 526 2682; x_wconf 85' lang='lat' dir='ltr'>lenius.</span> <span class='ocrx_word' id='word_1_370' title='bbox 570 2649 613 2680; x_wconf 83' lang='lat' dir='ltr'>At</span> <span class='ocrx_word' id='word_1_371' title='bbox 637 2649 718 2679; x_wconf 76' lang='lat' dir='ltr'>male</span> <span class='ocrx_word' id='word_1_372' title='bbox 740 2648 920 2679; x_wconf 63' lang='lat' dir='ltr'>recentiores</span> <span class='ocrx_word' id='word_1_373' title='bbox 943 2648 1016 2678; x_wconf 72' lang='lat' dir='ltr'>editi</span> <span class='ocrx_word' id='word_1_374' title='bbox 1043 2659 1096 2690; x_wconf 75' lang='lat' dir='ltr'>pro</span> <span class='ocrx_word' id='word_1_375' title='bbox 1138 2649 1331 2677; x_wconf 75' lang='lat' dir='ltr'>muiliorum:</span> <span class='ocrx_word' id='word_1_376' title='bbox 1361 2654 1450 2677; x_wconf 75' lang='lat' dir='ltr'>recte.</span> <span class='ocrx_word' id='word_1_377' title='bbox 1496 2648 1601 2683; x_wconf 79' lang='lat' dir='ltr'>Quum</span> <span class='ocrx_word' id='word_1_378' title='bbox 1626 2648 1707 2678; x_wconf 81' lang='lat' dir='ltr'>enim</span> <span class='ocrx_word' id='word_1_379' title='bbox 1733 2649 1818 2689; x_wconf 85' lang='lat' dir='ltr'>equi-</span> 
     </span>
     <span class='ocr_line' id='line_1_52' title="bbox 415 2690 1818 2731; baseline -0.002 -7"><span class='ocrx_word' id='word_1_380' title='bbox 415 2696 484 2725; x_wconf 71' lang='lat' dir='ltr'>inde</span> <span class='ocrx_word' id='word_1_381' title='bbox 511 2693 647 2725; x_wconf 80' lang='lat' dir='ltr'>fecerant</span> <span class='ocrx_word' id='word_1_382' title='bbox 672 2693 756 2721; x_wconf 75' lang='lat' dir='ltr'>idem.</span> <span class='ocrx_word' id='word_1_383' title='bbox 802 2691 1009 2724; x_wconf 78' lang='lat' dir='ltr'>Correximus.</span> <span class='ocrx_word' id='word_1_384' title='bbox 1034 2701 1096 2721; x_wconf 89' lang='lat' dir='ltr'>mo-</span> <span class='ocrx_word' id='word_1_385' title='bbox 1141 2696 1223 2721; x_wconf 78' lang='lat' dir='ltr'>tatus</span> <span class='ocrx_word' id='word_1_386' title='bbox 1246 2695 1276 2721; x_wconf 85' lang='lat' dir='ltr'>et</span> <span class='ocrx_word' id='word_1_387' title='bbox 1301 2700 1370 2731; x_wconf 78' lang='lat' dir='ltr'>pars</span> <span class='ocrx_word' id='word_1_388' title='bbox 1390 2690 1570 2721; x_wconf 75' lang='lat' dir='ltr'>auxiliorum</span> <span class='ocrx_word' id='word_1_389' title='bbox 1585 2696 1676 2728; x_wconf 67' lang='lat' dir='ltr'>cogat</span> <span class='ocrx_word' id='word_1_390' title='bbox 1698 2701 1818 2731; x_wconf 77' lang='lat' dir='ltr'>agmen.</span> 
     </span>
    </p>
   </div>
   <div class='ocr_carea' id='block_1_9' title="bbox 416 2726 1821 2904">
    <p class='ocr_par' dir='ltr' id='par_1_10' title="bbox 416 2726 1819 2819">
     <span class='ocr_line' id='line_1_53' title="bbox 416 2726 1819 2774; baseline -0.002 -7"><span class='ocrx_word' id='word_1_391' title='bbox 416 2742 509 2768; x_wconf 81' lang='lat' dir='ltr'>nente</span> <span class='ocrx_word' id='word_1_392' title='bbox 524 2734 694 2767; x_wconf 76' lang='lat' dir='ltr'>Gronovio.</span> <span class='ocrx_word' id='word_1_393' title='bbox 1141 2732 1192 2774; x_wconf 85' lang='lat' dir='ltr'>qui</span> <span class='ocrx_word' id='word_1_394' title='bbox 1208 2739 1306 2774; x_wconf 73' lang='lat' dir='ltr'>potest</span> <span class='ocrx_word' id='word_1_395' title='bbox 1320 2733 1448 2771; x_wconf 63' lang='lat' dir='ltr'>intelligi</span> <span class='ocrx_word' id='word_1_396' title='bbox 1465 2733 1562 2771; x_wconf 63' lang='lat' dir='ltr'>magis</span> <span class='ocrx_word' id='word_1_397' title='bbox 1578 2733 1608 2763; x_wconf 90' lang='lat' dir='ltr'>id</span> <span class='ocrx_word' id='word_1_398' title='bbox 1623 2726 1671 2764; x_wconf 55' lang='lat' dir='ltr'>ab</span> <span class='ocrx_word' id='word_1_399' title='bbox 1687 2734 1819 2770; x_wconf 85' lang='lat' dir='ltr'>auxiliis,</span> 
     </span>
     <span class='ocr_line' id='line_1_54' title="bbox 459 2775 1629 2819; baseline -0.005 -8"><span class='ocrx_word' id='word_1_400' title='bbox 459 2781 497 2811; x_wconf 88' lang='grc'>91</span> <span class='ocrx_word' id='word_1_401' title='bbox 525 2777 651 2819; x_wconf 74' lang='lat' dir='ltr'>Caryas]</span> <span class='ocrx_word' id='word_1_402' title='bbox 681 2776 730 2806; x_wconf 74' lang='lat' dir='ltr'>Sic</span> <span class='ocrx_word' id='word_1_403' title='bbox 753 2786 863 2806; x_wconf 84' lang='lat' dir='ltr'>nomen</span> <span class='ocrx_word' id='word_1_404' title='bbox 886 2776 942 2805; x_wconf 76' lang='lat' dir='ltr'>hoc.</span> <span class='ocrx_word' id='word_1_405' title='bbox 965 2776 1096 2805; x_wconf 72' lang='lat' dir='ltr'>scriben—</span> <span class='ocrx_word' id='word_1_406' title='bbox 1141 2786 1234 2817; x_wconf 80' lang='lat' dir='ltr'>quani</span> <span class='ocrx_word' id='word_1_407' title='bbox 1252 2776 1290 2806; x_wconf 81' lang='lat' dir='ltr'>ab</span> <span class='ocrx_word' id='word_1_408' title='bbox 1306 2776 1459 2817; x_wconf 67' lang='lat' dir='ltr'>equilibus</span> <span class='ocrx_word' id='word_1_409' title='bbox 1473 2775 1629 2818; x_wconf 61' lang='lat' dir='ltr'>przrstari?</span> 
     </span>
    </p>

    <p class='ocr_par' dir='ltr' id='par_1_11' title="bbox 417 2818 1821 2860">
     <span class='ocr_line' id='line_1_55' title="bbox 417 2818 1821 2860; baseline -0.002 -8"><span class='ocrx_word' id='word_1_410' title='bbox 417 2822 489 2852; x_wconf 82' lang='lat' dir='ltr'>dum</span> <span class='ocrx_word' id='word_1_411' title='bbox 519 2828 584 2860; x_wconf 77' lang='lat' dir='ltr'>est3</span> <span class='ocrx_word' id='word_1_412' title='bbox 612 2831 669 2852; x_wconf 88' lang='lat' dir='ltr'>non</span> <span class='ocrx_word' id='word_1_413' title='bbox 695 2821 808 2855; x_wconf 65' lang='lat' dir='ltr'>(arias,</span> <span class='ocrx_word' id='word_1_414' title='bbox 832 2819 983 2860; x_wconf 81' lang='lat' dir='ltr'>quomodo</span> <span class='ocrx_word' id='word_1_415' title='bbox 1009 2818 1098 2857; x_wconf 64' lang='lat' dir='ltr'>vulgo</span> <span class='ocrx_word' id='word_1_416' title='bbox 1183 2820 1223 2849; x_wconf 75' lang='lat'>94</span> <span class='ocrx_word' id='word_1_417' title='bbox 1249 2819 1347 2853; x_wconf 77' lang='lat' dir='ltr'>Quum</span> <span class='ocrx_word' id='word_1_418' title='bbox 1383 2820 1457 2848; x_wconf 64' lang='lat' dir='ltr'>sulus</span> <span class='ocrx_word' id='word_1_419' title='bbox 1492 2819 1562 2859; x_wconf 73' lang='lat' dir='ltr'>iret]</span> <span class='ocrx_word' id='word_1_420' title='bbox 1603 2819 1705 2860; x_wconf 75' lang='lat' dir='ltr'>Vulgo</span> <span class='ocrx_word' id='word_1_421' title='bbox 1741 2826 1821 2849; x_wconf 80' lang='lat' dir='ltr'>crat:</span> 
     </span>
    </p>

    <p class='ocr_par' dir='ltr' id='par_1_12' title="bbox 416 2861 1818 2904">
     <span class='ocr_line' id='line_1_56' title="bbox 416 2861 1818 2904; baseline -0.002 -9"><span class='ocrx_word' id='word_1_422' title='bbox 416 2865 489 2896; x_wconf 71' lang='lat' dir='ltr'>editi</span> <span class='ocrx_word' id='word_1_423' title='bbox 504 2864 627 2895; x_wconf 76' lang='lat' dir='ltr'>habent.</span> <span class='ocrx_word' id='word_1_424' title='bbox 1142 2861 1242 2891; x_wconf 76' lang='lat' dir='ltr'>minus</span> <span class='ocrx_word' id='word_1_425' title='bbox 1269 2863 1435 2898; x_wconf 63' lang='lat' dir='ltr'>eleztanter.</span> <span class='ocrx_word' id='word_1_426' title='bbox 1457 2869 1484 2893; x_wconf 76' lang='lat' dir='ltr'>et</span> <span class='ocrx_word' id='word_1_427' title='bbox 1513 2868 1617 2893; x_wconf 75' lang='lat' dir='ltr'>contra</span> <span class='ocrx_word' id='word_1_428' title='bbox 1642 2862 1818 2904; x_wconf 75' lang='lat' dir='ltr'>scriptorum</span> 
     </span>
    </p>
   </div>
   <div class='ocr_carea' id='block_1_10' title="bbox 459 2903 1244 2948">
    <p class='ocr_par' dir='ltr' id='par_1_13' title="bbox 459 2903 1244 2948">
     <span class='ocr_line' id='line_1_57' title="bbox 459 2903 1244 2948; baseline -0.003 -12"><span class='ocrx_word' id='word_1_429' title='bbox 459 2908 497 2938; x_wconf 68' lang='lat'>02</span> <span class='ocrx_word' id='word_1_430' title='bbox 527 2909 634 2948; x_wconf 57' lang='lat' dir='ltr'>Pyrrhi</span> <span class='ocrx_word' id='word_1_431' title='bbox 650 2928 657 2935; x_wconf 90' lang='lat'><strong>.</strong></span> <span class='ocrx_word' id='word_1_432' title='bbox 676 2928 682 2936; x_wconf 92' lang='lat'><strong>.</strong></span> <span class='ocrx_word' id='word_1_433' title='bbox 700 2928 706 2935; x_wconf 96' lang='lat'><strong><em>.</em></strong></span> <span class='ocrx_word' id='word_1_434' title='bbox 725 2906 842 2946; x_wconf 74' lang='lat' dir='ltr'>Castra]</span> <span class='ocrx_word' id='word_1_435' title='bbox 870 2904 989 2935; x_wconf 76' lang='lat' dir='ltr'>Nomen</span> <span class='ocrx_word' id='word_1_436' title='bbox 1007 2903 1075 2934; x_wconf 64' lang='lat' dir='ltr'>lovi.</span> <span class='ocrx_word' id='word_1_437' title='bbox 1144 2904 1244 2935; x_wconf 70' lang='lat' dir='ltr'>sideni.</span> 
     </span>
    </p>
   </div>
   <div class='ocr_carea' id='block_1_11' title="bbox 1899 1594 1947 2787">
    <p class='ocr_par' dir='ltr' id='par_1_14' title="bbox 1899 1594 1947 2787">
     <span class='ocr_line' id='line_1_58' title="bbox 1899 1594 1947 2787; baseline 0 0"><span class='ocrx_word' id='word_1_438' title='bbox 1899 1594 1947 2787; x_wconf 95' lang='lat' dir='ltr'> </span> 
     </span>
    </p>
   </div>
  </div>
 </body>
</html>
