<?xml version="1.0" encoding="UTF-8"?>
<!DOCTYPE html PUBLIC "-//W3C//DTD XHTML 1.0 Transitional//EN"
    "http://www.w3.org/TR/xhtml1/DTD/xhtml1-transitional.dtd">
<html xmlns="http://www.w3.org/1999/xhtml" xml:lang="en" lang="en">
 <head>
  <title>
</title>
<meta http-equiv="Content-Type" content="text/html;charset=utf-8" />
  <meta name='ocr-system' content='tesseract 3.04.00' />
  <meta name='ocr-capabilities' content='ocr_page ocr_carea ocr_par ocr_line ocrx_word'/>
</head>
<body>
  <div class='ocr_page' id='page_1' title='image "./historiarumaburb03livyuoft_0208.png"; bbox 0 0 1947 3222; ppageno 0'>
   <div class='ocr_carea' id='block_1_1' title="bbox 153 257 332 333">
    <p class='ocr_par' dir='ltr' id='par_1_1' title="bbox 153 257 332 333">
     <span class='ocr_line' id='line_1_1' title="bbox 153 257 330 289; baseline -0.011 0"><span class='ocrx_word' id='word_1_1' title='bbox 153 259 195 289; x_wconf 70' lang='lat'>15.</span> <span class='ocrx_word' id='word_1_2' title='bbox 206 257 245 289; x_wconf 90' lang='lat' dir='ltr'>C.</span> <span class='ocrx_word' id='word_1_3' title='bbox 257 257 330 288; x_wconf 83' lang='lat'>559.</span> 
     </span>
     <span class='ocr_line' id='line_1_2' title="bbox 153 300 332 333; baseline -0.006 -1"><span class='ocrx_word' id='word_1_4' title='bbox 153 301 193 333; x_wconf 79' lang='lat' dir='ltr'>A.</span> <span class='ocrx_word' id='word_1_5' title='bbox 205 300 243 332; x_wconf 91' lang='lat' dir='ltr'>C.</span> <span class='ocrx_word' id='word_1_6' title='bbox 261 300 332 331; x_wconf 81' lang='lat'>193.</span> 
     </span>
    </p>
   </div>
   <div class='ocr_carea' id='block_1_2' title="bbox 157 473 348 558">
    <p class='ocr_par' dir='ltr' id='par_1_2' title="bbox 157 473 348 558">
     <span class='ocr_line' id='line_1_3' title="bbox 158 473 332 515; baseline 0.006 -12"><span class='ocrx_word' id='word_1_7' title='bbox 158 473 225 504; x_wconf 78' lang='lat' dir='ltr'>Res</span> <span class='ocrx_word' id='word_1_8' title='bbox 240 479 332 515; x_wconf 82' lang='lat' dir='ltr'>gestae</span> 
     </span>
     <span class='ocr_line' id='line_1_4' title="bbox 157 516 348 558; baseline 0.005 -12"><span class='ocrx_word' id='word_1_9' title='bbox 157 516 238 558; x_wconf 78' lang='lat' dir='ltr'>apud</span> <span class='ocrx_word' id='word_1_10' title='bbox 254 516 348 558; x_wconf 87' lang='lat' dir='ltr'>Ligu-</span> 
     </span>
    </p>
   </div>
   <div class='ocr_carea' id='block_1_3' title="bbox 155 568 214 589">
    <p class='ocr_par' dir='ltr' id='par_1_3' title="bbox 155 568 214 589">
     <span class='ocr_line' id='line_1_5' title="bbox 155 568 214 589; baseline 0.017 -1"><span class='ocrx_word' id='word_1_11' title='bbox 155 568 214 589; x_wconf 67' lang='lat' dir='ltr'>refl-</span> 
     </span>
    </p>
   </div>
   <div class='ocr_carea' id='block_1_4' title="bbox 159 929 359 1047">
    <p class='ocr_par' dir='ltr' id='par_1_4' title="bbox 159 929 359 1047">
     <span class='ocr_line' id='line_1_6' title="bbox 159 929 316 978; baseline -0.006 -16"><span class='ocrx_word' id='word_1_12' title='bbox 159 931 190 962; x_wconf 84' lang='grc' dir='ltr'><strong>Ν</strong></span> <span class='ocrx_word' id='word_1_13' title='bbox 193 929 316 978; x_wconf 43' lang='lat' dir='ltr'>umida.-</span> 
     </span>
     <span class='ocr_line' id='line_1_7' title="bbox 159 979 359 1014; baseline 0 -10"><span class='ocrx_word' id='word_1_14' title='bbox 159 984 225 1004; x_wconf 89' lang='lat' dir='ltr'>rum</span> <span class='ocrx_word' id='word_1_15' title='bbox 241 979 359 1014; x_wconf 78' lang='lat' dir='ltr'>equita·</span> 
     </span>
     <span class='ocr_line' id='line_1_8' title="bbox 160 1021 218 1047; baseline 0.017 -1"><span class='ocrx_word' id='word_1_16' title='bbox 160 1021 218 1047; x_wconf 73' lang='lat' dir='ltr'>tus.</span> 
     </span>
    </p>
   </div>
   <div class='ocr_carea' id='block_1_5' title="bbox 157 2287 348 2404">
    <p class='ocr_par' dir='ltr' id='par_1_5' title="bbox 157 2287 348 2404">
     <span class='ocr_line' id='line_1_9' title="bbox 160 2287 348 2318; baseline -0.011 0"><span class='ocrx_word' id='word_1_17' title='bbox 160 2287 285 2318; x_wconf 78' lang='lat' dir='ltr'>Liberat</span> <span class='ocrx_word' id='word_1_18' title='bbox 296 2296 348 2317; x_wconf 87' lang='lat' dir='ltr'>ex-</span> 
     </span>
     <span class='ocr_line' id='line_1_10' title="bbox 158 2336 285 2361; baseline -0.016 0"><span class='ocrx_word' id='word_1_19' title='bbox 158 2336 285 2361; x_wconf 71' lang='lat' dir='ltr'>ercitum</span> 
     </span>
     <span class='ocr_line' id='line_1_11' title="bbox 157 2373 346 2404; baseline -0.011 0"><span class='ocrx_word' id='word_1_20' title='bbox 157 2373 346 2404; x_wconf 81' lang='lat' dir='ltr'>Romanum.</span> 
     </span>
    </p>
   </div>
   <div class='ocr_carea' id='block_1_6' title="bbox 161 2563 341 2637">
    <p class='ocr_par' dir='ltr' id='par_1_6' title="bbox 161 2563 341 2637">
     <span class='ocr_line' id='line_1_12' title="bbox 161 2563 334 2593; baseline 0.006 -1"><span class='ocrx_word' id='word_1_21' title='bbox 161 2563 334 2593; x_wconf 79' lang='lat' dir='ltr'>AEtolorum</span> 
     </span>
     <span class='ocr_line' id='line_1_13' title="bbox 161 2605 341 2637; baseline 0.011 -2"><span class='ocrx_word' id='word_1_22' title='bbox 161 2605 341 2637; x_wconf 70' lang='lat' dir='ltr'>molitiones.</span> 
     </span>
    </p>
   </div>
   <div class='ocr_carea' id='block_1_7' title="bbox 361 128 1241 185">
    <p class='ocr_par' dir='ltr' id='par_1_7' title="bbox 361 128 1241 185">
     <span class='ocr_line' id='line_1_14' title="bbox 361 128 1241 185; baseline -0.003 -8"><span class='ocrx_word' id='word_1_23' title='bbox 361 142 431 185; x_wconf 77' lang='lat'>198</span> <span class='ocrx_word' id='word_1_24' title='bbox 889 128 1028 185; x_wconf 76' lang='grc' dir='ltr'><strong>,ΤιΤι</strong></span> <span class='ocrx_word' id='word_1_25' title='bbox 1068 136 1241 176; x_wconf 74' lang='lat' dir='ltr'>mvn</span> 
     </span>
    </p>
   </div>
   <div class='ocr_carea' id='block_1_8' title="bbox 360 242 1780 2672">
    <p class='ocr_par' dir='ltr' id='par_1_8' title="bbox 360 242 1772 472">
     <span class='ocr_line' id='line_1_15' title="bbox 362 242 1770 303; baseline -0.004 -15"><span class='ocrx_word' id='word_1_26' title='bbox 362 247 495 303; x_wconf 84' lang='lat' dir='ltr'>clipea</span> <span class='ocrx_word' id='word_1_27' title='bbox 512 245 703 288; x_wconf 82' lang='lat' dir='ltr'>inaurata</span> <span class='ocrx_word' id='word_1_28' title='bbox 721 245 764 288; x_wconf 85' lang='lat' dir='ltr'>in</span> <span class='ocrx_word' id='word_1_29' title='bbox 793 245 960 302; x_wconf 74' lang='lat' dir='ltr'>fastigio</span> <span class='ocrx_word' id='word_1_30' title='bbox 980 245 1099 287; x_wconf 84' lang='lat' dir='ltr'>Jovis</span> <span class='ocrx_word' id='word_1_31' title='bbox 1124 245 1224 286; x_wconf 80' lang='lat' dir='ltr'>aedis</span> <span class='ocrx_word' id='word_1_32' title='bbox 1250 252 1492 301; x_wconf 85' lang='lat' dir='ltr'>posuerunt.</span> <span class='ocrx_word' id='word_1_33' title='bbox 1553 242 1770 284; x_wconf 88' lang='lat' dir='ltr'>Porticum</span> 
     </span>
     <span class='ocr_line' id='line_1_16' title="bbox 363 298 1772 359; baseline -0.003 -16"><span class='ocrx_word' id='word_1_34' title='bbox 363 318 488 344; x_wconf 86' lang='lat' dir='ltr'>unam</span> <span class='ocrx_word' id='word_1_35' title='bbox 519 310 637 343; x_wconf 85' lang='lat' dir='ltr'>extra.</span> <span class='ocrx_word' id='word_1_36' title='bbox 664 312 828 359; x_wconf 89' lang='lat' dir='ltr'>portam</span> <span class='ocrx_word' id='word_1_37' title='bbox 859 303 1160 357; x_wconf 81' lang='lat' dir='ltr'>Trigeminam,</span> <span class='ocrx_word' id='word_1_38' title='bbox 1188 301 1370 357; x_wconf 88' lang='lat' dir='ltr'>emporio</span> <span class='ocrx_word' id='word_1_39' title='bbox 1405 301 1457 341; x_wconf 90' lang='lat' dir='ltr'>ad</span> <span class='ocrx_word' id='word_1_40' title='bbox 1487 300 1676 341; x_wconf 86' lang='lat' dir='ltr'>Tiberim</span> <span class='ocrx_word' id='word_1_41' title='bbox 1697 298 1772 339; x_wconf 84' lang='lat' dir='ltr'>ad-</span> 
     </span>
     <span class='ocr_line' id='line_1_17' title="bbox 360 354 1772 415; baseline -0.004 -15"><span class='ocrx_word' id='word_1_42' title='bbox 360 360 498 415; x_wconf 76' lang='lat' dir='ltr'>ject03</span> <span class='ocrx_word' id='word_1_43' title='bbox 540 358 709 400; x_wconf 85' lang='lat' dir='ltr'>alteram</span> <span class='ocrx_word' id='word_1_44' title='bbox 744 375 768 400; x_wconf 88' lang='lat' dir='ltr'>a</span> <span class='ocrx_word' id='word_1_45' title='bbox 800 366 922 415; x_wconf 86' lang='lat' dir='ltr'>porta</span> <span class='ocrx_word' id='word_1_46' title='bbox 949 358 1157 399; x_wconf 83' lang='lat' dir='ltr'>Fontinali</span> <span class='ocrx_word' id='word_1_47' title='bbox 1192 359 1245 399; x_wconf 87' lang='lat' dir='ltr'>ad</span> <span class='ocrx_word' id='word_1_48' title='bbox 1277 357 1430 398; x_wconf 87' lang='lat' dir='ltr'>Martis</span> <span class='ocrx_word' id='word_1_49' title='bbox 1458 371 1587 406; x_wconf 84' lang='lat' dir='ltr'>aram,</span> <span class='ocrx_word' id='word_1_50' title='bbox 1617 370 1703 411; x_wconf 88' lang='lat' dir='ltr'>qua</span> <span class='ocrx_word' id='word_1_51' title='bbox 1729 354 1772 396; x_wconf 89' lang='lat' dir='ltr'>in</span> 
     </span>
     <span class='ocr_line' id='line_1_18' title="bbox 371 415 1139 472; baseline -0.003 -16"><span class='ocrx_word' id='word_1_52' title='bbox 371 417 577 472; x_wconf 85' lang='lat' dir='ltr'>Campum</span> <span class='ocrx_word' id='word_1_53' title='bbox 597 416 676 457; x_wconf 86' lang='lat' dir='ltr'>iter</span> <span class='ocrx_word' id='word_1_54' title='bbox 697 424 816 465; x_wconf 88' lang='lat' dir='ltr'>esset,</span> <span class='ocrx_word' id='word_1_55' title='bbox 838 415 1139 471; x_wconf 87' lang='lat' dir='ltr'>perduxerunt.</span> 
     </span>
    </p>

    <p class='ocr_par' dir='ltr' id='par_1_9' title="bbox 367 470 1780 2556">
     <span class='ocr_line' id='line_1_19' title="bbox 426 470 1772 525; baseline -0.003 -12"><span class='ocrx_word' id='word_1_56' title='bbox 426 473 512 513; x_wconf 87' lang='lat' dir='ltr'>XI.</span> <span class='ocrx_word' id='word_1_57' title='bbox 546 472 633 512; x_wconf 91' lang='lat' dir='ltr'>Diu</span> <span class='ocrx_word' id='word_1_58' title='bbox 673 471 775 513; x_wconf 89' lang='lat' dir='ltr'>nihil</span> <span class='ocrx_word' id='word_1_59' title='bbox 810 471 851 511; x_wconf 91' lang='lat' dir='ltr'>in</span> <span class='ocrx_word' id='word_1_60' title='bbox 892 470 1125 525; x_wconf 88' lang='lat' dir='ltr'>Liguribus</span> <span class='ocrx_word' id='word_1_61' title='bbox 1159 470 1333 525; x_wconf 89' lang='lat' dir='ltr'>dignum</span> <span class='ocrx_word' id='word_1_62' title='bbox 1373 470 1568 511; x_wconf 87' lang='lat' dir='ltr'>memoria</span> <span class='ocrx_word' id='word_1_63' title='bbox 1607 476 1772 525; x_wconf 88' lang='lat' dir='ltr'>gestum</span> 
     </span>
     <span class='ocr_line' id='line_1_20' title="bbox 368 524 1774 583; baseline -0.002 -14"><span class='ocrx_word' id='word_1_64' title='bbox 368 536 467 570; x_wconf 88' lang='lat' dir='ltr'>erat.</span> <span class='ocrx_word' id='word_1_65' title='bbox 527 529 732 569; x_wconf 84' lang='lat' dir='ltr'>Extremo</span> <span class='ocrx_word' id='word_1_66' title='bbox 761 528 851 583; x_wconf 81' lang='lat' dir='ltr'>ejus</span> <span class='ocrx_word' id='word_1_67' title='bbox 871 527 966 566; x_wconf 85' lang='lat' dir='ltr'>anni</span> <span class='ocrx_word' id='word_1_68' title='bbox 986 527 1051 567; x_wconf 87' lang='lat' dir='ltr'>bis</span> <span class='ocrx_word' id='word_1_69' title='bbox 1069 525 1112 566; x_wconf 89' lang='lat' dir='ltr'>in</span> <span class='ocrx_word' id='word_1_70' title='bbox 1139 541 1336 582; x_wconf 86' lang='lat' dir='ltr'>magnum</span> <span class='ocrx_word' id='word_1_71' title='bbox 1357 527 1588 583; x_wconf 84' lang='lat' dir='ltr'>periculum</span> <span class='ocrx_word' id='word_1_72' title='bbox 1609 541 1674 566; x_wconf 88' lang='lat' dir='ltr'>res</span> <span class='ocrx_word' id='word_1_73' title='bbox 1703 524 1774 565; x_wconf 86' lang='lat' dir='ltr'>ad-</span> 
     </span>
     <span class='ocr_line' id='line_1_21' title="bbox 369 581 1775 638; baseline -0.003 -13"><span class='ocrx_word' id='word_1_74' title='bbox 369 584 498 626; x_wconf 80' lang='lat' dir='ltr'>ducta</span> <span class='ocrx_word' id='word_1_75' title='bbox 516 592 590 625; x_wconf 87' lang='lat' dir='ltr'>est.</span> <span class='ocrx_word' id='word_1_76' title='bbox 620 598 715 624; x_wconf 89' lang='lat' dir='ltr'>nam</span> <span class='ocrx_word' id='word_1_77' title='bbox 746 592 787 624; x_wconf 85' lang='lat' dir='ltr'>et</span> <span class='ocrx_word' id='word_1_78' title='bbox 814 591 948 623; x_wconf 83' lang='lat' dir='ltr'>castra</span> <span class='ocrx_word' id='word_1_79' title='bbox 973 581 1150 623; x_wconf 88' lang='lat' dir='ltr'>consulis</span> <span class='ocrx_word' id='word_1_80' title='bbox 1177 584 1433 638; x_wconf 75' lang='lat' dir='ltr'>obpugnata,</span> <span class='ocrx_word' id='word_1_81' title='bbox 1456 598 1564 638; x_wconf 66' lang='lat' dir='ltr'>aegre</span> <span class='ocrx_word' id='word_1_82' title='bbox 1587 590 1682 622; x_wconf 89' lang='lat' dir='ltr'>sunt</span> <span class='ocrx_word' id='word_1_83' title='bbox 1704 581 1775 622; x_wconf 92' lang='lat' dir='ltr'>de-</span> 
     </span>
     <span class='ocr_line' id='line_1_22' title="bbox 369 638 1773 695; baseline -0.003 -14"><span class='ocrx_word' id='word_1_84' title='bbox 369 641 507 682; x_wconf 83' lang='lat' dir='ltr'>fensa:</span> <span class='ocrx_word' id='word_1_85' title='bbox 540 648 580 681; x_wconf 87' lang='lat' dir='ltr'>et</span> <span class='ocrx_word' id='word_1_86' title='bbox 612 654 694 680; x_wconf 91' lang='lat' dir='ltr'>non</span> <span class='ocrx_word' id='word_1_87' title='bbox 725 640 786 681; x_wconf 89' lang='lat' dir='ltr'>ita</span> <span class='ocrx_word' id='word_1_88' title='bbox 810 638 945 679; x_wconf 88' lang='lat' dir='ltr'>multo</span> <span class='ocrx_word' id='word_1_89' title='bbox 974 646 1068 694; x_wconf 86' lang='lat' dir='ltr'>post</span> <span class='ocrx_word' id='word_1_90' title='bbox 1098 654 1171 694; x_wconf 89' lang='lat' dir='ltr'>per</span> <span class='ocrx_word' id='word_1_91' title='bbox 1206 639 1355 680; x_wconf 85' lang='lat' dir='ltr'>saltum</span> <span class='ocrx_word' id='word_1_92' title='bbox 1386 649 1610 695; x_wconf 83' lang='lat' dir='ltr'>angustum</span> <span class='ocrx_word' id='word_1_93' title='bbox 1642 652 1773 693; x_wconf 91' lang='lat' dir='ltr'>quum</span> 
     </span>
     <span class='ocr_line' id='line_1_23' title="bbox 371 694 1778 752; baseline -0.002 -15"><span class='ocrx_word' id='word_1_94' title='bbox 371 696 594 738; x_wconf 83' lang='lat' dir='ltr'>duceretur</span> <span class='ocrx_word' id='word_1_95' title='bbox 624 711 772 752; x_wconf 83' lang='lat' dir='ltr'>agmen</span> <span class='ocrx_word' id='word_1_96' title='bbox 808 696 1060 745; x_wconf 86' lang='lat' dir='ltr'>Romanum,</span> <span class='ocrx_word' id='word_1_97' title='bbox 1094 696 1204 750; x_wconf 89' lang='lat' dir='ltr'>ipsas</span> <span class='ocrx_word' id='word_1_98' title='bbox 1232 696 1372 736; x_wconf 86' lang='lat' dir='ltr'>fauces</span> <span class='ocrx_word' id='word_1_99' title='bbox 1404 696 1609 737; x_wconf 83' lang='lat' dir='ltr'>exercitus</span> <span class='ocrx_word' id='word_1_100' title='bbox 1644 694 1778 749; x_wconf 84' lang='lat' dir='ltr'>Ligu-</span> 
     </span>
     <span class='ocr_line' id='line_1_24' title="bbox 371 751 1776 808; baseline -0.002 -15"><span class='ocrx_word' id='word_1_101' title='bbox 371 768 464 793; x_wconf 89' lang='lat' dir='ltr'>rum</span> <span class='ocrx_word' id='word_1_102' title='bbox 484 752 648 794; x_wconf 88' lang='lat' dir='ltr'>insedit.</span> <span class='ocrx_word' id='word_1_103' title='bbox 681 767 766 808; x_wconf 90' lang='lat' dir='ltr'>qua</span> <span class='ocrx_word' id='word_1_104' title='bbox 786 767 916 808; x_wconf 90' lang='lat' dir='ltr'>quum</span> <span class='ocrx_word' id='word_1_105' title='bbox 939 752 1076 792; x_wconf 81' lang='lat' dir='ltr'>exitus</span> <span class='ocrx_word' id='word_1_106' title='bbox 1099 766 1182 792; x_wconf 89' lang='lat' dir='ltr'>non</span> <span class='ocrx_word' id='word_1_107' title='bbox 1202 759 1377 807; x_wconf 88' lang='lat' dir='ltr'>pateret,</span> <span class='ocrx_word' id='word_1_108' title='bbox 1399 767 1593 792; x_wconf 88' lang='lat' dir='ltr'>converso</span> <span class='ocrx_word' id='word_1_109' title='bbox 1614 751 1776 807; x_wconf 80' lang='lat' dir='ltr'>agmine</span> 
     </span>
     <span class='ocr_line' id='line_1_25' title="bbox 369 808 1778 863; baseline -0.001 -15"><span class='ocrx_word' id='word_1_110' title='bbox 369 808 504 849; x_wconf 87' lang='lat' dir='ltr'>redire</span> <span class='ocrx_word' id='word_1_111' title='bbox 525 808 676 850; x_wconf 82' lang='lat' dir='ltr'>institit</span> <span class='ocrx_word' id='word_1_112' title='bbox 706 808 871 850; x_wconf 87' lang='lat' dir='ltr'>consul:</span> <span class='ocrx_word' id='word_1_113' title='bbox 904 818 945 849; x_wconf 88' lang='lat' dir='ltr'>et</span> <span class='ocrx_word' id='word_1_114' title='bbox 966 808 1035 848; x_wconf 76' lang='lat' dir='ltr'>ab‘</span> <span class='ocrx_word' id='word_1_115' title='bbox 1054 817 1171 863; x_wconf 86' lang='lat' dir='ltr'>tergo</span> <span class='ocrx_word' id='word_1_116' title='bbox 1190 809 1330 849; x_wconf 84' lang='lat' dir='ltr'>fauces</span> <span class='ocrx_word' id='word_1_117' title='bbox 1358 808 1486 849; x_wconf 85' lang='lat' dir='ltr'>saltus</span> <span class='ocrx_word' id='word_1_118' title='bbox 1512 816 1723 863; x_wconf 88' lang='lat' dir='ltr'>occupatae</span> <span class='ocrx_word' id='word_1_119' title='bbox 1753 822 1778 847; x_wconf 86' lang='lat' dir='ltr'>a</span> 
     </span>
     <span class='ocr_line' id='line_1_26' title="bbox 370 863 1777 920; baseline -0.001 -15"><span class='ocrx_word' id='word_1_120' title='bbox 370 872 488 920; x_wconf 85' lang='lat' dir='ltr'>parte</span> <span class='ocrx_word' id='word_1_121' title='bbox 517 865 700 906; x_wconf 89' lang='lat' dir='ltr'>hostium</span> <span class='ocrx_word' id='word_1_122' title='bbox 731 873 862 915; x_wconf 87' lang='lat' dir='ltr'>erant,</span> <span class='ocrx_word' id='word_1_123' title='bbox 886 864 1171 919; x_wconf 85' lang='lat' dir='ltr'>Caudinaeque</span> <span class='ocrx_word' id='word_1_124' title='bbox 1201 864 1330 905; x_wconf 86' lang='lat' dir='ltr'>cladis</span> <span class='ocrx_word' id='word_1_125' title='bbox 1358 864 1554 905; x_wconf 88' lang='lat' dir='ltr'>memoria</span> <span class='ocrx_word' id='word_1_126' title='bbox 1582 879 1664 904; x_wconf 92' lang='lat' dir='ltr'>non</span> <span class='ocrx_word' id='word_1_127' title='bbox 1694 863 1777 904; x_wconf 90' lang='lat' dir='ltr'>ani-</span> 
     </span>
     <span class='ocr_line' id='line_1_27' title="bbox 370 919 1778 978; baseline -0.001 -17"><span class='ocrx_word' id='word_1_128' title='bbox 370 921 448 962; x_wconf 90' lang='lat' dir='ltr'>mis</span> <span class='ocrx_word' id='word_1_129' title='bbox 466 921 605 971; x_wconf 90' lang='lat' dir='ltr'>modo,</span> <span class='ocrx_word' id='word_1_130' title='bbox 627 921 699 962; x_wconf 83' lang='lat' dir='ltr'>sed</span> <span class='ocrx_word' id='word_1_131' title='bbox 728 936 857 978; x_wconf 85' lang='lat' dir='ltr'>prope</span> <span class='ocrx_word' id='word_1_132' title='bbox 887 921 1031 970; x_wconf 87' lang='lat' dir='ltr'>oculis,</span> <span class='ocrx_word' id='word_1_133' title='bbox 1051 921 1361 962; x_wconf 84' lang='lat' dir='ltr'>obversabatur.</span> <span class='ocrx_word' id='word_1_134' title='bbox 1423 920 1629 961; x_wconf 85' lang='lat' dir='ltr'>Numidas</span> <span class='ocrx_word' id='word_1_135' title='bbox 1649 919 1778 961; x_wconf 88' lang='lat' dir='ltr'>octin-</span> 
     </span>
     <span class='ocr_line' id='line_1_28' title="bbox 371 976 1776 1034; baseline -0.001 -17"><span class='ocrx_word' id='word_1_136' title='bbox 371 984 517 1034; x_wconf 88' lang='lat' dir='ltr'>gentos</span> <span class='ocrx_word' id='word_1_137' title='bbox 543 978 672 1019; x_wconf 85' lang='lat' dir='ltr'>ferme</span> <span class='ocrx_word' id='word_1_138' title='bbox 702 978 862 1034; x_wconf 88' lang='lat' dir='ltr'>equites</span> <span class='ocrx_word' id='word_1_139' title='bbox 889 978 996 1019; x_wconf 88' lang='lat' dir='ltr'>inter</span> <span class='ocrx_word' id='word_1_140' title='bbox 1023 977 1180 1018; x_wconf 80' lang='lat' dir='ltr'>auxilia</span> <span class='ocrx_word' id='word_1_141' title='bbox 1212 977 1404 1019; x_wconf 84' lang='lat' dir='ltr'>habebat.</span> <span class='ocrx_word' id='word_1_142' title='bbox 1434 992 1575 1018; x_wconf 89' lang='lat' dir='ltr'>eorum</span> <span class='ocrx_word' id='word_1_143' title='bbox 1606 976 1776 1033; x_wconf 89' lang='lat' dir='ltr'>praefec-</span> 
     </span>
     <span class='ocr_line' id='line_1_29' title="bbox 373 1034 1779 1091; baseline -0.001 -17"><span class='ocrx_word' id='word_1_144' title='bbox 373 1043 440 1075; x_wconf 84' lang='lat' dir='ltr'>tus</span> <span class='ocrx_word' id='word_1_145' title='bbox 462 1034 618 1075; x_wconf 88' lang='lat' dir='ltr'>consuli</span> <span class='ocrx_word' id='word_1_146' title='bbox 648 1035 882 1091; x_wconf 89' lang='lat' dir='ltr'>pollicetur,</span> <span class='ocrx_word' id='word_1_147' title='bbox 905 1036 955 1075; x_wconf 79' lang='lat' dir='ltr'>Se</span> <span class='ocrx_word' id='word_1_148' title='bbox 976 1041 1112 1086; x_wconf 81' lang='lat' dir='ltr'>parte,</span> <span class='ocrx_word' id='word_1_149' title='bbox 1135 1042 1228 1075; x_wconf 79' lang='lat' dir='ltr'>utra</span> <span class='ocrx_word' id='word_1_150' title='bbox 1250 1036 1377 1083; x_wconf 82' lang='lat' dir='ltr'>vellet,</span> <span class='ocrx_word' id='word_1_151' title='bbox 1400 1049 1484 1074; x_wconf 79' lang='lat' dir='ltr'>cum</span> <span class='ocrx_word' id='word_1_152' title='bbox 1511 1035 1592 1075; x_wconf 81' lang='lat' dir='ltr'>suis</span> <span class='ocrx_word' id='word_1_153' title='bbox 1619 1039 1779 1086; x_wconf 82' lang='lat' dir='ltr'>eruptu-</span> 
     </span>
     <span class='ocr_line' id='line_1_30' title="bbox 371 1089 1779 1145; baseline -0.001 -15"><span class='ocrx_word' id='word_1_154' title='bbox 371 1105 468 1131; x_wconf 85' lang='lat' dir='ltr'>rum.</span> <span class='ocrx_word' id='word_1_155' title='bbox 532 1089 701 1131; x_wconf 73' lang='lat' dir='ltr'>Tantum</span> <span class='ocrx_word' id='word_1_156' title='bbox 722 1093 784 1132; x_wconf 81' lang='lat' dir='ltr'>uti</span> <span class='ocrx_word' id='word_1_157' title='bbox 804 1093 965 1141; x_wconf 79' lang='lat' dir='ltr'>diceret,</span> <span class='ocrx_word' id='word_1_158' title='bbox 987 1097 1081 1131; x_wconf 80' lang='lat' dir='ltr'>utra</span> <span class='ocrx_word' id='word_1_159' title='bbox 1097 1106 1204 1145; x_wconf 31' lang='lat' dir='ltr'>pars*</span> <span class='ocrx_word' id='word_1_160' title='bbox 1205 1091 1464 1145; x_wconf 69' lang='lat' dir='ltr'>frequentior</span> <span class='ocrx_word' id='word_1_161' title='bbox 1484 1092 1582 1132; x_wconf 86' lang='lat' dir='ltr'>vicis</span> <span class='ocrx_word' id='word_1_162' title='bbox 1601 1098 1712 1131; x_wconf 81' lang='lat' dir='ltr'>esset.</span> <span class='ocrx_word' id='word_1_163' title='bbox 1735 1091 1779 1130; x_wconf 79' lang='lat' dir='ltr'>in</span> 
     </span>
     <span class='ocr_line' id='line_1_31' title="bbox 372 1147 1779 1204; baseline 0.001 -18"><span class='ocrx_word' id='word_1_164' title='bbox 372 1162 436 1188; x_wconf 85' lang='lat' dir='ltr'>eos</span> <span class='ocrx_word' id='word_1_165' title='bbox 455 1162 496 1187; x_wconf 86' lang='lat' dir='ltr'>se</span> <span class='ocrx_word' id='word_1_166' title='bbox 517 1149 692 1200; x_wconf 70' lang='lat' dir='ltr'>inpefum</span> <span class='ocrx_word' id='word_1_167' title='bbox 706 1149 939 1203; x_wconf 72' lang='lat' dir='ltr'>facturum:</span> <span class='ocrx_word' id='word_1_168' title='bbox 971 1154 1008 1188; x_wconf 80' lang='lat' dir='ltr'>et</span> <span class='ocrx_word' id='word_1_169' title='bbox 1035 1148 1142 1188; x_wconf 81' lang='lat' dir='ltr'>nihil</span> <span class='ocrx_word' id='word_1_170' title='bbox 1156 1150 1273 1201; x_wconf 82' lang='lat' dir='ltr'>prius</span> <span class='ocrx_word' id='word_1_171' title='bbox 1302 1162 1419 1202; x_wconf 74' lang='lat' dir='ltr'>quam</span> <span class='ocrx_word' id='word_1_172' title='bbox 1431 1148 1644 1204; x_wconf 83' lang='lat' dir='ltr'>flammam</span> <span class='ocrx_word' id='word_1_173' title='bbox 1665 1147 1779 1187; x_wconf 75' lang='lat' dir='ltr'>tectis</span> 
     </span>
     <span class='ocr_line' id='line_1_32' title="bbox 372 1203 1778 1259; baseline 0 -16"><span class='ocrx_word' id='word_1_174' title='bbox 372 1203 619 1257; x_wconf 62' lang='lat' dir='ltr'>injecturum,</span> <span class='ocrx_word' id='word_1_175' title='bbox 643 1211 686 1245; x_wconf 81' lang='lat' dir='ltr'>ut</span> <span class='ocrx_word' id='word_1_176' title='bbox 716 1207 750 1245; x_wconf 82' lang='lat' dir='ltr'>is</span> <span class='ocrx_word' id='word_1_177' title='bbox 772 1220 903 1257; x_wconf 78' lang='lat' dir='ltr'>pavor</span> <span class='ocrx_word' id='word_1_178' title='bbox 932 1211 1085 1257; x_wconf 82' lang='lat' dir='ltr'>cogeret</span> <span class='ocrx_word' id='word_1_179' title='bbox 1114 1206 1288 1259; x_wconf 78' lang='lat' dir='ltr'>Ligures</span> <span class='ocrx_word' id='word_1_180' title='bbox 1317 1208 1501 1245; x_wconf 70' lang='lat' dir='ltr'>excedere</span> <span class='ocrx_word' id='word_1_181' title='bbox 1526 1206 1644 1252; x_wconf 80' lang='lat' dir='ltr'>saltu,</span> <span class='ocrx_word' id='word_1_182' title='bbox 1668 1218 1778 1258; x_wconf 85' lang='lat' dir='ltr'>quem</span> 
     </span>
     <span class='ocr_line' id='line_1_33' title="bbox 372 1260 1778 1315; baseline -0.001 -13"><span class='ocrx_word' id='word_1_183' title='bbox 372 1262 611 1312; x_wconf 78' lang='lat' dir='ltr'>obsiderent,</span> <span class='ocrx_word' id='word_1_184' title='bbox 634 1268 670 1301; x_wconf 78' lang='lat' dir='ltr'>et</span> <span class='ocrx_word' id='word_1_185' title='bbox 691 1263 912 1302; x_wconf 80' lang='lat' dir='ltr'>discurrere</span> <span class='ocrx_word' id='word_1_186' title='bbox 933 1263 987 1301; x_wconf 82' lang='lat' dir='ltr'>ad</span> <span class='ocrx_word' id='word_1_187' title='bbox 1017 1276 1126 1314; x_wconf 79' lang='lat' dir='ltr'>opem</span> <span class='ocrx_word' id='word_1_188' title='bbox 1140 1263 1359 1315; x_wconf 64' lang='lat' dir='ltr'>serendam</span> <span class='ocrx_word' id='word_1_189' title='bbox 1390 1263 1482 1302; x_wconf 82' lang='lat' dir='ltr'>suis.</span> <span class='ocrx_word' id='word_1_190' title='bbox 1544 1260 1778 1302; x_wconf 88' lang='lat' dir='ltr'>Conlauda-</span> 
     </span>
     <span class='ocr_line' id='line_1_34' title="bbox 372 1317 1775 1374; baseline -0.001 -15"><span class='ocrx_word' id='word_1_191' title='bbox 372 1326 463 1359; x_wconf 86' lang='lat' dir='ltr'>tum</span> <span class='ocrx_word' id='word_1_192' title='bbox 495 1332 590 1358; x_wconf 86' lang='lat' dir='ltr'>eum</span> <span class='ocrx_word' id='word_1_193' title='bbox 625 1318 768 1359; x_wconf 85' lang='lat' dir='ltr'>consul</span> <span class='ocrx_word' id='word_1_194' title='bbox 802 1333 872 1374; x_wconf 85' lang='lat' dir='ltr'>spe</span> <span class='ocrx_word' id='word_1_195' title='bbox 903 1319 1170 1374; x_wconf 80' lang='lat' dir='ltr'>praemiorum</span> <span class='ocrx_word' id='word_1_196' title='bbox 1203 1327 1356 1359; x_wconf 83' lang='lat' dir='ltr'>onerat.</span> <span class='ocrx_word' id='word_1_197' title='bbox 1418 1317 1614 1358; x_wconf 76' lang='lat' dir='ltr'>Numidae</span> <span class='ocrx_word' id='word_1_198' title='bbox 1646 1331 1775 1372; x_wconf 86' lang='lat' dir='ltr'>equos</span> 
     </span>
     <span class='ocr_line' id='line_1_35' title="bbox 372 1374 1773 1430; baseline -0.001 -16"><span class='ocrx_word' id='word_1_199' title='bbox 372 1375 667 1425; x_wconf 88' lang='lat' dir='ltr'>conscendunt,</span> <span class='ocrx_word' id='word_1_200' title='bbox 703 1383 744 1416; x_wconf 88' lang='lat' dir='ltr'>et</span> <span class='ocrx_word' id='word_1_201' title='bbox 779 1375 1022 1430; x_wconf 81' lang='lat' dir='ltr'>obequitare</span> <span class='ocrx_word' id='word_1_202' title='bbox 1058 1375 1305 1416; x_wconf 78' lang='lat' dir='ltr'>stationibus</span> <span class='ocrx_word' id='word_1_203' title='bbox 1338 1375 1536 1423; x_wconf 83' lang='lat' dir='ltr'>hostium,</span> <span class='ocrx_word' id='word_1_204' title='bbox 1572 1374 1773 1414; x_wconf 88' lang='lat' dir='ltr'>neminem</span> 
     </span>
     <span class='ocr_line' id='line_1_36' title="bbox 371 1430 1777 1487; baseline 0 -17"><span class='ocrx_word' id='word_1_205' title='bbox 371 1430 628 1480; x_wconf 84' lang='lat' dir='ltr'>lacessentes,</span> <span class='ocrx_word' id='word_1_206' title='bbox 664 1440 890 1486; x_wconf 88' lang='lat' dir='ltr'>coeperunt.</span> <span class='ocrx_word' id='word_1_207' title='bbox 952 1431 1068 1471; x_wconf 84' lang='lat' dir='ltr'>Nihil</span> <span class='ocrx_word' id='word_1_208' title='bbox 1107 1432 1242 1487; x_wconf 86' lang='lat' dir='ltr'>primo</span> <span class='ocrx_word' id='word_1_209' title='bbox 1282 1431 1480 1486; x_wconf 86' lang='lat' dir='ltr'>adspectu</span> <span class='ocrx_word' id='word_1_210' title='bbox 1516 1430 1777 1471; x_wconf 79' lang='lat' dir='ltr'>contemtius.</span> 
     </span>
     <span class='ocr_line' id='line_1_37' title="bbox 371 1486 1780 1543; baseline -0.001 -16"><span class='ocrx_word' id='word_1_211' title='bbox 371 1487 468 1542; x_wconf 90' lang='lat' dir='ltr'>equi</span> <span class='ocrx_word' id='word_1_212' title='bbox 498 1487 767 1543; x_wconf 85' lang='lat' dir='ltr'>hominesque</span> <span class='ocrx_word' id='word_1_213' title='bbox 786 1487 1000 1542; x_wconf 76' lang='lat' dir='ltr'>⁵²paulluli</span> <span class='ocrx_word' id='word_1_214' title='bbox 1036 1495 1077 1528; x_wconf 89' lang='lat' dir='ltr'>et</span> <span class='ocrx_word' id='word_1_215' title='bbox 1107 1488 1300 1540; x_wconf 80' lang='lat' dir='ltr'>graciles:</span> <span class='ocrx_word' id='word_1_216' title='bbox 1344 1487 1567 1527; x_wconf 86' lang='lat' dir='ltr'>discinctus</span> <span class='ocrx_word' id='word_1_217' title='bbox 1599 1494 1639 1527; x_wconf 89' lang='lat' dir='ltr'>et</span> <span class='ocrx_word' id='word_1_218' title='bbox 1674 1486 1780 1526; x_wconf 89' lang='lat' dir='ltr'>iner-</span> 
     </span>
     <span class='ocr_line' id='line_1_38' title="bbox 370 1541 1775 1599; baseline -0.001 -15"><span class='ocrx_word' id='word_1_219' title='bbox 370 1544 448 1583; x_wconf 81' lang='lat' dir='ltr'>mis</span> <span class='ocrx_word' id='word_1_220' title='bbox 483 1559 624 1598; x_wconf 85' lang='lat' dir='ltr'>eques,</span> <span class='ocrx_word' id='word_1_221' title='bbox 660 1552 940 1599; x_wconf 68' lang='lat' dir='ltr'>praeterquam</span> <span class='ocrx_word' id='word_1_222' title='bbox 975 1544 1090 1599; x_wconf 88' lang='lat' dir='ltr'>quod</span> <span class='ocrx_word' id='word_1_223' title='bbox 1120 1544 1261 1599; x_wconf 81' lang='lat' dir='ltr'>jacula</span> <span class='ocrx_word' id='word_1_224' title='bbox 1295 1559 1431 1584; x_wconf 89' lang='lat' dir='ltr'>secum</span> <span class='ocrx_word' id='word_1_225' title='bbox 1466 1550 1633 1599; x_wconf 87' lang='lat' dir='ltr'>portat:</span> <span class='ocrx_word' id='word_1_226' title='bbox 1679 1541 1775 1598; x_wconf 87' lang='lat' dir='ltr'>equi</span> 
     </span>
     <span class='ocr_line' id='line_1_39' title="bbox 372 1599 1779 1655; baseline 0 -16"><span class='ocrx_word' id='word_1_227' title='bbox 372 1599 457 1640; x_wconf 84' lang='lat' dir='ltr'>sine</span> <span class='ocrx_word' id='word_1_228' title='bbox 491 1600 632 1649; x_wconf 86' lang='lat' dir='ltr'>frenis,</span> <span class='ocrx_word' id='word_1_229' title='bbox 665 1600 861 1640; x_wconf 85' lang='lat' dir='ltr'>deformis</span> <span class='ocrx_word' id='word_1_230' title='bbox 889 1600 976 1655; x_wconf 84' lang='lat' dir='ltr'>ipse</span> <span class='ocrx_word' id='word_1_231' title='bbox 1011 1615 1156 1641; x_wconf 83' lang='lat' dir='ltr'>cursus</span> <span class='ocrx_word' id='word_1_232' title='bbox 1191 1600 1326 1655; x_wconf 88' lang='lat' dir='ltr'>rigida</span> <span class='ocrx_word' id='word_1_233' title='bbox 1354 1600 1510 1640; x_wconf 88' lang='lat' dir='ltr'>cervice</span> <span class='ocrx_word' id='word_1_234' title='bbox 1540 1608 1580 1640; x_wconf 89' lang='lat' dir='ltr'>et</span> <span class='ocrx_word' id='word_1_235' title='bbox 1611 1607 1779 1640; x_wconf 82' lang='lat' dir='ltr'>extento</span> 
     </span>
     <span class='ocr_line' id='line_1_40' title="bbox 371 1656 1780 1712; baseline 0 -16"><span class='ocrx_word' id='word_1_236' title='bbox 371 1657 505 1711; x_wconf 89' lang='lat' dir='ltr'>capite</span> <span class='ocrx_word' id='word_1_237' title='bbox 536 1656 802 1697; x_wconf 83' lang='lat' dir='ltr'>currentium.</span> <span class='ocrx_word' id='word_1_238' title='bbox 864 1658 992 1697; x_wconf 90' lang='lat' dir='ltr'>Hunc</span> <span class='ocrx_word' id='word_1_239' title='bbox 1022 1665 1277 1698; x_wconf 87' lang='lat' dir='ltr'>contemtum</span> <span class='ocrx_word' id='word_1_240' title='bbox 1313 1656 1363 1697; x_wconf 89' lang='lat' dir='ltr'>de</span> <span class='ocrx_word' id='word_1_241' title='bbox 1393 1656 1599 1697; x_wconf 89' lang='lat' dir='ltr'>industria</span> <span class='ocrx_word' id='word_1_242' title='bbox 1626 1671 1780 1712; x_wconf 84' lang='lat' dir='ltr'>augen-</span> 
     </span>
     <span class='ocr_line' id='line_1_41' title="bbox 372 1712 1776 1768; baseline 0 -16"><span class='ocrx_word' id='word_1_243' title='bbox 372 1719 447 1761; x_wconf 88' lang='lat' dir='ltr'>tes,</span> <span class='ocrx_word' id='word_1_244' title='bbox 470 1712 552 1752; x_wconf 79' lang='lat' dir='ltr'>labi</span> <span class='ocrx_word' id='word_1_245' title='bbox 573 1728 623 1753; x_wconf 82' lang='lat' dir='ltr'>ex</span> <span class='ocrx_word' id='word_1_246' title='bbox 646 1713 778 1768; x_wconf 86' lang='lat' dir='ltr'>equis,</span> <span class='ocrx_word' id='word_1_247' title='bbox 800 1721 839 1753; x_wconf 87' lang='lat' dir='ltr'>et</span> <span class='ocrx_word' id='word_1_248' title='bbox 862 1728 934 1768; x_wconf 86' lang='lat' dir='ltr'>per</span> <span class='ocrx_word' id='word_1_249' title='bbox 956 1713 1183 1754; x_wconf 87' lang='lat' dir='ltr'>ludibrium</span> <span class='ocrx_word' id='word_1_250' title='bbox 1206 1712 1439 1768; x_wconf 87' lang='lat' dir='ltr'>spectaculo</span> <span class='ocrx_word' id='word_1_251' title='bbox 1460 1727 1556 1753; x_wconf 88' lang='lat' dir='ltr'>esse.</span> <span class='ocrx_word' id='word_1_252' title='bbox 1610 1712 1776 1767; x_wconf 86' lang='lat' dir='ltr'>Itaque,</span> 
     </span>
     <span class='ocr_line' id='line_1_42' title="bbox 371 1768 1778 1825; baseline -0.001 -16"><span class='ocrx_word' id='word_1_253' title='bbox 371 1769 443 1823; x_wconf 89' lang='lat' dir='ltr'>qui</span> <span class='ocrx_word' id='word_1_254' title='bbox 472 1769 607 1824; x_wconf 87' lang='lat' dir='ltr'>primo</span> <span class='ocrx_word' id='word_1_255' title='bbox 636 1768 783 1810; x_wconf 88' lang='lat' dir='ltr'>intenti</span> <span class='ocrx_word' id='word_1_256' title='bbox 813 1769 1046 1825; x_wconf 86' lang='lat' dir='ltr'>paratique,</span> <span class='ocrx_word' id='word_1_257' title='bbox 1069 1769 1100 1811; x_wconf 80' lang='lat' dir='ltr'>si</span> <span class='ocrx_word' id='word_1_258' title='bbox 1132 1769 1442 1817; x_wconf 81' lang='lat' dir='ltr'>lacesserentur,</span> <span class='ocrx_word' id='word_1_259' title='bbox 1463 1769 1504 1809; x_wconf 90' lang='lat' dir='ltr'>in</span> <span class='ocrx_word' id='word_1_260' title='bbox 1531 1768 1778 1810; x_wconf 81' lang='lat' dir='ltr'>stationibus</span> 
     </span>
     <span class='ocr_line' id='line_1_43' title="bbox 370 1824 1776 1882; baseline 0 -17"><span class='ocrx_word' id='word_1_261' title='bbox 370 1825 550 1874; x_wconf 85' lang='lat' dir='ltr'>fuerant,</span> <span class='ocrx_word' id='word_1_262' title='bbox 568 1825 655 1880; x_wconf 84' lang='lat' dir='ltr'>jam</span> <span class='ocrx_word' id='word_1_263' title='bbox 686 1825 858 1866; x_wconf 86' lang='lat' dir='ltr'>inermes</span> <span class='ocrx_word' id='word_1_264' title='bbox 889 1825 1159 1881; x_wconf 81' lang='lat' dir='ltr'>sedentesque</span> <span class='ocrx_word' id='word_1_265' title='bbox 1188 1840 1284 1882; x_wconf 88' lang='lat' dir='ltr'>pars</span> <span class='ocrx_word' id='word_1_266' title='bbox 1313 1824 1494 1866; x_wconf 79' lang='lat' dir='ltr'>maxima</span> <span class='ocrx_word' id='word_1_267' title='bbox 1523 1825 1776 1881; x_wconf 85' lang='lat' dir='ltr'>spectabant.</span> 
     </span>
     <span class='ocr_line' id='line_1_44' title="bbox 371 1881 1778 1938; baseline 0 -17"><span class='ocrx_word' id='word_1_268' title='bbox 371 1881 568 1921; x_wconf 83' lang='lat' dir='ltr'>Numidae</span> <span class='ocrx_word' id='word_1_269' title='bbox 589 1881 845 1935; x_wconf 86' lang='lat' dir='ltr'>adequitare,</span> <span class='ocrx_word' id='word_1_270' title='bbox 863 1881 957 1922; x_wconf 85' lang='lat' dir='ltr'>dein</span> <span class='ocrx_word' id='word_1_271' title='bbox 978 1882 1182 1937; x_wconf 83' lang='lat' dir='ltr'>refugere,</span> <span class='ocrx_word' id='word_1_272' title='bbox 1205 1881 1276 1923; x_wconf 88' lang='lat' dir='ltr'>sed</span> <span class='ocrx_word' id='word_1_273' title='bbox 1296 1882 1468 1938; x_wconf 85' lang='lat' dir='ltr'>propius</span> <span class='ocrx_word' id='word_1_274' title='bbox 1490 1881 1638 1922; x_wconf 83' lang='lat' dir='ltr'>saltum</span> <span class='ocrx_word' id='word_1_275' title='bbox 1660 1881 1778 1937; x_wconf 89' lang='lat' dir='ltr'>paul-</span> 
     </span>
     <span class='ocr_line' id='line_1_45' title="bbox 369 1935 1779 1994; baseline 0.001 -17"><span class='ocrx_word' id='word_1_276' title='bbox 369 1936 483 1978; x_wconf 88' lang='lat' dir='ltr'>latim</span> <span class='ocrx_word' id='word_1_277' title='bbox 507 1937 647 1978; x_wconf 83' lang='lat' dir='ltr'>evehi:</span> <span class='ocrx_word' id='word_1_278' title='bbox 671 1937 826 1979; x_wconf 76' lang='lat' dir='ltr'>³³velut</span> <span class='ocrx_word' id='word_1_279' title='bbox 848 1953 953 1993; x_wconf 89' lang='lat' dir='ltr'>quos</span> <span class='ocrx_word' id='word_1_280' title='bbox 974 1939 1207 1994; x_wconf 83' lang='lat' dir='ltr'>inpotentes</span> <span class='ocrx_word' id='word_1_281' title='bbox 1238 1939 1405 1993; x_wconf 79' lang='lat' dir='ltr'>regendi</span> <span class='ocrx_word' id='word_1_282' title='bbox 1432 1938 1528 1993; x_wconf 90' lang='lat' dir='ltr'>equi</span> <span class='ocrx_word' id='word_1_283' title='bbox 1550 1937 1699 1979; x_wconf 85' lang='lat' dir='ltr'>invitos</span> <span class='ocrx_word' id='word_1_284' title='bbox 1720 1935 1779 1978; x_wconf 88' lang='lat' dir='ltr'>ef-</span> 
     </span>
     <span class='ocr_line' id='line_1_46' title="bbox 369 1993 1778 2050; baseline 0.001 -17"><span class='ocrx_word' id='word_1_285' title='bbox 369 1993 535 2034; x_wconf 87' lang='lat' dir='ltr'>ferrent.</span> <span class='ocrx_word' id='word_1_286' title='bbox 572 2002 781 2050; x_wconf 88' lang='lat' dir='ltr'>postrcmo</span> <span class='ocrx_word' id='word_1_287' title='bbox 817 1995 994 2035; x_wconf 78' lang='lat' dir='ltr'>subditis</span> <span class='ocrx_word' id='word_1_288' title='bbox 1029 1995 1256 2036; x_wconf 87' lang='lat' dir='ltr'>calcaribus</span> <span class='ocrx_word' id='word_1_289' title='bbox 1291 1995 1416 2036; x_wconf 82' lang='lat' dir='ltr'>inter⁸</span> <span class='ocrx_word' id='word_1_290' title='bbox 1447 1994 1602 2035; x_wconf 89' lang='lat' dir='ltr'>medias</span> <span class='ocrx_word' id='word_1_291' title='bbox 1638 1994 1778 2035; x_wconf 90' lang='lat' dir='ltr'>statio-</span> 
     </span>
     <span class='ocr_line' id='line_1_47' title="bbox 369 2050 1778 2107; baseline 0.001 -17"><span class='ocrx_word' id='word_1_292' title='bbox 369 2064 440 2090; x_wconf 86' lang='lat' dir='ltr'>nes</span> <span class='ocrx_word' id='word_1_293' title='bbox 469 2050 651 2091; x_wconf 88' lang='lat' dir='ltr'>hostium</span> <span class='ocrx_word' id='word_1_294' title='bbox 681 2066 876 2107; x_wconf 86' lang='lat' dir='ltr'>erupere:</span> <span class='ocrx_word' id='word_1_295' title='bbox 910 2059 965 2101; x_wconf 91' lang='lat' dir='ltr'>et,</span> <span class='ocrx_word' id='word_1_296' title='bbox 996 2052 1039 2092; x_wconf 90' lang='lat' dir='ltr'>in</span> <span class='ocrx_word' id='word_1_297' title='bbox 1066 2067 1213 2106; x_wconf 81' lang='lat' dir='ltr'>agrum</span> <span class='ocrx_word' id='word_1_298' title='bbox 1244 2051 1431 2092; x_wconf 85' lang='lat' dir='ltr'>latiorem</span> <span class='ocrx_word' id='word_1_299' title='bbox 1465 2051 1609 2099; x_wconf 83' lang='lat' dir='ltr'>evecti,</span> <span class='ocrx_word' id='word_1_300' title='bbox 1640 2051 1778 2091; x_wconf 83' lang='lat' dir='ltr'>omnia</span> 
     </span>
     <span class='ocr_line' id='line_1_48' title="bbox 368 2106 1777 2163; baseline 0 -16"><span class='ocrx_word' id='word_1_301' title='bbox 368 2106 606 2163; x_wconf 89' lang='lat' dir='ltr'>propinqua</span> <span class='ocrx_word' id='word_1_302' title='bbox 634 2108 710 2148; x_wconf 89' lang='lat' dir='ltr'>viae</span> <span class='ocrx_word' id='word_1_303' title='bbox 742 2115 850 2148; x_wconf 86' lang='lat' dir='ltr'>tecta</span> <span class='ocrx_word' id='word_1_304' title='bbox 885 2107 1121 2149; x_wconf 85' lang='lat' dir='ltr'>incendunt.</span> <span class='ocrx_word' id='word_1_305' title='bbox 1153 2109 1343 2163; x_wconf 80' lang='lat' dir='ltr'>proximo</span> <span class='ocrx_word' id='word_1_306' title='bbox 1375 2108 1524 2149; x_wconf 86' lang='lat' dir='ltr'>deinde</span> <span class='ocrx_word' id='word_1_307' title='bbox 1556 2107 1646 2147; x_wconf 90' lang='lat' dir='ltr'>vico</span> <span class='ocrx_word' id='word_1_308' title='bbox 1676 2106 1777 2147; x_wconf 89' lang='lat' dir='ltr'>infe-</span> 
     </span>
     <span class='ocr_line' id='line_1_49' title="bbox 369 2162 1776 2221; baseline 0.001 -19"><span class='ocrx_word' id='word_1_309' title='bbox 369 2171 467 2203; x_wconf 89' lang='lat' dir='ltr'>runt</span> <span class='ocrx_word' id='word_1_310' title='bbox 507 2162 659 2215; x_wconf 82' lang='lat' dir='ltr'>ignem,</span> <span class='ocrx_word' id='word_1_311' title='bbox 695 2164 805 2205; x_wconf 87' lang='lat' dir='ltr'>ferro</span> <span class='ocrx_word' id='word_1_312' title='bbox 844 2163 1093 2220; x_wconf 86' lang='lat' dir='ltr'>flammaque</span> <span class='ocrx_word' id='word_1_313' title='bbox 1133 2164 1270 2205; x_wconf 88' lang='lat' dir='ltr'>omnia</span> <span class='ocrx_word' id='word_1_314' title='bbox 1303 2172 1554 2221; x_wconf 79' lang='lat' dir='ltr'>pervastant.</span> <span class='ocrx_word' id='word_1_315' title='bbox 1616 2164 1776 2203; x_wconf 90' lang='lat' dir='ltr'>Fumus</span> 
     </span>
     <span class='ocr_line' id='line_1_50' title="bbox 367 2219 1776 2276; baseline 0.001 -18"><span class='ocrx_word' id='word_1_316' title='bbox 367 2219 503 2273; x_wconf 78' lang='lat' dir='ltr'>primo</span> <span class='ocrx_word' id='word_1_317' title='bbox 530 2228 787 2276; x_wconf 85' lang='lat' dir='ltr'>conspectus,</span> <span class='ocrx_word' id='word_1_318' title='bbox 819 2220 967 2261; x_wconf 85' lang='lat' dir='ltr'>deinde</span> <span class='ocrx_word' id='word_1_319' title='bbox 995 2221 1148 2262; x_wconf 88' lang='lat' dir='ltr'>clamor</span> <span class='ocrx_word' id='word_1_320' title='bbox 1176 2221 1473 2276; x_wconf 86' lang='lat' dir='ltr'>trepidantium</span> <span class='ocrx_word' id='word_1_321' title='bbox 1503 2221 1545 2261; x_wconf 88' lang='lat' dir='ltr'>in</span> <span class='ocrx_word' id='word_1_322' title='bbox 1573 2219 1675 2260; x_wconf 77' lang='lat' dir='ltr'>vicis</span> <span class='ocrx_word' id='word_1_323' title='bbox 1705 2234 1776 2260; x_wconf 87' lang='lat' dir='ltr'>au-</span> 
     </span>
     <span class='ocr_line' id='line_1_51' title="bbox 369 2273 1774 2333; baseline 0.002 -19"><span class='ocrx_word' id='word_1_324' title='bbox 369 2273 496 2324; x_wconf 87' lang='lat' dir='ltr'>ditus,</span> <span class='ocrx_word' id='word_1_325' title='bbox 518 2285 727 2331; x_wconf 83' lang='lat' dir='ltr'>postremo</span> <span class='ocrx_word' id='word_1_326' title='bbox 757 2276 933 2317; x_wconf 87' lang='lat' dir='ltr'>seniores</span> <span class='ocrx_word' id='word_1_327' title='bbox 960 2277 1164 2333; x_wconf 86' lang='lat' dir='ltr'>puerique</span> <span class='ocrx_word' id='word_1_328' title='bbox 1192 2278 1444 2333; x_wconf 86' lang='lat' dir='ltr'>refugientes</span> <span class='ocrx_word' id='word_1_329' title='bbox 1474 2276 1701 2318; x_wconf 84' lang='lat' dir='ltr'>tumultum</span> <span class='ocrx_word' id='word_1_330' title='bbox 1734 2275 1774 2317; x_wconf 91' lang='lat' dir='ltr'>in</span> 
     </span>
     <span class='ocr_line' id='line_1_52' title="bbox 369 2331 1775 2389; baseline 0.001 -18"><span class='ocrx_word' id='word_1_331' title='bbox 369 2331 512 2372; x_wconf 87' lang='lat' dir='ltr'>castris</span> <span class='ocrx_word' id='word_1_332' title='bbox 536 2332 735 2373; x_wconf 86' lang='lat' dir='ltr'>fecerunt.</span> <span class='ocrx_word' id='word_1_333' title='bbox 771 2333 914 2389; x_wconf 87' lang='lat' dir='ltr'>itaque</span> <span class='ocrx_word' id='word_1_334' title='bbox 945 2334 1029 2374; x_wconf 85' lang='lat' dir='ltr'>sine</span> <span class='ocrx_word' id='word_1_335' title='bbox 1065 2333 1248 2385; x_wconf 83' lang='lat' dir='ltr'>consilio,</span> <span class='ocrx_word' id='word_1_336' title='bbox 1285 2335 1369 2375; x_wconf 87' lang='lat' dir='ltr'>sine</span> <span class='ocrx_word' id='word_1_337' title='bbox 1404 2333 1589 2389; x_wconf 88' lang='lat' dir='ltr'>imperio,</span> <span class='ocrx_word' id='word_1_338' title='bbox 1625 2347 1701 2388; x_wconf 85' lang='lat' dir='ltr'>pro</span> <span class='ocrx_word' id='word_1_339' title='bbox 1735 2349 1775 2373; x_wconf 84' lang='lat' dir='ltr'>se</span> 
     </span>
     <span class='ocr_line' id='line_1_53' title="bbox 370 2388 1775 2444; baseline 0.001 -17"><span class='ocrx_word' id='word_1_340' title='bbox 370 2388 548 2443; x_wconf 88' lang='lat' dir='ltr'>quisque</span> <span class='ocrx_word' id='word_1_341' title='bbox 589 2404 753 2430; x_wconf 86' lang='lat' dir='ltr'>currere</span> <span class='ocrx_word' id='word_1_342' title='bbox 792 2390 845 2429; x_wconf 87' lang='lat' dir='ltr'>ad</span> <span class='ocrx_word' id='word_1_343' title='bbox 886 2405 961 2430; x_wconf 89' lang='lat' dir='ltr'>sua</span> <span class='ocrx_word' id='word_1_344' title='bbox 1000 2390 1211 2431; x_wconf 75' lang='lat' dir='ltr'>tutanda‘:</span> <span class='ocrx_word' id='word_1_345' title='bbox 1254 2398 1544 2444; x_wconf 89' lang='lat' dir='ltr'>momentoque</span> <span class='ocrx_word' id='word_1_346' title='bbox 1580 2389 1775 2444; x_wconf 83' lang='lat' dir='ltr'>temporis</span> 
     </span>
     <span class='ocr_line' id='line_1_54' title="bbox 370 2444 1777 2500; baseline 0.001 -17"><span class='ocrx_word' id='word_1_347' title='bbox 370 2452 503 2485; x_wconf 84' lang='lat' dir='ltr'>castra</span> <span class='ocrx_word' id='word_1_348' title='bbox 522 2445 664 2486; x_wconf 88' lang='lat' dir='ltr'>relicta</span> <span class='ocrx_word' id='word_1_349' title='bbox 684 2454 814 2496; x_wconf 87' lang='lat' dir='ltr'>erant,</span> <span class='ocrx_word' id='word_1_350' title='bbox 837 2454 878 2487; x_wconf 87' lang='lat' dir='ltr'>et</span> <span class='ocrx_word' id='word_1_351' title='bbox 908 2447 1120 2488; x_wconf 86' lang='lat' dir='ltr'>obsidione</span> <span class='ocrx_word' id='word_1_352' title='bbox 1142 2447 1341 2488; x_wconf 82' lang='lat' dir='ltr'>liberatus</span> <span class='ocrx_word' id='word_1_353' title='bbox 1362 2446 1518 2493; x_wconf 84' lang='lat' dir='ltr'>consul,</span> <span class='ocrx_word' id='word_1_354' title='bbox 1541 2461 1625 2500; x_wconf 89' lang='lat' dir='ltr'>quo</span> <span class='ocrx_word' id='word_1_355' title='bbox 1646 2444 1777 2486; x_wconf 85' lang='lat' dir='ltr'>inten-</span> 
     </span>
     <span class='ocr_line' id='line_1_55' title="bbox 370 2499 724 2556; baseline 0.008 -16"><span class='ocrx_word' id='word_1_356' title='bbox 370 2499 502 2550; x_wconf 84' lang='lat' dir='ltr'>derat,</span> <span class='ocrx_word' id='word_1_357' title='bbox 525 2501 724 2556; x_wconf 86' lang='lat' dir='ltr'>pervenit.</span> 
     </span>
    </p>

    <p class='ocr_par' dir='ltr' id='par_1_10' title="bbox 370 2557 1775 2672">
     <span class='ocr_line' id='line_1_56' title="bbox 430 2557 1775 2615; baseline 0.001 -18"><span class='ocrx_word' id='word_1_358' title='bbox 430 2557 542 2598; x_wconf 88' lang='lat' dir='ltr'>XII.</span> <span class='ocrx_word' id='word_1_359' title='bbox 568 2558 648 2598; x_wconf 90' lang='lat' dir='ltr'>Sed</span> <span class='ocrx_word' id='word_1_360' title='bbox 670 2573 804 2614; x_wconf 89' lang='lat' dir='ltr'>neque</span> <span class='ocrx_word' id='word_1_361' title='bbox 829 2559 933 2608; x_wconf 88' lang='lat' dir='ltr'>Boii,</span> <span class='ocrx_word' id='word_1_362' title='bbox 957 2574 1091 2615; x_wconf 90' lang='lat' dir='ltr'>neque</span> <span class='ocrx_word' id='word_1_363' title='bbox 1122 2559 1316 2615; x_wconf 84' lang='lat' dir='ltr'>Hispani,</span> <span class='ocrx_word' id='word_1_364' title='bbox 1339 2574 1432 2600; x_wconf 90' lang='lat' dir='ltr'>cum</span> <span class='ocrx_word' id='word_1_365' title='bbox 1455 2558 1610 2614; x_wconf 86' lang='lat' dir='ltr'>quibus</span> <span class='ocrx_word' id='word_1_366' title='bbox 1637 2574 1686 2599; x_wconf 90' lang='lat' dir='ltr'>eo</span> <span class='ocrx_word' id='word_1_367' title='bbox 1705 2574 1775 2599; x_wconf 87' lang='lat' dir='ltr'>an-</span> 
     </span>
     <span class='ocr_line' id='line_1_57' title="bbox 370 2613 1773 2672; baseline 0.001 -18"><span class='ocrx_word' id='word_1_368' title='bbox 370 2628 424 2654; x_wconf 90' lang='lat' dir='ltr'>no</span> <span class='ocrx_word' id='word_1_369' title='bbox 453 2613 652 2655; x_wconf 86' lang='lat' dir='ltr'>bellatum</span> <span class='ocrx_word' id='word_1_370' title='bbox 681 2623 784 2664; x_wconf 84' lang='lat' dir='ltr'>erat,</span> <span class='ocrx_word' id='word_1_371' title='bbox 810 2614 933 2656; x_wconf 71' lang='lat' dir='ltr'>³⁴tam</span> <span class='ocrx_word' id='word_1_372' title='bbox 970 2616 1122 2657; x_wconf 87' lang='lat' dir='ltr'>inimici</span> <span class='ocrx_word' id='word_1_373' title='bbox 1153 2615 1375 2672; x_wconf 86' lang='lat' dir='ltr'>infestique</span> <span class='ocrx_word' id='word_1_374' title='bbox 1411 2623 1527 2657; x_wconf 86' lang='lat' dir='ltr'>erant</span> <span class='ocrx_word' id='word_1_375' title='bbox 1561 2615 1773 2664; x_wconf 85' lang='lat' dir='ltr'>Romanis,</span> 
     </span>
    </p>
   </div>
   <div class='ocr_carea' id='block_1_9' title="bbox 606 2702 1543 2744">
    <p class='ocr_par' dir='ltr' id='par_1_11' title="bbox 606 2702 1543 2744">
     <span class='ocr_line' id='line_1_58' title="bbox 606 2702 1543 2744; baseline 0.001 -11"><span class='ocrx_word' id='word_1_376' title='bbox 606 2705 618 2723; x_wconf 86' lang='lat'>¹&#39;</span> <span class='ocrx_word' id='word_1_377' title='bbox 633 2715 651 2733; x_wconf 82' lang='lat' dir='ltr'>a</span> <span class='ocrx_word' id='word_1_378' title='bbox 668 2702 764 2734; x_wconf 90' lang='lat' dir='ltr'>Gron.</span> <span class='ocrx_word' id='word_1_379' title='bbox 781 2702 806 2733; x_wconf 95' lang='lat' dir='ltr'>C</span> <span class='ocrx_word' id='word_1_380' title='bbox 812 2712 871 2733; x_wconf 84' lang='lat' dir='ltr'>rev.</span> <span class='ocrx_word' id='word_1_381' title='bbox 999 2707 1010 2724; x_wconf 82' lang='lat'>⁵</span> <span class='ocrx_word' id='word_1_382' title='bbox 1023 2715 1076 2744; x_wconf 79' lang='lat' dir='ltr'>per</span> <span class='ocrx_word' id='word_1_383' title='bbox 1092 2704 1178 2735; x_wconf 76' lang='lat' dir='ltr'>Eaed.</span> <span class='ocrx_word' id='word_1_384' title='bbox 1307 2705 1315 2724; x_wconf 77' lang='lat'><strong>¹</strong></span> <span class='ocrx_word' id='word_1_385' title='bbox 1333 2705 1439 2733; x_wconf 75' lang='lat' dir='ltr'>tuenda</span> <span class='ocrx_word' id='word_1_386' title='bbox 1453 2704 1543 2735; x_wconf 83' lang='lat' dir='ltr'>Crev.</span> 
     </span>
    </p>
   </div>
   <div class='ocr_carea' id='block_1_10' title="bbox 371 2781 1771 2909">
    <p class='ocr_par' dir='ltr' id='par_1_12' title="bbox 371 2781 1771 2909">
     <span class='ocr_line' id='line_1_59' title="bbox 413 2781 1676 2824; baseline 0.002 -15"><span class='ocrx_word' id='word_1_387' title='bbox 413 2781 452 2810; x_wconf 81' lang='lat'>32</span> <span class='ocrx_word' id='word_1_388' title='bbox 479 2781 618 2823; x_wconf 78' lang='lat' dir='ltr'>Paululi]</span> <span class='ocrx_word' id='word_1_389' title='bbox 643 2781 779 2812; x_wconf 86' lang='lat' dir='ltr'>Parvuli.</span> <span class='ocrx_word' id='word_1_390' title='bbox 806 2782 904 2824; x_wconf 82' lang='lat' dir='ltr'>Supra</span> <span class='ocrx_word' id='word_1_391' title='bbox 920 2782 940 2812; x_wconf 90' lang='lat' dir='ltr'>l.</span> <span class='ocrx_word' id='word_1_392' title='bbox 954 2782 1050 2813; x_wconf 84' lang='lat' dir='ltr'>VIII.</span> <span class='ocrx_word' id='word_1_393' title='bbox 1093 2782 1218 2823; x_wconf 81' lang='lat' dir='ltr'>regendi</span> <span class='ocrx_word' id='word_1_394' title='bbox 1234 2782 1273 2813; x_wconf 88' lang='lat' dir='ltr'>ab</span> <span class='ocrx_word' id='word_1_395' title='bbox 1289 2782 1375 2823; x_wconf 83' lang='lat' dir='ltr'>equis</span> <span class='ocrx_word' id='word_1_396' title='bbox 1390 2782 1474 2813; x_wconf 84' lang='lat' dir='ltr'>inviti</span> <span class='ocrx_word' id='word_1_397' title='bbox 1490 2782 1676 2814; x_wconf 78' lang='lat' dir='ltr'>efferrentur.</span> 
     </span>
     <span class='ocr_line' id='line_1_60' title="bbox 371 2823 1771 2866; baseline 0.002 -16"><span class='ocrx_word' id='word_1_398' title='bbox 371 2830 396 2850; x_wconf 87' lang='lat' dir='ltr'>e.</span> <span class='ocrx_word' id='word_1_399' title='bbox 420 2823 464 2852; x_wconf 90' lang='lat' dir='ltr'>ll.</span> <span class='ocrx_word' id='word_1_400' title='bbox 480 2834 530 2861; x_wconf 79' lang='lat' dir='ltr'>pra</span> <span class='ocrx_word' id='word_1_401' title='bbox 544 2825 667 2862; x_wconf 73' lang='lat' dir='ltr'>paulula</span> <span class='ocrx_word' id='word_1_402' title='bbox 681 2826 738 2854; x_wconf 68' lang='lat' dir='ltr'>via.</span> <span class='ocrx_word' id='word_1_403' title='bbox 1136 2826 1177 2856; x_wconf 85' lang='lat'>34</span> <span class='ocrx_word' id='word_1_404' title='bbox 1204 2825 1273 2855; x_wconf 82' lang='lat' dir='ltr'>Tam</span> <span class='ocrx_word' id='word_1_405' title='bbox 1294 2826 1420 2866; x_wconf 75' lang='lat' dir='ltr'>inimici]</span> <span class='ocrx_word' id='word_1_406' title='bbox 1447 2826 1564 2857; x_wconf 72' lang='lat' dir='ltr'>Victor.</span> <span class='ocrx_word' id='word_1_407' title='bbox 1592 2836 1652 2856; x_wconf 84' lang='lat' dir='ltr'>una</span> <span class='ocrx_word' id='word_1_408' title='bbox 1680 2823 1771 2866; x_wconf 72' lang='lat' dir='ltr'>parti-</span> 
     </span>
     <span class='ocr_line' id='line_1_61' title="bbox 415 2865 1599 2909; baseline 0.002 -14"><span class='ocrx_word' id='word_1_409' title='bbox 415 2865 453 2893; x_wconf 74' lang='lat'>·&#39;33</span> <span class='ocrx_word' id='word_1_410' title='bbox 468 2866 484 2881; x_wconf 75' lang='lat'><strong><em>&#39;</em></strong></span> <span class='ocrx_word' id='word_1_411' title='bbox 507 2866 592 2895; x_wconf 64' lang='lat' dir='ltr'>Velm</span> <span class='ocrx_word' id='word_1_412' title='bbox 621 2868 702 2907; x_wconf 63' lang='lat' dir='ltr'>qum]</span> <span class='ocrx_word' id='word_1_413' title='bbox 737 2867 834 2903; x_wconf 61' lang='lat' dir='ltr'>Quasi</span> <span class='ocrx_word' id='word_1_414' title='bbox 869 2868 1050 2909; x_wconf 63' lang='lat' dir='ltr'>impotentes</span> <span class='ocrx_word' id='word_1_415' title='bbox 1094 2868 1162 2898; x_wconf 68' lang='lat' dir='ltr'>rula</span> <span class='ocrx_word' id='word_1_416' title='bbox 1179 2869 1306 2903; x_wconf 74' lang='lat' dir='ltr'>auctior,</span> <span class='ocrx_word' id='word_1_417' title='bbox 1321 2875 1375 2898; x_wconf 61' lang='lat' dir='ltr'>tar-1</span> <span class='ocrx_word' id='word_1_418' title='bbox 1395 2879 1463 2899; x_wconf 71' lang='lat' dir='ltr'>nme</span> <span class='ocrx_word' id='word_1_419' title='bbox 1479 2871 1599 2898; x_wconf 61' lang='lat' dir='ltr'>inimici.</span> 
     </span>
    </p>
   </div>
   <div class='ocr_carea' id='block_1_11' title="bbox 1945 1523 1947 2187">
    <p class='ocr_par' dir='ltr' id='par_1_13' title="bbox 1945 1523 1947 2187">
     <span class='ocr_line' id='line_1_62' title="bbox 1945 1523 1947 2187; baseline 0 0"><span class='ocrx_word' id='word_1_420' title='bbox 1945 1523 1947 2187; x_wconf 95' lang='lat' dir='ltr'> </span> 
     </span>
    </p>
   </div>
   <div class='ocr_carea' id='block_1_12' title="bbox 1922 2731 1937 3222">
    <p class='ocr_par' dir='ltr' id='par_1_14' title="bbox 1922 2731 1937 3222">
     <span class='ocr_line' id='line_1_63' title="bbox 1922 2731 1937 3222; textangle 90"><span class='ocrx_word' id='word_1_421' title='bbox 1928 2946 1935 3222; x_wconf 45' lang='lat'><strong>——“-—</strong></span> <span class='ocrx_word' id='word_1_422' title='bbox 1922 2846 1936 2922; x_wconf 41' lang='lat' dir='ltr'>ss-‘</span> <span class='ocrx_word' id='word_1_423' title='bbox 1933 2758 1937 2824; x_wconf 74' lang='grc'>.,.-.-</span> <span class='ocrx_word' id='word_1_424' title='bbox 1934 2731 1936 2740; x_wconf 88' lang='grc'>-</span> 
     </span>
    </p>
   </div>
  </div>
 </body>
</html>
