1947 3222
350 94 425 134 292
861 84 1000 124 TITI
1041 84 1210 123 LIVII

176 205 320 238 .C.562.
352 209 537 240 naeorum
558 193 775 251 expeditos
805 193 974 234 'uvenes
993 193 1117 235 misit.
1180 193 1233 244 li,
1255 193 1357 235 dum
1381 192 1606 236 missilibus
1626 194 1764 251 primo

200 249 239 281 C.
252 250 321 281 190.
354 262 396 296 et
416 252 614 294 adversus
633 265 787 308 paucos
822 251 968 291 evibus
983 250 1296 292 excursionibus
1315 251 1596 292 lacessebatur
1615 251 1762 307 magis,

356 324 482 367 quam
516 307 822 356 conserebatur,
858 321 1014 362 pugna,
1051 308 1339 349 sustinuerunt
1375 315 1604 348 certamen:
1651 316 1763 363 post-

357 382 485 423 quam
516 366 656 422 plures
686 364 738 406 ab
769 363 871 404 urbe
902 362 1157 412 adfluebant,
1179 370 1220 404 et
1250 364 1337 420 jam
1368 363 1499 405 omnis
1532 364 1763 405 multitudo

357 422 664 472 effundebatur,
699 421 822 461 timor
857 419 1022 460 incessit
1053 419 1239 469 Livium,
1269 436 1320 461 ne
1355 430 1396 462 et
1431 421 1652 461 auxiliares
1687 420 1764 461 cir-

358 478 709 526 cumvenirentur,
731 485 772 517 et
802 474 980 516 navibus
1001 474 1125 517 etiam
1146 476 1198 516 ab
1228 483 1339 517 terra
1366 477 1600 533 periculum
1631 484 1760 518 esset:

357 536 415 578 ita
445 551 526 577 non
553 535 705 575 milites
736 532 883 581 solum,
907 531 977 571 sed
1008 531 1131 572 etiam
1151 531 1185 555 ⁵⁰
1198 533 1362 574 navales
1393 534 1536 583 socios,
1557 533 1762 588 remigum

358 593 540 642 turbam,
566 590 722 646 quibus
751 588 931 644 quisque
963 595 1126 644 poterat
1155 588 1263 637 telis,
1284 597 1462 630 armatos
1490 590 1532 630 in
1566 590 1763 645 proelium

358 649 516 690 eduxit.
578 647 693 687 Tum
715 660 884 701 quoque
905 659 1054 699 anceps
1074 660 1217 700 pugna
1235 645 1343 693 fuit;
1376 661 1510 701 neque
1531 646 1682 687 milites
1703 662 1766 687 so-

358 706 445 746 lum
481 704 656 759 aliquot,
688 701 759 743 sed
795 702 847 741 L.
870 701 1080 757 Apustius
1114 701 1389 743 tumultuario
1422 701 1569 758 proelio
1603 702 1763 744 cecidit.

358 770 567 818 postremo
597 769 735 801 tamen
765 758 849 799 fusi
878 758 1099 813 fugatique
1130 766 1226 799 sunt
1248 757 1384 814 Lycii,
1406 767 1532 814 atque
1555 759 1597 799 in
1618 759 1765 800 urbem

359 816 584 873 compulsi:
618 824 659 857 et
681 814 859 856 Romani
880 829 974 855 cum
998 814 1113 855 haud
1142 815 1357 856 incruenta
1376 814 1549 856 victoria
1568 815 1621 855 ad
1640 830 1766 856 naves

359 874 583 915 redierunt.
645 872 752 913 Inde
771 872 816 913 in
839 870 1130 912 Telmissicum
1143 876 1155 894 ¹
1173 871 1350 927 profecti
1371 871 1520 921 sinum,
1543 871 1616 927 qui
1636 871 1764 913 latere

360 945 444 972 uno
478 931 658 979 Cariam,
689 928 819 970 altero
851 927 1026 984 Lyciam
1061 927 1279 983 contingit,
1311 929 1461 969 omissa
1495 929 1649 969 Patara
1682 942 1767 968 am-

360 987 470 1043 plius
504 985 694 1028 tentandi
731 1000 816 1041 spe,
849 984 1007 1025 Rhodii
1037 984 1208 1025 domum
1238 984 1396 1025 dimissi
1431 992 1539 1025 sunt.
1600 984 1764 1034 Livius,

358 1051 656 1100 praetervectus
685 1042 842 1092 Asiam,
874 1041 916 1082 in
949 1041 1154 1082 Graeciam
1188 1041 1428 1091 transmisit,
1458 1049 1522 1090 ut,
1553 1041 1767 1082 conventis

362 1100 639 1157 Scipionibus,
660 1099 734 1155 qui
758 1106 849 1140 tum
871 1098 978 1139 circa
1000 1097 1258 1139 Thessaliam
1279 1106 1410 1148 erant,
1432 1097 1473 1139 in
1497 1098 1662 1139 Italiam
1683 1106 1767 1140 tra-

353 1157 513 1213 jiceret.

417 1214 570 1255 XVII.
604 1212 818 1262 AEmilius,
841 1220 1064 1268 postquam
1093 1211 1262 1252 omissas
1291 1211 1333 1252 in
1361 1211 1495 1267 Lycia
1523 1226 1602 1261 res,
1623 1219 1664 1252 et
1694 1211 1767 1252 Li-

359 1270 473 1311 vium
495 1270 730 1326 profectum
754 1269 796 1309 in
819 1268 985 1309 Italiam
1006 1267 1215 1323 cognovit,
1237 1283 1369 1323 quum
1399 1268 1486 1324 ipse
1507 1268 1559 1309 ab
1580 1267 1767 1323 Epheso,

359 1327 551 1384 repulsus
572 1333 832 1383 tempestate,
853 1325 973 1365 irrito
993 1325 1158 1381 incepto
1182 1325 1350 1365 Samum
1370 1324 1620 1374 revertisset,
1642 1332 1766 1381 turpe

147 1389 293 1422 AEmilius
359 1393 489 1434 ratus,
512 1392 672 1425 tentata
690 1383 848 1424 frustra
868 1383 1022 1422 Patara
1041 1396 1141 1431 esse,
1162 1380 1365 1437 proficisci
1386 1396 1434 1422 eo
1453 1389 1543 1423 tota
1562 1381 1703 1431 classe,
1724 1389 1767 1422 et

147 1434 323 1506 totzclasse
360 1456 522 1482 summa
540 1441 582 1481 vi
603 1439 776 1496 adgredi
797 1438 944 1479 urbem
965 1438 1125 1478 statuit.
1172 1437 1369 1478 Miletum
1391 1445 1431 1478 et
1453 1446 1631 1479 ceteram
1652 1452 1768 1478 oram

146 1488 201 1550 {iffi
209 1487 318 1562 512¹ssssss
360 1499 565 1539 sociorum
604 1495 880 1553 praetervecti,
916 1494 957 1536 in
1000 1493 1297 1550 Bargylietico³
1331 1495 1423 1535 sinu
1463 1494 1767 1535 exscensionem

145 1562 237 1594 ciam.
360 1555 413 1596 ad
443 1555 613 1595 Jassum
645 1552 844 1594 fecerunt.
905 1551 1066 1592 Urbem
1101 1551 1262 1607 regium
1294 1551 1461 1593 tenebat
1497 1550 1764 1607 praesidium:

359 1626 508 1667 agrum
551 1611 659 1651 circa
699 1608 879 1650 Romani
920 1608 1127 1649 hostiliter
1166 1608 1410 1664 depopulati
1455 1615 1563 1649 sunt.
1625 1607 1768 1648 Missis

360 1667 524 1717 deinde,
547 1667 620 1723 qui
655 1681 729 1722 per
764 1664 983 1719 conloquia
1011 1664 1247 1721 principum
1269 1672 1310 1705 et
1339 1664 1660 1720 magistratuum
1681 1672 1769 1705 ten-

361 1732 496 1766 tarent
517 1724 687 1773 animos,
709 1731 931 1779 postquam
951 1721 1057 1761 nihil
1076 1722 1119 1761 in
1142 1728 1348 1777 potestate
1370 1736 1445 1761 sua
1463 1721 1767 1776 responderunt

360 1797 460 1831 esse,
482 1781 535 1822 ad
565 1780 712 1821 urbem
733 1777 1057 1841 obpugnandam
1079 1777 1207 1818 ducit.
1267 1778 1401 1818 Erant
1422 1779 1451 1817 J
1454 1777 1679 1818 assensium
1700 1792 1770 1817 ex-

360 1837 470 1879 sules
490 1852 584 1878 cum
607 1835 829 1877 Romanis:
861 1834 887 1874 1i
909 1834 1148 1890 frequentes
1170 1833 1358 1875 Rhodios
1373 1849 1490 1875 orare
1509 1833 1766 1883 institerunt,

361 1895 427 1934 Ne
446 1894 593 1941 urbem,
611 1900 649 1934 et
671 1894 842 1933 vicinam
861 1891 953 1940 sibi,
975 1898 1013 1931 et
1033 1897 1258 1945 cognatam,
1280 1891 1485 1931 innoxiam
1500 1892 1642 1944 perire
1661 1891 1769 1932 sine-

360 1957 483 1992 rents
522 1950 610 1992 Sibi
644 1950 780 1991 exsilii
813 1949 963 1989 nullam
1003 1949 1128 1988 aliam
1162 1962 1339 1989 caussam
1373 1962 1467 1998 esse,
1503 1963 1620 2002 quam
1643 1949 1770 2002 fidem

361 2023 457 2063 erga
481 2008 693 2049 Romanos.
739 2007 896 2047 Eadem
917 2006 958 2046 vi
977 2006 1189 2060 regiorum,
1207 2020 1285 2059 qna
1307 2006 1388 2059 ipsi
1397 2006 1511 2059 pulsi
1528 2006 1624 2056 sint,
1646 2005 1774 2046 teneri

362 2080 438 2115 eos,
461 2066 532 2120 qui
562 2066 604 2105 in
634 2064 729 2104 urbe
759 2069 961 2104 maneant.
992 2063 1161 2103 omnium
1182 2064 1428 2105 Jassensium
1457 2076 1576 2102 unam
1606 2069 1771 2103 mentem

363 2137 455 2171 esse,
478 2128 521 2162 ut
541 2123 766 2162 servitutem
788 2121 944 2175 regiam
966 2120 1196 2175 fftgerent.
1248 2119 1418 2169 Rhodii,
1440 2119 1541 2160 moti
1562 2119 1768 2175 precibuS‚

364 2181 553 2220 Eumene
592 2179 714 2219 etiam
756 2193 853 2233 rege
891 2176 1098 2226 adsumto,
1140 2176 1262 2217 simul
1310 2191 1404 2217 suas
1445 2176 1768 2217 necessitudines

363 2235 735 2284 commemorando,
765 2233 888 2274 simul
917 2233 1131 2274 ⁵¹obsessae
1160 2233 1275 2289 regio
1305 2233 1500 2290 praesidio
1518 2232 1552 2256 ⁵²
1563 2232 1674 2273 urbis
1703 2247 1768 2273 ca-

365 2307 455 2333 sum
485 2290 732 2341 miserando,
759 2291 1040 2346 pervicerunt,
1071 2298 1118 2332 ut
1148 2290 1459 2346 obpugnatione
1487 2289 1767 2330 absisteretur.

636 2378 648 2395 ¹'
663 2373 860 2405 Telmessicum
875 2374 971 2404 Gron.
987 2374 1080 2404 Crev.
1165 2377 1176 2393 ⁸
1193 2373 1390 2414 Bargylietico
1405 2372 1496 2403 Crev.

407 2445 448 2476 50
465 2444 610 2484 ,Natales
645 2445 739 2479 socios,
788 2445 931 2484 remigum
980 2451 1044 2473 tur-
1088 2445 1162 2474 bum.

364 2485 443 2528 bam]
487 2487 567 2517 Dum
602 2492 761 2527 postrema:
799 2496 887 2516 voces
922 2485 1045 2527 sapiunt
1131 2488 1167 2517 51
1197 2486 1316 2516 012oeaeae
1337 2488 1415 2526 regio
1436 2487 1680 2527 presidiourbis]
1707 2487 1766 2518 Ur·

364 2530 526 2570 glossema,
551 2529 632 2570 quod
659 2538 675 2559 e
701 2528 836 2568 margine
862 2528 892 2558 in
919 2533 1044 2559 contex-
1088 2529 1145 2565 bis,
1162 2539 1230 2570 quae
1245 2529 1290 2559 sui
1309 2527 1387 2569 juris
1408 2538 1468 2558 non
1490 2535 1569 2560 esset
1591 2530 1629 2560 ob
1652 2529 1766 2571 regium

365 2578 431 2602 tum
463 2571 622 2614 irrepserit.
667 2571 820 2601 *Navales
851 2573 917 2600 socii
952 2570 1044 2601 inter·
1089 2571 1274 2612 praesidium.

366 2615 440 2645 dum
463 2621 534 2646 sunt
555 2619 657 2645 nauta:
679 2624 714 2643 ac
737 2613 877 2652 remig-²5,
894 2612 1046 2644 interdum
1131 2615 1171 2645 52
1199 2614 1283 2643 Urbis
1305 2613 1418 2654 cusum]
1442 2614 1491 2645 Sic
1514 2614 1679 2655 legendum
1702 2624 1767 2646 esse

367 2657 479 2688 milites
492 2657 614 2689 tuendis
637 2656 766 2686 navibus
780 2654 928 2685 attributi.
973 2655 1047 2686 vid.
1090 2655 1267 2686 monstravit
1301 2658 1370 2687 Jac.
1394 2658 1566 2688 (ironovius
1599 2668 1636 2689 ex
1671 2657 1768 2688 tribus

368 2706 431 2730 not.
446 2701 498 2730 27.
513 2700 551 2731 ad
577 2700 668 2730 xxl.
685 2700 735 2729 49.
779 2697 810 2728 Si
841 2697 920 2739 prior
940 2707 1046 2728 sensus
1089 2699 1228 2740 scripti33
1252 2698 1362 2738 quibus
1385 2699 1505 2730 accedit
1526 2711 1605 2731 unus
1626 2700 1765 2736 Hearnii,

370 2742 416 2772 hic
449 2743 549 2774 locum
578 2743 681 2777 habet,
707 2742 763 2772 hoc
792 2740 973 2772 membrum.
1000 2752 1044 2770 rc·-
1089 2746 1119 2772 et
1135 2742 1215 2771 vict.
1231 2741 1339 2775 codex.
1354 2747 1385 2772 et
1403 2742 1532 2777 Andreae
1547 2743 1650 2775 editio.
1688 2744 1767 2774 Vul-

369 2787 478 2822 migwn
514 2787 638 2819 turbam,
667 2784 772 2814 inutile
801 2783 1043 2813 additamentum
1088 2786 1219 2823 gonrbis
1232 2795 1359 2815 camum.

371 2834 435 2863 esu
459 2829 482 2857 si
507 2829 660 2869 posterior.
678 2827 743 2862 lette
768 2833 791 2856 ΡΙ
817 2828 954 2862 remigum
980 2833 1043 2856 tw·-
