1947 3222
497 116 617 154 LIB.
648 114 847 153 XXXIII.
893 114 1025 151 CAP.
1055 115 1185 152 XXX.

131 225 225 266 iere.

1479 121 1550 155 115

286 227 381 267 Hac
413 224 590 281 perculsi
621 223 737 264 clade
769 222 921 273 Boeoti,
943 222 1116 279 ‘³³quum
1147 224 1285 264 onmia
1313 233 1469 266 terrore
1499 231 1738 267 acU·C-556·

129 282 233 338 fuga
252 282 539 338 complessent,
561 280 721 335 legatos
750 280 937 321 mittunt.
970 279 1044 336 qui
1072 294 1205 335 quum
1232 280 1276 320 in
1300 291 1434 323 castra
1462 298 1543 324 non
1558 274 1648 308 A·C·
1666 277 1738 307 196.

128 339 463 387 admitterentur,
487 334 630 378 Achae‘i
652 336 1015 392 Atheniensesque
1037 346 1378 392 supervenerunt.

128 395 386 437 auctoritatis
417 394 567 435 Achaei
596 394 850 443 habuerunt,
887 393 1178 449 deprecantes:

1441 340 1543 381 Plus

1211 391 1244 416 ‘¹⁴
1250 409 1312 442 ac,
1344 394 1385 434 ni
1416 396 1469 435 im
1475 412 1544 451 pc-

127 460 303 493 trassent
337 467 481 508 pacem
518 449 692 500 Boeotis,
727 451 886 492 bellum
922 450 1046 492 simul
1080 465 1222 506 gerere
1255 449 1540 493 decreverunt.

125 508 249 550 ⁴¹⁵Per
287 508 468 549 Achaeos
509 508 571 548 etk
615 508 774 549 Boeotis
815 507 934 563 copia
973 506 1155 548 adeundi
1204 506 1542 563 adloquendique

127 565 365 606 Romanum
385 565 497 606 facta
517 572 593 614 est,
610 563 822 620 jussisque
852 564 1016 605 tradere
1042 564 1202 614 noxios,
1224 572 1266 604 et.
1296 563 1441 605 multae
1471 579 1542 605 no-

124 622 234 663 mine
254 620 468 678 ‘¹⁶triginta
497 621 654 663 talenta
683 621 883 672 conferre,
914 636 998 677 pax
1028 620 1141 672 data,
1172 620 1222 663 et'
1243 620 1296 661 ab
1325 621 1542 677 obpugna-

127 679 238 720 tione
259 694 476 720 recessum.

179 735 324 777 XXX.
358 736 460 777 Post
495 751 651 792 paucos
686 735 774 777 dies
809 735 952 777 decem
991 735 1119 792 legati
1153 735 1207 777 ab
1248 736 1386 777 Roma
1421 749 1540 777 vene-

121 803 237 844 runt,
269 808 452 848 quorum
480 808 531 833 ex
567 792 737 834 consilio
771 808 855 849 pax
890 793 990 834 data
1021 792 1220 849 Philippo
1250 792 1293 833 in
1324 793 1399 834 has
1428 792 1540 849 leges
1554 797 1652 838 Leges
1668 798 1754 839 pacis

121 858 196 892 est.

256 849 289 876 ’Π
301 850 445 891 Omnes
477 849 712 890 Graecorum
741 851 938 895 civitates,
968 864 1057 904 quae
1086 851 1130 890 in
1159 852 1345 903 Europa,
1377 864 1541 904 quaeque

123 909 168 947 in
186 908 290 948 Asia
310 914 451 955 essent,
472 907 698 947 libertatem
728 920 776 947 ac
803 921 896 947 suas
923 908 1029 960 leges
1057 906 1263 947 haberent.
1295 921 1385 960 quae
1404 921 1539 948 earum

117 965 190 1006 sub
211 965 365 1005 ditione
387 965 582 1017 Philippi
593 963 788 1017 fuissent,
812 963 1050 1017 ⁴⁸praesz'dia
1071 978 1120 1003 ex
1148 964 1213 1004 his
1233 964 1454 1017 Philippus
1475 967 1541 1005 de-
1559 964 1561 966 ’

122 1023 301 1062 duceret.-
347 1022 424 1072 his,
459 1035 548 1074 quce
582 1022 626 1061 in
661 1022 763 1061 Asia
798 1027 938 1069 essent,
972 1022 1169 1068 Euromo,
1204 1022 1465 1075 Pedasisque,
1501 1029 1540 1062 et

121 1079 350 1135 Bmgyliis,
373 1085 411 1119 et
429 1079 563 1127 Jasso,
580 1084 619 1119 et
638 1078 830 1133 Myrina,
851 1084 891 1119 et
908 1077 1064 1133 AbydO,
1086 1084 1126 1119 et
1151 1078 1314 1129 Thaso¹,
1336 1085 1375 1120 et
1393 1079 1540 1120 Perin-

459 1149 480 1175 k
495 1157 522 1182 et
536 1150 599 1183 del.
615 1150 713 1183 Gron.
730 1150 821 1182 Crev-

167 1206 208 1236 43
245 1205 345 1240 Quum
382 1205 479 1236 omnia
519 1211 629 1236 terrore
663 1216 698 1235 ac
724 1204 812 1247 fuga

124 1250 321 1289 complessent]
361 1250 468 1286 Quum
491 1248 588 1280 tern'ti
605 1259 641 1279 ac
658 1247 812 1289 fugientes

123 1297 190 1322 tota
227 1292 355 1323 Boeotia
397 1297 625 1333 spargerentur.
685 1293 811 1323 Frustra

124 1333 300 1365 Gronovius
312 1334 458 1366 emendat
467 1340 570 1366 terror.
608 1333 716 1375 Magis
727 1335 811 1365 enim

125 1377 236 1408 mirum
272 1388 334 1408 non
362 1383 409 1409 est
445 1377 598 1418 fugientes
626 1388 663 1408 ac
689 1377 808 1409 territos

124 1419 188 1451 dici
213 1421 367 1463 complere
391 1420 496 1452 omnia
518 1426 630 1452 terrore
658 1430 694 1451 ac
721 1420 806 1461 fuga,

123 1474 218 1505 quam
243 1470 380 1494 mortuos
407 1464 559 1505 complere
587 1462 732 1494 lamentis
757 1474 807 1494 ur-

123 1507 213 1537 bem:
249 1507 331 1547 quod
360 1505 507 1547 loquendi
533 1516 631 1547 genus
660 1506 809 1547 reperitur

123 1549 208 1590 apud
232 1555 368 1580 nostrum
392 1548 415 1579 l.
441 1549 484 1579 V.
507 1559 535 1579 c.
557 1549 609 1579 39.
634 1554 666 1578 et
690 1549 811 1590 egregie

125 1591 296 1622 illustratur
316 1602 334 1623 a
362 1590 518 1623 Gronovio
541 1590 618 1632 ipso.
664 1591 716 1622 Sic
735 1597 766 1622 et
788 1592 809 1622 1.

128 1634 227 1665 VIII.
242 1645 269 1665 c.
285 1636 316 1665 9.
339 1640 529 1665 constematoe
549 1634 674 1664 cohortes
688 1634 810 1665 Latino-

124 1677 311 1718 rumfugam
324 1689 360 1707 ac
374 1678 535 1707 vastitatem
551 1677 609 1707 late
613 1676 769 1718 feceruut.

167 1721 209 1750 44
231 1722 274 1751 Ac
296 1722 328 1750 ni
350 1719 564 1760 impetrassent]
596 1718 682 1749 Olim
699 1730 734 1750 ac
747 1721 809 1760 qui.

125 1762 300 1794 Gronovius
334 1762 489 1792 rescribit:
533 1762 624 1798 Nam,
656 1763 688 1792 ni
719 1764 808 1801 impe-

122 1811 256 1836 trassent.
301 1804 377 1836 Ideo
399 1805 469 1847 plus
492 1804 684 1836 auctoritatis
698 1805 808 1836 Achaei

121 1848 322 1890 deprecantes
338 1847 525 1884 habuerunt,
541 1848 626 1890 quod
645 1847 737 1879 simul
753 1848 806 1879 de-

122 1890 313 1922 nunciabant
329 1901 373 1926 se,
393 1891 424 1921 ni
446 1901 556 1932 pacem
578 1890 806 1932 impetrassent,

120 1934 240 1965 bellum
262 1933 410 1965 adversus
425 1935 553 1965 Boeotos
567 1944 639 1965 cum
655 1934 808 1965 Romanis

121 1982 270 2018 gesturos.

165 2021 207 2051 45
231 2021 291 2051 Per
312 2021 431 2051 Achoeos
448 2021 574 2061 Boeotis]
611 2020 718 2051 Prima
739 2020 803 2051 edi-

120 2062 163 2096 tio
189 2069 217 2094 et
242 2065 367 2094 Boeotis.
414 2063 506 2094 Unde
530 2063 706 2095 Gronovius
731 2063 807 2105 legit

118 2117 173 2146 per
187 2107 307 2136 Achoeos
320 2117 389 2147 ergo
402 2106 518 2137 Boeotis.

163 2149 205 2179 46
229 2149 366 2190 Tr1'ginta
386 2149 512 2189 talenta]
543 2149 672 2180 Blarcas
695 2159 804 2190 argen-

123 2191 146 2222 ti
160 2192 255 2222 2812.
272 2202 343 2222 cum
357 2196 490 2232 quatuor
503 2191 613 2222 unciis.

163 2235 203 2266 47
230 2235 333 2265 Omnes
356 2235 528 2265 Groecorum
550 2234 707 2274 civitates]'
731 2234 805 2265 Non

118 2288 281 2319 possumus
298 2276 492 2309 dissimulare
515 2277 672 2308 decretum
691 2277 749 2307 hoc
764 2277 803 2308 de

116 2320 260 2352 libertate
286 2321 467 2351 Graecarum
493 2320 653 2351 civitatum
678 2319 803 2351 omnino

118 2362 322 2394 deformatum
345 2374 365 2394 a
386 2363 475 2394 Livio
496 2362 725 2406 repraesentari3
756 2368 802 2393 at-

118 2415 180 2447 que
203 2406 258 2442 ita,
284 2412 320 2437 ut
345 2416 416 2447 quae
442 2407 508 2447 ipse
533 2416 604 2437 mox
633 2404 802 2436 traditurus

121 2453 168 2479 est
178 2458 204 2479 c.
220 2459 284 2491 seq.
296 2449 362 2491 jam
377 2449 509 2490 intelligi
524 2453 692 2490 nequeant.
736 2448 800 2478 Ex-

121 2489 295 2523 hibebimus
316 2492 407 2528 illud,
422 2493 516 2533 quale
531 2491 681 2532 Polybius
704 2490 804 2526 affert,

123 2533 292 2574 Legatione
315 2536 347 2566 9.
375 2545 486 2576 purum
514 2545 551 2566 ac
581 2533 749 2572 sincerum,
776 2540 807 2564 et

121 2576 235 2617 optime
261 2578 455 2609 consentiens
480 2588 551 2609 curn
578 2576 614 2608 iis
640 2587 710 2619 quae
734 2587 805 2607 mox

121 2619 337 2651 narrabuntur.
396 2620 657 2656 senatusconsulti,
704 2619 805 2661 inquit

123 2660 373 2702 diligentissimus
408 2663 545 2705 scriptor,
571 2665 727 2703 praecipua
754 2674 804 2693 ea-

117 2705 184 2743 pita
198 2711 282 2735 erant
303 2706 385 2742 hoec,·
407 2713 443 2737 ut
467 2708 555 2737 ceteri
576 2717 670 2737 omnes
691 2705 804 2742 Groeci,

121 2752 149 2776 et
171 2748 223 2786 qui
237 2748 268 2776 in
283 2749 353 2778 Asia
373 2750 495 2791 degunt,
511 2755 538 2780 et
556 2751 608 2790 qui
623 2750 655 2779 in
670 2749 801 2789 Europa,

121 2789 206 2819 liberi
228 2791 296 2825 sint,
319 2791 432 2831 suisque
454 2793 565 2833 legibus
589 2798 735 2822 utantur.-
768 2798 804 2822 ut

122 2833 173 2871 qui
195 2833 227 2862 in
250 2832 384 2871 Philippi
406 2835 514 2865 ditione
534 2840 615 2870 sunt,
638 2841 666 2865 et
687 2836 712 2865 si
733 2845 805 2875 quas

122 2875 174 2904 ille
207 2875 292 2906 urbes
331 2874 503 2906 Groecorum
539 2878 682 2915 praesidiis
716 2883 804 2913 tenet,

951 1150 960 1175 ¹
979 1151 1082 1182 nasso
1096 1150 1184 1182 Eaed.

853 1215 901 1236 eas
927 1212 996 1236 ante
1023 1207 1239 1236 celebrationem
1268 1206 1377 1237 ludicri
1406 1207 1539 1237 Isthmio-

853 1259 922 1279 rum
950 1250 1108 1289 Philippus
1143 1249 1283 1279 Romanis
1310 1252 1422 1281 tradat.
1475 1251 1539 1280 Ειι-

852 1302 976 1328 romum,
1022 1293 1149 1328 Pedasa,
1199 1292 1357 1333 Bargylia,
1410 1293 1538 1330 Jassum,

854 1336 922 1365 item
965 1336 1112 1376 Abydum,
1168 1335 1317 1371 Thasbum,
1369 1336 1534 1376 ⁴Myrinum,

852 1377 1039 1415 Perinthum,
1067 1378 1199 1409 deductis
1227 1380 1294 1408 inde
1316 1380 1471 1418 praesidiis,
1501 1380 1539 1409 li-

851 1421 932 1451 beras
953 1432 1008 1453 esse
1027 1424 1114 1453 sinat.
1158 1421 1301 1463 Apparet
1318 1421 1412 1463 igitur
1435 1421 1538 1464 dupli-

852 1473 920 1494 cem
949 1465 1132 1495 Graecarum
1154 1463 1315 1494 civitatum
1341 1475 1360 1495 a
1386 1465 1538 1496 Romanis

852 1506 1061 1537 conditionem
1091 1505 1257 1548 distingui:
1296 1517 1403 1543 unam,
1433 1518 1538 1539 earum

852 1559 922 1590 quae
952 1549 1098 1591 Philippo
1125 1559 1186 1579 non
1213 1555 1367 1591 parerent,
1396 1550 1537 1586 alteram,

854 1602 960 1622 earum
997 1602 1066 1633 quae
1101 1597 1204 1622 essent
1238 1592 1272 1622 in
1309 1592 1376 1634 ejus
1410 1592 1537 1625 ditione.

854 1634 967 1665 Prioris
1001 1634 1122 1675 generis
1156 1644 1264 1665 omnes
1291 1635 1398 1666 liberae
1423 1635 1537 1677 juben-

854 1682 903 1708 tur
930 1687 1008 1708 esse.
1062 1678 1142 1715 Quae
1172 1676 1317 1720 Philippo
1349 1684 1472 1720 parent,
1499 1690 1537 1710 ex

851 1719 889 1750 iis
914 1719 1022 1751 itidem
1049 1720 1192 1751 omnibus
1216 1720 1361 1762 praesidia
1385 1721 1538 1753 deducere

847 1762 992 1804 jubetu13
1016 1762 1071 1794 sed
1087 1762 1132 1794 ita
1154 1768 1189 1793 ut
1211 1763 1291 1798 aliae,
1305 1774 1376 1804 quae
1398 1775 1460 1796 non
1483 1776 1537 1796 no-

851 1805 1019 1842 minantur,
1052 1806 1214 1837 tradantur
1247 1806 1416 1845 Romanis3
1454 1807 1535 1844 aliae,

850 1858 920 1889 quae
956 1848 1164 1885 nominantur,
1200 1847 1304 1880 liberae
1341 1849 1412 1881 sint.
1465 1851 1535 1882 Hoc

850 1892 941 1923 modo
963 1902 1054 1923 suurn
1076 1891 1233 1923 decretum
1252 1893 1389 1923 Romani
1409 1894 1535 1926 concin-

850 1941 1012 1972 naverant,
1029 1935 1103 1976 quia
1125 1935 1338 1971 dubitabatur,
1360 1942 1395 1966 ut
1416 1947 1487 1967 mox
1506 1948 1534 1968 c.

849 1988 916 2019 seq.
938 1978 1111 2009 observabit
1136 1977 1253 2013 Livius,
1266 1978 1305 2010 de
1326 1979 1486 2015 Corintho,
1503 1986 1535 2011 et

850 2021 1018 2062 Chalcide,
1040 2026 1072 2052 et
1096 2021 1309 2057 Demetriade,
1335 2032 1414 2062 quas
1441 2023 1534 2053 urbes

849 2070 952 2095 tenere
974 2065 1007 2095 in
1023 2063 1126 2094 animo
1148 2063 1318 2095 habebant.
1363 2064 1447 2095 Hinc
1469 2065 1532 2096 illae

848 2107 1077 2139 cdminationes
1120 2107 1306 2143 AEtolorum‚
1351 2117 1379 2138 c.
1424 2107 1531 2139 itidem

847 2160 912 2191 seq.
935 2155 1193 2185 commemoratae,
1212 2149 1296 2191 quod
1319 2150 1388 2180 aliae
1411 2151 1531 2182 Roma-

847 2192 895 2224 nis
917 2193 1111 2224 traderentur
1132 2193 1235 2229 urbes,
1255 2203 1312 2224 nec
1334 2193 1529 2225 nominaren-

847 2241 915 2274 tur3
943 2236 1012 2267 aliae
1035 2235 1277 2272 nominarentur,
1299 2241 1331 2266 et
1352 2237 1414 2266 sine
1435 2239 1529 2268 tradi-

848 2280 933 2314 tione,
949 2278 981 2310 id
1001 2284 1058 2316 est,
1076 2289 1137 2310 non
1159 2278 1292 2315 traditae,
1307 2279 1471 2316 Romanis,
1492 2280 1530 2311 li-

845 2322 927 2353 berae
941 2332 1008 2353 esse
1018 2321 1209 2363 juberentur.

888 2365 929 2396 48
953 2365 1096 2395 Praesidia
1123 2376 1156 2396 ea>
1183 2366 1226 2395 his
1257 2365 1415 2405 Philippus
1438 2367 1529 2396 dedu-

845 2415 938 2438 ceret:
962 2408 1015 2443 his,
1032 2419 1098 2448 quoe
1120 2410 1151 2438 in
1171 2408 1243 2438 Asia
1261 2409 1366 2449 essent]
1411 2408 1531 2450 Philip-

846 2461 903 2491 pus
916 2450 1082 2482 deduceret
1096 2450 1239 2492 praesidia
1253 2461 1291 2482 ex
1305 2451 1432 2481 urbibus
1443 2452 1528 2481 Grae-

849 2493 893 2523 cis
912 2503 981 2534 quae
1005 2499 1149 2535 parerent
1170 2493 1239 2529 sibi,
1263 2499 1356 2535 atque
1377 2494 1456 2524 inter
1478 2504 1529 2524 ce-

849 2541 930 2567 teras
951 2535 1036 2567 hisce
1050 2536 1244 2573 nominatim,
1259 2546 1327 2576 quae
1342 2537 1374 2567 in
1390 2536 1469 2567 Asia
1482 2547 1529 2566 es-

849 2584 927 2614 sent,
963 2580 1107 2615 Euromo,
1138 2580 1196 2610 &c.
1240 2579 1386 2610 Ceterum
1420 2585 1529 2609 notan-

848 2621 923 2652 dum
952 2628 999 2653 est
1023 2622 1162 2653 Thasum
1185 2628 1217 2653 et
1241 2621 1433 2656 Perinthum,
1459 2631 1529 2661 quae

848 2664 899 2695 hic
922 2664 1131 2701 nominantur,
1153 2665 1194 2695 ad
1219 2665 1376 2707 Europam
1395 2663 1529 2706 pertine-

849 2718 892 2738 re.
937 2708 987 2738 De
1001 2707 1129 2750 Myrina
1142 2707 1277 2741 dubitari
1292 2712 1403 2749 potest.
1446 2707 1528 2737 Duae

847 2749 931 2780 enim
953 2751 1045 2781 urbes
1066 2756 1138 2781 sunt
1158 2750 1250 2791 hujus
1273 2749 1414 2785 nominis,
1432 2749 1530 2780 altera

847 2792 880 2823 in
903 2794 1022 2824 Lemno
1043 2793 1156 2828 insula,
1173 2803 1208 2824 ac
1226 2791 1354 2836 proinde
1376 2792 1409 2823 in
1432 2793 1528 2824 Euro-

848 2846 899 2877 pa,
916 2836 1013 2867 altera
1025 2835 1057 2867 in
1072 2835 1209 2867 AEolide.

918 2922 982 2959 12

1552 851 1623 871 cum
1639 840 1714 873 Phi-

1551 883 1649 926 lippo.
