<?xml version="1.0" encoding="UTF-8"?>
<!DOCTYPE html PUBLIC "-//W3C//DTD XHTML 1.0 Transitional//EN"
    "http://www.w3.org/TR/xhtml1/DTD/xhtml1-transitional.dtd">
<html xmlns="http://www.w3.org/1999/xhtml" xml:lang="en" lang="en">
 <head>
  <title>
</title>
<meta http-equiv="Content-Type" content="text/html;charset=utf-8" />
  <meta name='ocr-system' content='tesseract 3.04.00' />
  <meta name='ocr-capabilities' content='ocr_page ocr_carea ocr_par ocr_line ocrx_word'/>
</head>
<body>
  <div class='ocr_page' id='page_1' title='image "./historiarumaburb03livyuoft_0457.png"; bbox 0 0 1947 3222; ppageno 0'>
   <div class='ocr_carea' id='block_1_1' title="bbox 0 302 11 1322">
    <p class='ocr_par' dir='ltr' id='par_1_1' title="bbox 0 302 11 1322">
     <span class='ocr_line' id='line_1_1' title="bbox 0 302 11 1322; textangle 90"><span class='ocrx_word' id='word_1_1' title='bbox 0 1308 1 1322; x_wconf 36' lang='lat' dir='ltr'><strong>L</strong></span> <span class='ocrx_word' id='word_1_2' title='bbox 0 1225 2 1260; x_wconf 34' lang='lat'>⁴*</span> <span class='ocrx_word' id='word_1_3' title='bbox 0 506 1 538; x_wconf 27' lang='lat' dir='ltr'>Ah</span> <span class='ocrx_word' id='word_1_4' title='bbox 0 440 1 461; x_wconf 28' lang='lat'>⁴⁴</span> <span class='ocrx_word' id='word_1_5' title='bbox 0 370 3 377; x_wconf 31' lang='grc' dir='ltr'>ἱ</span> <span class='ocrx_word' id='word_1_6' title='bbox 2 302 11 347; x_wconf 35' lang='grc' dir='ltr'>κῖ-</span> 
     </span>
    </p>
   </div>
   <div class='ocr_carea' id='block_1_2' title="bbox 798 51 835 76">
    <p class='ocr_par' dir='ltr' id='par_1_2' title="bbox 798 51 835 76">
     <span class='ocr_line' id='line_1_2' title="bbox 798 51 835 76; baseline 0 -11"><span class='ocrx_word' id='word_1_7' title='bbox 798 51 835 76; x_wconf 37' lang='grc' dir='ltr'>ἡ</span> 
     </span>
    </p>
   </div>
   <div class='ocr_carea' id='block_1_3' title="bbox 511 143 1541 192">
    <p class='ocr_par' dir='ltr' id='par_1_3' title="bbox 511 143 1541 192">
     <span class='ocr_line' id='line_1_3' title="bbox 511 143 1541 192; baseline 0.004 -10"><span class='ocrx_word' id='word_1_8' title='bbox 511 145 574 182; x_wconf 90' lang='lat' dir='ltr'>LI</span> <span class='ocrx_word' id='word_1_9' title='bbox 594 145 636 182; x_wconf 86' lang='grc' dir='ltr'>Β.</span> <span class='ocrx_word' id='word_1_10' title='bbox 665 143 862 182; x_wconf 85' lang='lat' dir='ltr'><strong>XXXIX.</strong></span> <span class='ocrx_word' id='word_1_11' title='bbox 907 145 1041 183; x_wconf 83' lang='lat' dir='ltr'>CAP.</span> <span class='ocrx_word' id='word_1_12' title='bbox 1073 146 1161 184; x_wconf 82' lang='lat' dir='ltr'>LII.</span> <span class='ocrx_word' id='word_1_13' title='bbox 1465 149 1541 192; x_wconf 78' lang='lat'>447</span> 
     </span>
    </p>
   </div>
   <div class='ocr_carea' id='block_1_4' title="bbox 124 251 1767 1786">
    <p class='ocr_par' dir='ltr' id='par_1_4' title="bbox 124 251 1740 311">
     <span class='ocr_line' id='line_1_4' title="bbox 124 251 1740 311; baseline 0.001 -14"><span class='ocrx_word' id='word_1_14' title='bbox 124 256 417 307; x_wconf 71' lang='lat' dir='ltr'>tesinvocans‚</span> <span class='ocrx_word' id='word_1_15' title='bbox 439 253 634 311; x_wconf 88' lang='lat' dir='ltr'>poculum</span> <span class='ocrx_word' id='word_1_16' title='bbox 664 251 870 294; x_wconf 77' lang='lat' dir='ltr'>exhausit.</span> <span class='ocrx_word' id='word_1_17' title='bbox 931 252 1016 294; x_wconf 85' lang='lat' dir='ltr'>Hic</span> <span class='ocrx_word' id='word_1_18' title='bbox 1037 252 1135 295; x_wconf 63' lang='lat' dir='ltr'>vita?</span> <span class='ocrx_word' id='word_1_19' title='bbox 1163 255 1300 297; x_wconf 86' lang='lat' dir='ltr'>exitus</span> <span class='ocrx_word' id='word_1_20' title='bbox 1320 255 1401 298; x_wconf 82' lang='lat' dir='ltr'>fuit</span> <span class='ocrx_word' id='word_1_21' title='bbox 1426 257 1542 298; x_wconf 87' lang='lat' dir='ltr'>Han-</span> <span class='ocrx_word' id='word_1_22' title='bbox 1555 272 1598 304; x_wconf 79' lang='grc' dir='ltr'>υ,</span> <span class='ocrx_word' id='word_1_23' title='bbox 1613 271 1740 311; x_wconf 84' lang='lat' dir='ltr'>C.569.</span> 
     </span>
    </p>

    <p class='ocr_par' dir='ltr' id='par_1_5' title="bbox 128 312 1767 425">
     <span class='ocr_line' id='line_1_5' title="bbox 128 312 1736 354; baseline 0.001 -9"><span class='ocrx_word' id='word_1_24' title='bbox 128 312 289 354; x_wconf 68' lang='lat' dir='ltr'>nibalis,</span> <span class='ocrx_word' id='word_1_25' title='bbox 1553 316 1594 346; x_wconf 86' lang='lat' dir='ltr'>A.</span> <span class='ocrx_word' id='word_1_26' title='bbox 1609 314 1650 345; x_wconf 79' lang='lat' dir='ltr'>C.</span> <span class='ocrx_word' id='word_1_27' title='bbox 1667 316 1736 347; x_wconf 81' lang='grc'><strong>183.</strong></span> 
     </span>
     <span class='ocr_line' id='line_1_6' title="bbox 185 365 1767 425; baseline -0.005 -14"><span class='ocrx_word' id='word_1_28' title='bbox 185 370 292 410; x_wconf 92' lang='lat' dir='ltr'>LII.</span> <span class='ocrx_word' id='word_1_29' title='bbox 327 369 556 425; x_wconf 85' lang='lat' dir='ltr'>Scipionem</span> <span class='ocrx_word' id='word_1_30' title='bbox 577 375 618 407; x_wconf 89' lang='lat' dir='ltr'>et</span> <span class='ocrx_word' id='word_1_31' title='bbox 643 365 861 423; x_wconf 80' lang='lat' dir='ltr'>Polybius,</span> <span class='ocrx_word' id='word_1_32' title='bbox 883 375 925 408; x_wconf 89' lang='lat' dir='ltr'>et</span> <span class='ocrx_word' id='word_1_33' title='bbox 945 366 1177 408; x_wconf 78' lang='lat' dir='ltr'>⁹⁸Rutilius</span> <span class='ocrx_word' id='word_1_34' title='bbox 1201 368 1279 409; x_wconf 87' lang='lat' dir='ltr'>hoc</span> <span class='ocrx_word' id='word_1_35' title='bbox 1309 384 1416 411; x_wconf 86' lang='lat' dir='ltr'>anno</span> <span class='ocrx_word' id='word_1_36' title='bbox 1435 385 1543 411; x_wconf 79' lang='lat' dir='ltr'>mor·</span> <span class='ocrx_word' id='word_1_37' title='bbox 1554 375 1656 416; x_wconf 74' lang='lat' dir='ltr'>Scipio</span> <span class='ocrx_word' id='word_1_38' title='bbox 1668 374 1767 406; x_wconf 80' lang='lat' dir='ltr'>Afric.</span> 
     </span>
    </p>

    <p class='ocr_par' dir='ltr' id='par_1_6' title="bbox 128 423 1711 480">
     <span class='ocr_line' id='line_1_7' title="bbox 128 423 1711 480; baseline 0.001 -14"><span class='ocrx_word' id='word_1_39' title='bbox 128 434 250 467; x_wconf 89' lang='lat' dir='ltr'>tuum</span> <span class='ocrx_word' id='word_1_40' title='bbox 291 427 488 468; x_wconf 91' lang='lat' dir='ltr'>scribunt.</span> <span class='ocrx_word' id='word_1_41' title='bbox 550 425 645 479; x_wconf 80' lang='lat' dir='ltr'>Ego</span> <span class='ocrx_word' id='word_1_42' title='bbox 684 439 820 480; x_wconf 89' lang='lat' dir='ltr'>neque</span> <span class='ocrx_word' id='word_1_43' title='bbox 860 423 938 474; x_wconf 87' lang='lat' dir='ltr'>his,</span> <span class='ocrx_word' id='word_1_44' title='bbox 980 423 1156 480; x_wconf 79' lang='lat' dir='ltr'>⁹⁹neque</span> <span class='ocrx_word' id='word_1_45' title='bbox 1197 425 1362 465; x_wconf 83' lang='lat' dir='ltr'>Valerio</span> <span class='ocrx_word' id='word_1_46' title='bbox 1401 427 1711 468; x_wconf 57' lang='lat' dir='ltr'>ads‹12n-01¹¹0“1¹¹¹¹0</span> 
     </span>
    </p>

    <p class='ocr_par' dir='ltr' id='par_1_7' title="bbox 128 467 1702 538">
     <span class='ocr_line' id='line_1_8' title="bbox 128 467 1702 538; baseline -0.003 -14"><span class='ocrx_word' id='word_1_47' title='bbox 128 483 232 524; x_wconf 85' lang='lat' dir='ltr'>tior:</span> <span class='ocrx_word' id='word_1_48' title='bbox 284 483 362 533; x_wconf 87' lang='lat' dir='ltr'>his,</span> <span class='ocrx_word' id='word_1_49' title='bbox 397 481 528 536; x_wconf 84' lang='lat' dir='ltr'>quod,</span> <span class='ocrx_word' id='word_1_50' title='bbox 559 481 799 522; x_wconf 86' lang='lat' dir='ltr'>censoribus</span> <span class='ocrx_word' id='word_1_51' title='bbox 840 482 903 521; x_wconf 87' lang='lat' dir='ltr'>M.</span> <span class='ocrx_word' id='word_1_52' title='bbox 937 480 1100 532; x_wconf 84' lang='lat' dir='ltr'>Porcio,</span> <span class='ocrx_word' id='word_1_53' title='bbox 1135 482 1185 521; x_wconf 92' lang='lat' dir='ltr'>L.</span> <span class='ocrx_word' id='word_1_54' title='bbox 1222 481 1401 531; x_wconf 84' lang='lat' dir='ltr'>Valerio,</span> <span class='ocrx_word' id='word_1_55' title='bbox 1434 467 1702 538; x_wconf 56' lang='lat' dir='ltr'>prinssm⁰m¹u⁵&#39;</span> 
     </span>
    </p>

    <p class='ocr_par' dir='ltr' id='par_1_8' title="bbox 127 537 1549 595">
     <span class='ocr_line' id='line_1_9' title="bbox 127 537 1549 595; baseline 0 -15"><span class='ocrx_word' id='word_1_56' title='bbox 127 540 261 595; x_wconf 90' lang='lat' dir='ltr'>eipem</span> <span class='ocrx_word' id='word_1_57' title='bbox 301 546 466 580; x_wconf 87' lang='lat' dir='ltr'>senatus</span> <span class='ocrx_word' id='word_1_58' title='bbox 504 539 644 594; x_wconf 91' lang='lat' dir='ltr'>ipsum</span> <span class='ocrx_word' id='word_1_59' title='bbox 686 538 736 577; x_wconf 91' lang='lat' dir='ltr'>L.</span> <span class='ocrx_word' id='word_1_60' title='bbox 775 537 987 578; x_wconf 85' lang='lat' dir='ltr'>Valerium</span> <span class='ocrx_word' id='word_1_61' title='bbox 1036 553 1245 579; x_wconf 84' lang='lat' dir='ltr'>censorem</span> <span class='ocrx_word' id='word_1_62' title='bbox 1292 537 1447 579; x_wconf 88' lang='lat' dir='ltr'>lectum</span> <span class='ocrx_word' id='word_1_63' title='bbox 1487 540 1549 580; x_wconf 87' lang='lat' dir='ltr'>in-</span> 
     </span>
    </p>

    <p class='ocr_par' dir='ltr' id='par_1_9' title="bbox 128 593 1550 651">
     <span class='ocr_line' id='line_1_10' title="bbox 128 593 1550 651; baseline -0.001 -15"><span class='ocrx_word' id='word_1_64' title='bbox 128 597 272 643; x_wconf 86' lang='lat' dir='ltr'>venio;</span> <span class='ocrx_word' id='word_1_65' title='bbox 325 595 479 651; x_wconf 89' lang='lat' dir='ltr'>¹quum</span> <span class='ocrx_word' id='word_1_66' title='bbox 516 593 802 650; x_wconf 88' lang='lat' dir='ltr'>superioribus</span> <span class='ocrx_word' id='word_1_67' title='bbox 833 593 970 636; x_wconf 88' lang='lat' dir='ltr'>tribus</span> <span class='ocrx_word' id='word_1_68' title='bbox 1005 594 1147 636; x_wconf 89' lang='lat' dir='ltr'>lustris</span> <span class='ocrx_word' id='word_1_69' title='bbox 1184 595 1411 636; x_wconf 85' lang='lat' dir='ltr'>Africanus</span> <span class='ocrx_word' id='word_1_70' title='bbox 1446 595 1550 636; x_wconf 43' lang='lat' dir='ltr'>fuis*</span> 
     </span>
    </p>

    <p class='ocr_par' dir='ltr' id='par_1_10' title="bbox 128 650 1554 708">
     <span class='ocr_line' id='line_1_11' title="bbox 128 650 1554 708; baseline 0 -15"><span class='ocrx_word' id='word_1_71' title='bbox 128 661 216 694; x_wconf 86' lang='lat' dir='ltr'>set:</span> <span class='ocrx_word' id='word_1_72' title='bbox 259 667 345 708; x_wconf 90' lang='lat' dir='ltr'>quo</span> <span class='ocrx_word' id='word_1_73' title='bbox 379 651 490 702; x_wconf 84' lang='lat' dir='ltr'>vivo,</span> <span class='ocrx_word' id='word_1_74' title='bbox 525 651 603 692; x_wconf 88' lang='lat' dir='ltr'>nisi</span> <span class='ocrx_word' id='word_1_75' title='bbox 645 659 694 692; x_wconf 90' lang='lat' dir='ltr'>ut</span> <span class='ocrx_word' id='word_1_76' title='bbox 729 650 798 693; x_wconf 87' lang='lat' dir='ltr'>ille</span> <span class='ocrx_word' id='word_1_77' title='bbox 839 659 983 693; x_wconf 89' lang='lat' dir='ltr'>senatu</span> <span class='ocrx_word' id='word_1_78' title='bbox 1025 660 1277 703; x_wconf 84' lang='lat' dir='ltr'>moveretur,</span> <span class='ocrx_word' id='word_1_79' title='bbox 1311 667 1438 708; x_wconf 86' lang='lat' dir='ltr'>quam</span> <span class='ocrx_word' id='word_1_80' title='bbox 1478 667 1554 693; x_wconf 73' lang='lat' dir='ltr'>no-</span> 
     </span>
    </p>

    <p class='ocr_par' dir='ltr' id='par_1_11' title="bbox 128 707 1551 765">
     <span class='ocr_line' id='line_1_12' title="bbox 128 707 1551 765; baseline 0.001 -16"><span class='ocrx_word' id='word_1_81' title='bbox 128 718 213 750; x_wconf 90' lang='lat' dir='ltr'>tam</span> <span class='ocrx_word' id='word_1_82' title='bbox 252 723 373 750; x_wconf 86' lang='lat' dir='ltr'>nemo</span> <span class='ocrx_word' id='word_1_83' title='bbox 422 708 632 749; x_wconf 75' lang='lat' dir='ltr'>memoriae</span> <span class='ocrx_word' id='word_1_84' title='bbox 680 707 883 763; x_wconf 87' lang='lat' dir='ltr'>prodidit,</span> <span class='ocrx_word' id='word_1_85' title='bbox 923 707 1029 749; x_wconf 88' lang='lat' dir='ltr'>alius</span> <span class='ocrx_word' id='word_1_86' title='bbox 1077 709 1270 765; x_wconf 90' lang='lat' dir='ltr'>princeps</span> <span class='ocrx_word' id='word_1_87' title='bbox 1318 709 1361 749; x_wconf 86' lang='lat' dir='ltr'>in</span> <span class='ocrx_word' id='word_1_88' title='bbox 1410 709 1551 750; x_wconf 88' lang='lat' dir='ltr'>locum</span> 
     </span>
    </p>

    <p class='ocr_par' dir='ltr' id='par_1_12' title="bbox 126 764 1551 821">
     <span class='ocr_line' id='line_1_13' title="bbox 126 764 1551 821; baseline 0.001 -15"><span class='ocrx_word' id='word_1_89' title='bbox 126 766 217 821; x_wconf 90' lang='lat' dir='ltr'>ejus</span> <span class='ocrx_word' id='word_1_90' title='bbox 266 765 398 807; x_wconf 88' lang='lat' dir='ltr'>lectus</span> <span class='ocrx_word' id='word_1_91' title='bbox 446 781 529 806; x_wconf 92' lang='lat' dir='ltr'>non</span> <span class='ocrx_word' id='word_1_92' title='bbox 573 773 691 806; x_wconf 85' lang='lat' dir='ltr'>esset.</span> <span class='ocrx_word' id='word_1_93' title='bbox 751 764 994 806; x_wconf 69' lang='lat' dir='ltr'>2Antiatem</span> <span class='ocrx_word' id='word_1_94' title='bbox 1029 774 1241 807; x_wconf 85' lang='lat' dir='ltr'>auctorem</span> <span class='ocrx_word' id='word_1_95' title='bbox 1282 765 1448 816; x_wconf 55' lang='lat' dir='ltr'>refellit*</span> <span class='ocrx_word' id='word_1_96' title='bbox 1477 766 1551 807; x_wconf 87' lang='lat' dir='ltr'>tri-</span> 
     </span>
    </p>

    <p class='ocr_par' dir='ltr' id='par_1_13' title="bbox 127 822 1551 879">
     <span class='ocr_line' id='line_1_14' title="bbox 127 822 1551 879; baseline 0 -16"><span class='ocrx_word' id='word_1_97' title='bbox 127 823 267 863; x_wconf 90' lang='lat' dir='ltr'>bunus</span> <span class='ocrx_word' id='word_1_98' title='bbox 304 822 437 879; x_wconf 87' lang='lat' dir='ltr'>plebis</span> <span class='ocrx_word' id='word_1_99' title='bbox 474 823 538 863; x_wconf 87' lang='lat' dir='ltr'>M.</span> <span class='ocrx_word' id='word_1_100' title='bbox 571 822 760 871; x_wconf 83' lang='lat' dir='ltr'>Naevius,</span> <span class='ocrx_word' id='word_1_101' title='bbox 791 822 991 863; x_wconf 88' lang='lat' dir='ltr'>adversus</span> <span class='ocrx_word' id='word_1_102' title='bbox 1024 838 1151 878; x_wconf 93' lang='lat' dir='ltr'>quem</span> <span class='ocrx_word' id='word_1_103' title='bbox 1184 822 1317 864; x_wconf 84' lang='lat' dir='ltr'>oratio</span> <span class='ocrx_word' id='word_1_104' title='bbox 1347 823 1551 878; x_wconf 85' lang='lat' dir='ltr'>inscripta</span> 
     </span>
    </p>

    <p class='ocr_par' dir='ltr' id='par_1_14' title="bbox 128 878 1731 935">
     <span class='ocr_line' id='line_1_15' title="bbox 128 878 1731 935; baseline 0.002 -16"><span class='ocrx_word' id='word_1_105' title='bbox 128 880 177 919; x_wconf 93' lang='lat' dir='ltr'>P.</span> <span class='ocrx_word' id='word_1_106' title='bbox 211 879 404 921; x_wconf 85' lang='lat' dir='ltr'>Africani</span> <span class='ocrx_word' id='word_1_107' title='bbox 439 887 513 921; x_wconf 90' lang='lat' dir='ltr'>est.</span> <span class='ocrx_word' id='word_1_108' title='bbox 575 880 661 920; x_wconf 91' lang='lat' dir='ltr'>Hic</span> <span class='ocrx_word' id='word_1_109' title='bbox 697 878 872 920; x_wconf 84' lang='lat' dir='ltr'>Naevius</span> <span class='ocrx_word' id='word_1_110' title='bbox 906 879 947 919; x_wconf 91' lang='lat' dir='ltr'>in</span> <span class='ocrx_word' id='word_1_111' title='bbox 983 879 1307 935; x_wconf 81' lang='lat' dir='ltr'>magistratuum</span> <span class='ocrx_word' id='word_1_112' title='bbox 1339 879 1457 922; x_wconf 85' lang='lat' dir='ltr'>libris</span> <span class='ocrx_word' id='word_1_113' title='bbox 1489 888 1552 922; x_wconf 75' lang='lat' dir='ltr'>est:</span> <span class='ocrx_word' id='word_1_114' title='bbox 1582 908 1583 912; x_wconf 64' lang='lat'><em>=</em></span> <span class='ocrx_word' id='word_1_115' title='bbox 1613 898 1633 908; x_wconf 55' lang='lat'>‘2</span> <span class='ocrx_word' id='word_1_116' title='bbox 1674 900 1679 905; x_wconf 55' lang='lat'><em>¹</em></span> <span class='ocrx_word' id='word_1_117' title='bbox 1727 894 1731 898; x_wconf 82' lang='lat'>&#39;</span> 
     </span>
    </p>

    <p class='ocr_par' dir='ltr' id='par_1_15' title="bbox 128 935 1552 992">
     <span class='ocr_line' id='line_1_16' title="bbox 128 935 1552 992; baseline 0.001 -16"><span class='ocrx_word' id='word_1_118' title='bbox 128 935 325 977; x_wconf 85' lang='lat' dir='ltr'>tribunus</span> <span class='ocrx_word' id='word_1_119' title='bbox 365 936 514 992; x_wconf 85' lang='lat' dir='ltr'>plebis,</span> <span class='ocrx_word' id='word_1_120' title='bbox 557 937 605 977; x_wconf 91' lang='lat' dir='ltr'>P.</span> <span class='ocrx_word' id='word_1_121' title='bbox 641 935 835 984; x_wconf 84' lang='lat' dir='ltr'>Claudio,</span> <span class='ocrx_word' id='word_1_122' title='bbox 880 936 929 977; x_wconf 92' lang='lat' dir='ltr'>L.</span> <span class='ocrx_word' id='word_1_123' title='bbox 973 936 1123 977; x_wconf 85' lang='lat' dir='ltr'>Porcio</span> <span class='ocrx_word' id='word_1_124' title='bbox 1163 936 1426 978; x_wconf 87' lang='lat' dir='ltr'>consulibus:</span> <span class='ocrx_word' id='word_1_125' title='bbox 1479 937 1552 978; x_wconf 82' lang='lat' dir='ltr'>sed</span> 
     </span>
    </p>

    <p class='ocr_par' dir='ltr' id='par_1_16' title="bbox 129 991 1553 1049">
     <span class='ocr_line' id='line_1_17' title="bbox 129 991 1553 1049; baseline 0.001 -17"><span class='ocrx_word' id='word_1_126' title='bbox 129 991 221 1034; x_wconf 82' lang='lat' dir='ltr'>iniit</span> <span class='ocrx_word' id='word_1_127' title='bbox 270 992 548 1043; x_wconf 87' lang='lat' dir='ltr'>tribunatum,</span> <span class='ocrx_word' id='word_1_128' title='bbox 598 994 682 1049; x_wconf 91' lang='lat' dir='ltr'>Ap.</span> <span class='ocrx_word' id='word_1_129' title='bbox 729 992 923 1043; x_wconf 87' lang='lat' dir='ltr'>Claudio,</span> <span class='ocrx_word' id='word_1_130' title='bbox 971 994 1034 1033; x_wconf 91' lang='lat' dir='ltr'>M.</span> <span class='ocrx_word' id='word_1_131' title='bbox 1080 994 1323 1049; x_wconf 89' lang='lat' dir='ltr'>Sempronio</span> <span class='ocrx_word' id='word_1_132' title='bbox 1375 993 1553 1035; x_wconf 84' lang='lat' dir='ltr'>consuli-</span> 
     </span>
    </p>

    <p class='ocr_par' dir='ltr' id='par_1_17' title="bbox 127 1049 1552 1105">
     <span class='ocr_line' id='line_1_18' title="bbox 127 1049 1552 1105; baseline 0 -15"><span class='ocrx_word' id='word_1_133' title='bbox 127 1049 222 1099; x_wconf 90' lang='lat' dir='ltr'>bus,</span> <span class='ocrx_word' id='word_1_134' title='bbox 242 1049 357 1091; x_wconf 79' lang='lat' dir='ltr'>³ante</span> <span class='ocrx_word' id='word_1_135' title='bbox 387 1050 498 1091; x_wconf 89' lang='lat' dir='ltr'>diem</span> <span class='ocrx_word' id='word_1_136' title='bbox 527 1058 726 1105; x_wconf 88' lang='lat' dir='ltr'>quartum</span> <span class='ocrx_word' id='word_1_137' title='bbox 761 1049 865 1091; x_wconf 91' lang='lat' dir='ltr'>Idus</span> <span class='ocrx_word' id='word_1_138' title='bbox 897 1049 1162 1090; x_wconf 86' lang='lat' dir='ltr'>Decembres.</span> <span class='ocrx_word' id='word_1_139' title='bbox 1193 1050 1290 1091; x_wconf 88' lang='lat' dir='ltr'>inde</span> <span class='ocrx_word' id='word_1_140' title='bbox 1322 1058 1405 1091; x_wconf 88' lang='lat' dir='ltr'>tres</span> <span class='ocrx_word' id='word_1_141' title='bbox 1438 1065 1552 1091; x_wconf 93' lang='lat' dir='ltr'>men-</span> 
     </span>
    </p>

    <p class='ocr_par' dir='ltr' id='par_1_18' title="bbox 129 1106 1554 1162">
     <span class='ocr_line' id='line_1_19' title="bbox 129 1106 1554 1162; baseline 0.001 -16"><span class='ocrx_word' id='word_1_142' title='bbox 129 1121 193 1147; x_wconf 87' lang='lat' dir='ltr'>ses</span> <span class='ocrx_word' id='word_1_143' title='bbox 222 1106 276 1148; x_wconf 86' lang='lat' dir='ltr'>ad</span> <span class='ocrx_word' id='word_1_144' title='bbox 308 1107 414 1148; x_wconf 87' lang='lat' dir='ltr'>Idus</span> <span class='ocrx_word' id='word_1_145' title='bbox 445 1107 624 1148; x_wconf 82' lang='lat' dir='ltr'>Martias</span> <span class='ocrx_word' id='word_1_146' title='bbox 645 1114 768 1154; x_wconf 83' lang='lat' dir='ltr'>sunt3</span> <span class='ocrx_word' id='word_1_147' title='bbox 806 1106 962 1162; x_wconf 90' lang='lat' dir='ltr'>quibus</span> <span class='ocrx_word' id='word_1_148' title='bbox 992 1107 1040 1151; x_wconf 92' lang='lat' dir='ltr'>P.</span> <span class='ocrx_word' id='word_1_149' title='bbox 1065 1106 1283 1157; x_wconf 80' lang='lat' dir='ltr'>Claudius,</span> <span class='ocrx_word' id='word_1_150' title='bbox 1304 1106 1355 1147; x_wconf 90' lang='lat' dir='ltr'>L.</span> <span class='ocrx_word' id='word_1_151' title='bbox 1379 1107 1554 1147; x_wconf 89' lang='lat' dir='ltr'>Porcius</span> 
     </span>
    </p>

    <p class='ocr_par' dir='ltr' id='par_1_19' title="bbox 129 1162 1552 1205">
     <span class='ocr_line' id='line_1_20' title="bbox 129 1162 1552 1205; baseline 0.001 -2"><span class='ocrx_word' id='word_1_152' title='bbox 129 1163 391 1205; x_wconf 84' lang='lat' dir='ltr'>consulatum</span> <span class='ocrx_word' id='word_1_153' title='bbox 430 1163 625 1204; x_wconf 86' lang='lat' dir='ltr'>inierunt.</span> <span class='ocrx_word' id='word_1_154' title='bbox 685 1162 779 1204; x_wconf 67' lang='lat' dir='ltr'>4Ita</span> <span class='ocrx_word' id='word_1_155' title='bbox 817 1171 859 1204; x_wconf 88' lang='lat' dir='ltr'>et</span> <span class='ocrx_word' id='word_1_156' title='bbox 894 1162 1046 1203; x_wconf 86' lang='lat' dir='ltr'>vixisse</span> <span class='ocrx_word' id='word_1_157' title='bbox 1077 1162 1121 1203; x_wconf 89' lang='lat' dir='ltr'>in</span> <span class='ocrx_word' id='word_1_158' title='bbox 1158 1163 1378 1205; x_wconf 85' lang='lat' dir='ltr'>tribunatu</span> <span class='ocrx_word' id='word_1_159' title='bbox 1413 1164 1552 1204; x_wconf 85' lang='lat' dir='ltr'>Naevii</span> 
     </span>
    </p>

    <p class='ocr_par' dir='ltr' id='par_1_20' title="bbox 129 1219 1553 1276">
     <span class='ocr_line' id='line_1_21' title="bbox 129 1219 1553 1276; baseline 0.001 -16"><span class='ocrx_word' id='word_1_160' title='bbox 129 1219 312 1270; x_wconf 87' lang='lat' dir='ltr'>videtur,</span> <span class='ocrx_word' id='word_1_161' title='bbox 347 1220 520 1276; x_wconf 87' lang='lat' dir='ltr'>diesque</span> <span class='ocrx_word' id='word_1_162' title='bbox 554 1220 592 1261; x_wconf 87' lang='lat' dir='ltr'>ei</span> <span class='ocrx_word' id='word_1_163' title='bbox 622 1219 705 1261; x_wconf 88' lang='lat' dir='ltr'>dici</span> <span class='ocrx_word' id='word_1_164' title='bbox 734 1219 788 1260; x_wconf 89' lang='lat' dir='ltr'>ab</span> <span class='ocrx_word' id='word_1_165' title='bbox 818 1235 866 1261; x_wconf 90' lang='lat' dir='ltr'>eo</span> <span class='ocrx_word' id='word_1_166' title='bbox 895 1219 1107 1276; x_wconf 81' lang='lat' dir='ltr'>potuisse;</span> <span class='ocrx_word' id='word_1_167' title='bbox 1161 1220 1381 1261; x_wconf 83' lang='lat' dir='ltr'>decessisse</span> <span class='ocrx_word' id='word_1_168' title='bbox 1411 1229 1553 1262; x_wconf 88' lang='lat' dir='ltr'>autem</span> 
     </span>
    </p>

    <p class='ocr_par' dir='ltr' id='par_1_21' title="bbox 128 1276 1554 1318">
     <span class='ocr_line' id='line_1_22' title="bbox 128 1276 1554 1318; baseline 0.001 -1"><span class='ocrx_word' id='word_1_169' title='bbox 128 1284 224 1317; x_wconf 90' lang='lat' dir='ltr'>ante</span> <span class='ocrx_word' id='word_1_170' title='bbox 245 1276 296 1318; x_wconf 90' lang='lat' dir='ltr'>L.</span> <span class='ocrx_word' id='word_1_171' title='bbox 314 1276 471 1318; x_wconf 84' lang='lat' dir='ltr'>Valerii</span> <span class='ocrx_word' id='word_1_172' title='bbox 491 1285 533 1318; x_wconf 86' lang='lat' dir='ltr'>et</span> <span class='ocrx_word' id='word_1_173' title='bbox 556 1277 606 1317; x_wconf 89' lang='lat' dir='ltr'>L.</span> <span class='ocrx_word' id='word_1_174' title='bbox 631 1276 770 1317; x_wconf 87' lang='lat' dir='ltr'>Porcii</span> <span class='ocrx_word' id='word_1_175' title='bbox 792 1292 1021 1318; x_wconf 86' lang='lat' dir='ltr'>censuram.</span> <span class='ocrx_word' id='word_1_176' title='bbox 1055 1276 1208 1317; x_wconf 89' lang='lat' dir='ltr'>Trium</span> <span class='ocrx_word' id='word_1_177' title='bbox 1230 1276 1554 1318; x_wconf 83' lang='lat' dir='ltr'>clarissimorum</span> 
     </span>
    </p>

    <p class='ocr_par' dir='ltr' id='par_1_22' title="bbox 130 1332 1557 1390">
     <span class='ocr_line' id='line_1_23' title="bbox 130 1332 1557 1390; baseline 0.001 -17"><span class='ocrx_word' id='word_1_178' title='bbox 130 1348 217 1374; x_wconf 86' lang='lat' dir='ltr'>suae</span> <span class='ocrx_word' id='word_1_179' title='bbox 237 1334 444 1390; x_wconf 85' lang='lat' dir='ltr'>cujusque</span> <span class='ocrx_word' id='word_1_180' title='bbox 473 1334 610 1389; x_wconf 84' lang='lat' dir='ltr'>gentis</span> <span class='ocrx_word' id='word_1_181' title='bbox 629 1333 817 1374; x_wconf 89' lang='lat' dir='ltr'>virorum</span> <span class='ocrx_word' id='word_1_182' title='bbox 838 1349 923 1375; x_wconf 91' lang='lat' dir='ltr'>non</span> <span class='ocrx_word' id='word_1_183' title='bbox 952 1332 1085 1388; x_wconf 84' lang='lat' dir='ltr'>magis</span> <span class='ocrx_word' id='word_1_184' title='bbox 1106 1341 1292 1390; x_wconf 88' lang='lat' dir='ltr'>tempore</span> <span class='ocrx_word' id='word_1_185' title='bbox 1323 1349 1557 1389; x_wconf 85' lang='lat' dir='ltr'>congruen-</span> 
     </span>
    </p>

    <p class='ocr_par' dir='ltr' id='par_1_23' title="bbox 131 1390 1553 1447">
     <span class='ocr_line' id='line_1_24' title="bbox 131 1390 1553 1447; baseline 0.001 -17"><span class='ocrx_word' id='word_1_186' title='bbox 131 1398 172 1431; x_wconf 88' lang='lat' dir='ltr'>te</span> <span class='ocrx_word' id='word_1_187' title='bbox 192 1390 484 1447; x_wconf 86' lang='lat' dir='ltr'>comparabilis</span> <span class='ocrx_word' id='word_1_188' title='bbox 510 1405 622 1431; x_wconf 89' lang='lat' dir='ltr'>mors</span> <span class='ocrx_word' id='word_1_189' title='bbox 642 1390 811 1431; x_wconf 89' lang='lat' dir='ltr'>videtur</span> <span class='ocrx_word' id='word_1_190' title='bbox 838 1406 938 1439; x_wconf 89' lang='lat' dir='ltr'>esse,</span> <span class='ocrx_word' id='word_1_191' title='bbox 961 1405 1089 1446; x_wconf 87' lang='lat' dir='ltr'>quam</span> <span class='ocrx_word' id='word_1_192' title='bbox 1115 1390 1231 1446; x_wconf 92' lang='lat' dir='ltr'>quod</span> <span class='ocrx_word' id='word_1_193' title='bbox 1258 1406 1380 1431; x_wconf 93' lang='lat' dir='ltr'>nemo</span> <span class='ocrx_word' id='word_1_194' title='bbox 1407 1407 1553 1432; x_wconf 87' lang='lat' dir='ltr'>eorum</span> 
     </span>
    </p>

    <p class='ocr_par' dir='ltr' id='par_1_24' title="bbox 132 1447 1557 1503">
     <span class='ocr_line' id='line_1_25' title="bbox 132 1447 1557 1503; baseline 0 -15"><span class='ocrx_word' id='word_1_195' title='bbox 132 1447 232 1488; x_wconf 86' lang='lat' dir='ltr'>satis</span> <span class='ocrx_word' id='word_1_196' title='bbox 253 1448 430 1503; x_wconf 85' lang='lat' dir='ltr'>dignum</span> <span class='ocrx_word' id='word_1_197' title='bbox 460 1447 678 1503; x_wconf 88' lang='lat' dir='ltr'>splendore</span> <span class='ocrx_word' id='word_1_198' title='bbox 699 1447 798 1488; x_wconf 87' lang='lat' dir='ltr'>vitae</span> <span class='ocrx_word' id='word_1_199' title='bbox 828 1448 990 1489; x_wconf 86' lang='lat' dir='ltr'>exitum</span> <span class='ocrx_word' id='word_1_200' title='bbox 1020 1447 1182 1488; x_wconf 82' lang='lat' dir='ltr'>habuit.</span> <span class='ocrx_word' id='word_1_201' title='bbox 1242 1448 1342 1488; x_wconf 84' lang='lat' dir='ltr'>Jam</span> <span class='ocrx_word' id='word_1_202' title='bbox 1373 1447 1557 1503; x_wconf 91' lang='lat' dir='ltr'>primum</span> 
     </span>
    </p>

    <p class='ocr_par' dir='ltr' id='par_1_25' title="bbox 135 1503 1558 1559">
     <span class='ocr_line' id='line_1_26' title="bbox 135 1503 1558 1559; baseline 0.001 -15"><span class='ocrx_word' id='word_1_203' title='bbox 135 1518 277 1544; x_wconf 89' lang='lat' dir='ltr'>omnes</span> <span class='ocrx_word' id='word_1_204' title='bbox 306 1519 390 1545; x_wconf 92' lang='lat' dir='ltr'>non</span> <span class='ocrx_word' id='word_1_205' title='bbox 419 1504 462 1545; x_wconf 93' lang='lat' dir='ltr'>in</span> <span class='ocrx_word' id='word_1_206' title='bbox 492 1505 629 1559; x_wconf 87' lang='lat' dir='ltr'>patrio</span> <span class='ocrx_word' id='word_1_207' title='bbox 660 1503 746 1544; x_wconf 91' lang='lat' dir='ltr'>solo</span> <span class='ocrx_word' id='word_1_208' title='bbox 775 1504 946 1554; x_wconf 89' lang='lat' dir='ltr'>mortui,</span> <span class='ocrx_word' id='word_1_209' title='bbox 968 1519 1042 1545; x_wconf 90' lang='lat' dir='ltr'>nec</span> <span class='ocrx_word' id='word_1_210' title='bbox 1073 1504 1368 1559; x_wconf 67' lang='lat' dir='ltr'>sepultisunt.</span> <span class='ocrx_word' id='word_1_211' title='bbox 1400 1519 1558 1545; x_wconf 90' lang='lat' dir='ltr'>veneno</span> 
     </span>
    </p>

    <p class='ocr_par' dir='ltr' id='par_1_26' title="bbox 136 1560 1559 1618">
     <span class='ocr_line' id='line_1_27' title="bbox 136 1560 1559 1618; baseline 0.001 -17"><span class='ocrx_word' id='word_1_212' title='bbox 136 1560 319 1602; x_wconf 86' lang='lat' dir='ltr'>absumti</span> <span class='ocrx_word' id='word_1_213' title='bbox 351 1560 566 1602; x_wconf 83' lang='lat' dir='ltr'>Hannibal</span> <span class='ocrx_word' id='word_1_214' title='bbox 594 1569 635 1601; x_wconf 90' lang='lat' dir='ltr'>et</span> <span class='ocrx_word' id='word_1_215' title='bbox 670 1560 982 1616; x_wconf 82' lang='lat' dir='ltr'>Pliilopoemen;</span> <span class='ocrx_word' id='word_1_216' title='bbox 1022 1561 1142 1602; x_wconf 80' lang='lat' dir='ltr'>exsul</span> <span class='ocrx_word' id='word_1_217' title='bbox 1168 1560 1397 1611; x_wconf 77' lang='lat' dir='ltr'>Hannibal,</span> <span class='ocrx_word' id='word_1_218' title='bbox 1419 1561 1559 1618; x_wconf 83' lang='lat' dir='ltr'>prodi-</span> 
     </span>
    </p>

    <p class='ocr_par' dir='ltr' id='par_1_27' title="bbox 137 1617 1559 1674">
     <span class='ocr_line' id='line_1_28' title="bbox 137 1617 1559 1674; baseline 0.001 -17"><span class='ocrx_word' id='word_1_219' title='bbox 137 1625 210 1658; x_wconf 90' lang='lat' dir='ltr'>tus</span> <span class='ocrx_word' id='word_1_220' title='bbox 230 1618 283 1659; x_wconf 90' lang='lat' dir='ltr'>ab</span> <span class='ocrx_word' id='word_1_221' title='bbox 312 1617 501 1674; x_wconf 73' lang='lat' dir='ltr'>hospite3</span> <span class='ocrx_word' id='word_1_222' title='bbox 534 1626 683 1673; x_wconf 81' lang='lat' dir='ltr'>captus</span> <span class='ocrx_word' id='word_1_223' title='bbox 714 1617 1003 1674; x_wconf 89' lang='lat' dir='ltr'>Philopoemen</span> <span class='ocrx_word' id='word_1_224' title='bbox 1033 1617 1076 1658; x_wconf 91' lang='lat' dir='ltr'>in</span> <span class='ocrx_word' id='word_1_225' title='bbox 1106 1632 1268 1658; x_wconf 86' lang='lat' dir='ltr'>carcere</span> <span class='ocrx_word' id='word_1_226' title='bbox 1290 1617 1393 1659; x_wconf 90' lang='lat' dir='ltr'>etin</span> <span class='ocrx_word' id='word_1_227' title='bbox 1416 1618 1559 1659; x_wconf 89' lang='lat' dir='ltr'>vincu-</span> 
     </span>
    </p>

    <p class='ocr_par' dir='ltr' id='par_1_28' title="bbox 136 1673 1559 1731">
     <span class='ocr_line' id='line_1_29' title="bbox 136 1673 1559 1731; baseline 0.001 -18"><span class='ocrx_word' id='word_1_228' title='bbox 136 1673 186 1714; x_wconf 89' lang='lat' dir='ltr'>lis</span> <span class='ocrx_word' id='word_1_229' title='bbox 207 1674 446 1731; x_wconf 84' lang='lat' dir='ltr'>exspiravit.</span> <span class='ocrx_word' id='word_1_230' title='bbox 509 1674 663 1730; x_wconf 84' lang='lat' dir='ltr'>Scipio,</span> <span class='ocrx_word' id='word_1_231' title='bbox 685 1673 761 1715; x_wconf 86' lang='lat' dir='ltr'>etsi</span> <span class='ocrx_word' id='word_1_232' title='bbox 791 1689 874 1716; x_wconf 91' lang='lat' dir='ltr'>non</span> <span class='ocrx_word' id='word_1_233' title='bbox 903 1674 1037 1725; x_wconf 84' lang='lat' dir='ltr'>exsul,</span> <span class='ocrx_word' id='word_1_234' title='bbox 1065 1689 1202 1731; x_wconf 88' lang='lat' dir='ltr'>neque</span> <span class='ocrx_word' id='word_1_235' title='bbox 1231 1674 1469 1725; x_wconf 83' lang='lat' dir='ltr'>damnatus,</span> <span class='ocrx_word' id='word_1_236' title='bbox 1491 1674 1559 1715; x_wconf 90' lang='lat' dir='ltr'>die</span> 
     </span>
    </p>

    <p class='ocr_par' dir='ltr' id='par_1_29' title="bbox 136 1730 1559 1786">
     <span class='ocr_line' id='line_1_30' title="bbox 136 1730 1559 1786; baseline 0.001 -15"><span class='ocrx_word' id='word_1_237' title='bbox 136 1738 275 1771; x_wconf 89' lang='lat' dir='ltr'>tamen</span> <span class='ocrx_word' id='word_1_238' title='bbox 296 1731 422 1782; x_wconf 82' lang='lat' dir='ltr'>dicta,</span> <span class='ocrx_word' id='word_1_239' title='bbox 445 1730 499 1772; x_wconf 84' lang='lat' dir='ltr'>ad</span> <span class='ocrx_word' id='word_1_240' title='bbox 519 1746 646 1786; x_wconf 87' lang='lat' dir='ltr'>quam</span> <span class='ocrx_word' id='word_1_241' title='bbox 670 1746 754 1772; x_wconf 91' lang='lat' dir='ltr'>non</span> <span class='ocrx_word' id='word_1_242' title='bbox 773 1731 968 1774; x_wconf 84' lang='lat' dir='ltr'>adfuerat</span> <span class='ocrx_word' id='word_1_243' title='bbox 988 1747 1099 1782; x_wconf 88' lang='lat' dir='ltr'>reus,</span> <span class='ocrx_word' id='word_1_244' title='bbox 1121 1732 1268 1773; x_wconf 88' lang='lat' dir='ltr'>absens</span> <span class='ocrx_word' id='word_1_245' title='bbox 1297 1731 1467 1782; x_wconf 84' lang='lat' dir='ltr'>citatus,</span> <span class='ocrx_word' id='word_1_246' title='bbox 1488 1747 1559 1772; x_wconf 90' lang='lat' dir='ltr'>vo-</span> 
     </span>
    </p>
   </div>
   <div class='ocr_carea' id='block_1_5' title="bbox 136 1786 1560 1886">
    <p class='ocr_par' dir='ltr' id='par_1_30' title="bbox 136 1786 1560 1886">
     <span class='ocr_line' id='line_1_31' title="bbox 136 1786 1560 1884; baseline 0.001 -57"><span class='ocrx_word' id='word_1_247' title='bbox 136 1786 365 1884; x_wconf 64' lang='lat' dir='ltr'>lulntarium</span> <span class='ocrx_word' id='word_1_248' title='bbox 384 1803 468 1829; x_wconf 91' lang='lat' dir='ltr'>non</span> <span class='ocrx_word' id='word_1_249' title='bbox 489 1788 653 1830; x_wconf 88' lang='lat' dir='ltr'>sibimet</span> <span class='ocrx_word' id='word_1_250' title='bbox 683 1787 770 1844; x_wconf 88' lang='lat' dir='ltr'>ipse</span> <span class='ocrx_word' id='word_1_251' title='bbox 801 1789 950 1840; x_wconf 83' lang='lat' dir='ltr'>solum,</span> <span class='ocrx_word' id='word_1_252' title='bbox 967 1788 1041 1830; x_wconf 89' lang='lat' dir='ltr'>sed</span> <span class='ocrx_word' id='word_1_253' title='bbox 1059 1789 1185 1831; x_wconf 87' lang='lat' dir='ltr'>etiam</span> <span class='ocrx_word' id='word_1_254' title='bbox 1205 1788 1345 1830; x_wconf 86' lang='lat' dir='ltr'>funeri</span> <span class='ocrx_word' id='word_1_255' title='bbox 1375 1804 1465 1839; x_wconf 88' lang='lat' dir='ltr'>suo,</span> <span class='ocrx_word' id='word_1_256' title='bbox 1487 1803 1560 1829; x_wconf 83' lang='lat' dir='ltr'>ex-</span> 
     </span>
     <span class='ocr_line' id='line_1_32' title="bbox 136 1843 460 1886; baseline 0.006 -2"><span class='ocrx_word' id='word_1_257' title='bbox 136 1843 170 1884; x_wconf 90' lang='lat' dir='ltr'>si</span> <span class='ocrx_word' id='word_1_258' title='bbox 188 1843 275 1886; x_wconf 90' lang='lat' dir='ltr'>ium</span> <span class='ocrx_word' id='word_1_259' title='bbox 296 1844 460 1886; x_wconf 85' lang='lat' dir='ltr'>indixit.</span> 
     </span>
    </p>
   </div>
   <div class='ocr_carea' id='block_1_6' title="bbox 135 1962 1559 2220">
    <p class='ocr_par' dir='ltr' id='par_1_31' title="bbox 137 1962 1558 2133">
     <span class='ocr_line' id='line_1_33' title="bbox 177 1962 1557 2006; baseline 0.002 -15"><span class='ocrx_word' id='word_1_260' title='bbox 177 1962 219 1992; x_wconf 83' lang='lat'>98</span> <span class='ocrx_word' id='word_1_261' title='bbox 235 1962 415 2003; x_wconf 57' lang='lat' dir='ltr'>*Rutiliafl</span> <span class='ocrx_word' id='word_1_262' title='bbox 440 1962 501 1994; x_wconf 90' lang='lat' dir='ltr'>Hic</span> <span class='ocrx_word' id='word_1_263' title='bbox 523 1963 577 1994; x_wconf 87' lang='lat' dir='ltr'>ille</span> <span class='ocrx_word' id='word_1_264' title='bbox 600 1969 646 1994; x_wconf 87' lang='lat' dir='ltr'>est</span> <span class='ocrx_word' id='word_1_265' title='bbox 669 1963 714 1994; x_wconf 90' lang='lat' dir='ltr'>vir</span> <span class='ocrx_word' id='word_1_266' title='bbox 736 1974 826 1995; x_wconf 84' lang='lat' dir='ltr'>sanc·</span> <span class='ocrx_word' id='word_1_267' title='bbox 910 1965 931 1995; x_wconf 80' lang='lat'><strong>2</strong></span> <span class='ocrx_word' id='word_1_268' title='bbox 955 1965 1105 1995; x_wconf 80' lang='lat' dir='ltr'>Antiatem</span> <span class='ocrx_word' id='word_1_269' title='bbox 1141 1971 1289 1995; x_wconf 77' lang='lat' dir='ltr'>auctorem</span> <span class='ocrx_word' id='word_1_270' title='bbox 1324 1964 1435 2006; x_wconf 74' lang='lat' dir='ltr'>refellit</span> <span class='ocrx_word' id='word_1_271' title='bbox 1464 1965 1557 1994; x_wconf 78' lang='lat' dir='ltr'>tribu-</span> 
     </span>
     <span class='ocr_line' id='line_1_34' title="bbox 137 2003 1558 2049; baseline 0.002 -16"><span class='ocrx_word' id='word_1_272' title='bbox 137 2003 262 2035; x_wconf 85' lang='lat' dir='ltr'>tissimis</span> <span class='ocrx_word' id='word_1_273' title='bbox 289 2005 435 2041; x_wconf 81' lang='lat' dir='ltr'>moribus,</span> <span class='ocrx_word' id='word_1_274' title='bbox 465 2016 557 2047; x_wconf 88' lang='lat' dir='ltr'>quem</span> <span class='ocrx_word' id='word_1_275' title='bbox 592 2006 682 2037; x_wconf 89' lang='lat' dir='ltr'>toties</span> <span class='ocrx_word' id='word_1_276' title='bbox 718 2008 826 2038; x_wconf 88' lang='lat' dir='ltr'>Cicero</span> <span class='ocrx_word' id='word_1_277' title='bbox 868 2017 925 2036; x_wconf 77' lang='lat' dir='ltr'>uus</span> <span class='ocrx_word' id='word_1_278' title='bbox 937 2009 1024 2046; x_wconf 77' lang='lat' dir='ltr'>plebis</span> <span class='ocrx_word' id='word_1_279' title='bbox 1044 2009 1097 2037; x_wconf 86' lang='lat' dir='ltr'>M.</span> <span class='ocrx_word' id='word_1_280' title='bbox 1116 2008 1253 2048; x_wconf 55' lang='grc' dir='ltr'>Νεεμίας]</span> <span class='ocrx_word' id='word_1_281' title='bbox 1290 2007 1476 2049; x_wconf 85' lang='lat' dir='ltr'>Opinionem</span> <span class='ocrx_word' id='word_1_282' title='bbox 1494 2008 1558 2038; x_wconf 87' lang='lat' dir='ltr'>Va-</span> 
     </span>
     <span class='ocr_line' id='line_1_35' title="bbox 138 2046 1558 2091; baseline 0.002 -15"><span class='ocrx_word' id='word_1_283' title='bbox 138 2046 251 2088; x_wconf 87' lang='lat' dir='ltr'>aliique</span> <span class='ocrx_word' id='word_1_284' title='bbox 267 2047 351 2078; x_wconf 87' lang='lat' dir='ltr'>miris</span> <span class='ocrx_word' id='word_1_285' title='bbox 370 2047 540 2089; x_wconf 84' lang='lat' dir='ltr'>praedicant</span> <span class='ocrx_word' id='word_1_286' title='bbox 559 2048 714 2079; x_wconf 85' lang='lat' dir='ltr'>laudibus.</span> <span class='ocrx_word' id='word_1_287' title='bbox 759 2050 826 2080; x_wconf 81' lang='lat' dir='ltr'>Ro·</span> <span class='ocrx_word' id='word_1_288' title='bbox 869 2049 935 2080; x_wconf 83' lang='lat' dir='ltr'>lerii</span> <span class='ocrx_word' id='word_1_289' title='bbox 952 2049 1101 2085; x_wconf 81' lang='lat' dir='ltr'>Antiatis,</span> <span class='ocrx_word' id='word_1_290' title='bbox 1116 2050 1169 2091; x_wconf 89' lang='lat' dir='ltr'>qui</span> <span class='ocrx_word' id='word_1_291' title='bbox 1185 2049 1362 2091; x_wconf 88' lang='lat' dir='ltr'>Scipionem</span> <span class='ocrx_word' id='word_1_292' title='bbox 1379 2055 1558 2080; x_wconf 85' lang='lat' dir='ltr'>accusatum</span> 
     </span>
     <span class='ocr_line' id='line_1_36' title="bbox 137 2090 1558 2133; baseline 0.002 -14"><span class='ocrx_word' id='word_1_293' title='bbox 137 2099 263 2120; x_wconf 81' lang='lat' dir='ltr'>manain</span> <span class='ocrx_word' id='word_1_294' title='bbox 277 2090 435 2121; x_wconf 82' lang='lat' dir='ltr'>historiam</span> <span class='ocrx_word' id='word_1_295' title='bbox 451 2091 562 2122; x_wconf 86' lang='lat' dir='ltr'>Graece</span> <span class='ocrx_word' id='word_1_296' title='bbox 579 2098 802 2133; x_wconf 80' lang='lat' dir='ltr'>composuerat.</span> <span class='ocrx_word' id='word_1_297' title='bbox 868 2091 959 2122; x_wconf 84' lang='lat' dir='ltr'>fuisse</span> <span class='ocrx_word' id='word_1_298' title='bbox 995 2093 1178 2123; x_wconf 83' lang='lat' dir='ltr'>memoravit</span> <span class='ocrx_word' id='word_1_299' title='bbox 1207 2103 1225 2123; x_wconf 90' lang='lat' dir='ltr'>a</span> <span class='ocrx_word' id='word_1_300' title='bbox 1255 2093 1375 2123; x_wconf 92' lang='lat' dir='ltr'>duobus</span> <span class='ocrx_word' id='word_1_301' title='bbox 1412 2092 1558 2132; x_wconf 79' lang='lat' dir='ltr'>Petilliis,</span> 
     </span>
    </p>

    <p class='ocr_par' dir='ltr' id='par_1_32' title="bbox 135 2133 1559 2220">
     <span class='ocr_line' id='line_1_37' title="bbox 179 2133 1559 2176; baseline 0.001 -13"><span class='ocrx_word' id='word_1_302' title='bbox 179 2133 221 2163; x_wconf 89' lang='lat'>99</span> <span class='ocrx_word' id='word_1_303' title='bbox 260 2133 360 2174; x_wconf 84' lang='lat' dir='ltr'>Neque</span> <span class='ocrx_word' id='word_1_304' title='bbox 399 2133 512 2164; x_wconf 79' lang='lat' dir='ltr'>Valerio</span> <span class='ocrx_word' id='word_1_305' title='bbox 547 2135 698 2175; x_wconf 79' lang='lat' dir='ltr'>assentior]</span> <span class='ocrx_word' id='word_1_306' title='bbox 751 2135 824 2166; x_wconf 89' lang='lat' dir='ltr'>Non</span> <span class='ocrx_word' id='word_1_307' title='bbox 868 2135 976 2176; x_wconf 86' lang='lat' dir='ltr'>quinto</span> <span class='ocrx_word' id='word_1_308' title='bbox 1011 2141 1083 2166; x_wconf 86' lang='lat' dir='ltr'>ante</span> <span class='ocrx_word' id='word_1_309' title='bbox 1118 2135 1201 2166; x_wconf 90' lang='lat' dir='ltr'>hunc</span> <span class='ocrx_word' id='word_1_310' title='bbox 1238 2146 1330 2171; x_wconf 89' lang='lat' dir='ltr'>anno,</span> <span class='ocrx_word' id='word_1_311' title='bbox 1367 2135 1399 2165; x_wconf 90' lang='lat' dir='ltr'>id</span> <span class='ocrx_word' id='word_1_312' title='bbox 1435 2134 1559 2174; x_wconf 70' lang='lat' dir='ltr'>refellit,</span> 
     </span>
     <span class='ocr_line' id='line_1_38' title="bbox 135 2175 1558 2220; baseline 0.002 -15"><span class='ocrx_word' id='word_1_313' title='bbox 135 2175 280 2217; x_wconf 84' lang='lat' dir='ltr'>exprimit</span> <span class='ocrx_word' id='word_1_314' title='bbox 294 2176 351 2207; x_wconf 89' lang='lat' dir='ltr'>hoc</span> <span class='ocrx_word' id='word_1_315' title='bbox 373 2175 442 2206; x_wconf 88' lang='lat' dir='ltr'>loco</span> <span class='ocrx_word' id='word_1_316' title='bbox 461 2176 578 2213; x_wconf 86' lang='lat' dir='ltr'>Livius,</span> <span class='ocrx_word' id='word_1_317' title='bbox 594 2187 736 2218; x_wconf 89' lang='lat' dir='ltr'>quaenam</span> <span class='ocrx_word' id='word_1_318' title='bbox 760 2178 824 2209; x_wconf 83' lang='lat' dir='ltr'>fue·</span> <span class='ocrx_word' id='word_1_319' title='bbox 868 2177 951 2218; x_wconf 87' lang='lat' dir='ltr'>quod</span> <span class='ocrx_word' id='word_1_320' title='bbox 986 2178 1091 2212; x_wconf 83' lang='lat' dir='ltr'>index,</span> <span class='ocrx_word' id='word_1_321' title='bbox 1121 2178 1196 2214; x_wconf 90' lang='lat' dir='ltr'>sive,</span> <span class='ocrx_word' id='word_1_322' title='bbox 1221 2184 1256 2208; x_wconf 89' lang='lat' dir='ltr'>ut</span> <span class='ocrx_word' id='word_1_323' title='bbox 1285 2187 1366 2209; x_wconf 90' lang='lat' dir='ltr'>nunc</span> <span class='ocrx_word' id='word_1_324' title='bbox 1392 2178 1558 2220; x_wconf 83' lang='lat' dir='ltr'>loquimur,</span> 
     </span>
    </p>
   </div>
   <div class='ocr_carea' id='block_1_7' title="bbox 136 2217 830 2860">
    <p class='ocr_par' dir='ltr' id='par_1_33' title="bbox 136 2217 830 2721">
     <span class='ocr_line' id='line_1_39' title="bbox 136 2217 823 2262; baseline 0.006 -15"><span class='ocrx_word' id='word_1_325' title='bbox 136 2217 175 2248; x_wconf 86' lang='lat' dir='ltr'>rit</span> <span class='ocrx_word' id='word_1_326' title='bbox 197 2219 316 2250; x_wconf 86' lang='lat' dir='ltr'>Valerii</span> <span class='ocrx_word' id='word_1_327' title='bbox 337 2218 475 2249; x_wconf 87' lang='lat' dir='ltr'>Antiatis</span> <span class='ocrx_word' id='word_1_328' title='bbox 498 2220 663 2257; x_wconf 84' lang='lat' dir='ltr'>sententia,</span> <span class='ocrx_word' id='word_1_329' title='bbox 682 2220 755 2262; x_wconf 88' lang='lat' dir='ltr'>quia</span> <span class='ocrx_word' id='word_1_330' title='bbox 777 2221 823 2251; x_wconf 89' lang='lat' dir='ltr'>ni-</span> 
     </span>
     <span class='ocr_line' id='line_1_40' title="bbox 136 2260 826 2304; baseline 0.006 -14"><span class='ocrx_word' id='word_1_331' title='bbox 136 2260 247 2292; x_wconf 85' lang='lat' dir='ltr'>mirum</span> <span class='ocrx_word' id='word_1_332' title='bbox 274 2272 344 2293; x_wconf 87' lang='lat' dir='ltr'>eam</span> <span class='ocrx_word' id='word_1_333' title='bbox 383 2271 476 2303; x_wconf 83' lang='lat' dir='ltr'>supra</span> <span class='ocrx_word' id='word_1_334' title='bbox 507 2263 620 2294; x_wconf 85' lang='lat' dir='ltr'>retulit.</span> <span class='ocrx_word' id='word_1_335' title='bbox 664 2262 826 2304; x_wconf 86' lang='lat' dir='ltr'>Quidquid</span> 
     </span>
     <span class='ocr_line' id='line_1_41' title="bbox 136 2303 826 2338; baseline 0.004 -4"><span class='ocrx_word' id='word_1_336' title='bbox 136 2303 220 2334; x_wconf 87' lang='lat' dir='ltr'>enim</span> <span class='ocrx_word' id='word_1_337' title='bbox 244 2310 345 2335; x_wconf 89' lang='lat' dir='ltr'>noster</span> <span class='ocrx_word' id='word_1_338' title='bbox 366 2304 398 2335; x_wconf 89' lang='lat' dir='ltr'>in</span> <span class='ocrx_word' id='word_1_339' title='bbox 421 2305 482 2335; x_wconf 88' lang='lat' dir='ltr'>fine</span> <span class='ocrx_word' id='word_1_340' title='bbox 504 2305 525 2336; x_wconf 91' lang='lat' dir='ltr'>l.</span> <span class='ocrx_word' id='word_1_341' title='bbox 541 2307 740 2337; x_wconf 84' lang='lat' dir='ltr'>XXXVIII.</span> <span class='ocrx_word' id='word_1_342' title='bbox 755 2317 826 2338; x_wconf 87' lang='lat' dir='ltr'>nar-</span> 
     </span>
     <span class='ocr_line' id='line_1_42' title="bbox 137 2346 825 2385; baseline 0.006 -9"><span class='ocrx_word' id='word_1_343' title='bbox 137 2346 217 2377; x_wconf 87' lang='lat' dir='ltr'>ravit</span> <span class='ocrx_word' id='word_1_344' title='bbox 230 2347 270 2378; x_wconf 89' lang='lat' dir='ltr'>de</span> <span class='ocrx_word' id='word_1_345' title='bbox 293 2347 489 2379; x_wconf 86' lang='lat' dir='ltr'>accusatione</span> <span class='ocrx_word' id='word_1_346' title='bbox 504 2359 540 2379; x_wconf 88' lang='lat' dir='ltr'>ac</span> <span class='ocrx_word' id='word_1_347' title='bbox 561 2355 659 2380; x_wconf 88' lang='lat' dir='ltr'>morte</span> <span class='ocrx_word' id='word_1_348' title='bbox 674 2348 825 2385; x_wconf 80' lang='lat' dir='ltr'>Africani,</span> 
     </span>
     <span class='ocr_line' id='line_1_43' title="bbox 139 2388 826 2433; baseline 0.006 -15"><span class='ocrx_word' id='word_1_349' title='bbox 139 2388 240 2429; x_wconf 85' lang='lat' dir='ltr'>deque</span> <span class='ocrx_word' id='word_1_350' title='bbox 260 2390 298 2420; x_wconf 87' lang='lat' dir='ltr'>iis</span> <span class='ocrx_word' id='word_1_351' title='bbox 312 2402 379 2433; x_wconf 80' lang='lat' dir='ltr'>quae</span> <span class='ocrx_word' id='word_1_352' title='bbox 396 2390 542 2433; x_wconf 87' lang='lat' dir='ltr'>deinceps</span> <span class='ocrx_word' id='word_1_353' title='bbox 563 2397 669 2422; x_wconf 86' lang='lat' dir='ltr'>secuta</span> <span class='ocrx_word' id='word_1_354' title='bbox 682 2396 763 2427; x_wconf 87' lang='lat' dir='ltr'>sunt,</span> <span class='ocrx_word' id='word_1_355' title='bbox 781 2392 826 2422; x_wconf 91' lang='lat' dir='ltr'>ni-</span> 
     </span>
     <span class='ocr_line' id='line_1_44' title="bbox 139 2430 827 2471; baseline 0.007 -11"><span class='ocrx_word' id='word_1_356' title='bbox 139 2430 212 2461; x_wconf 82' lang='lat' dir='ltr'>titur</span> <span class='ocrx_word' id='word_1_357' title='bbox 247 2433 428 2465; x_wconf 82' lang='lat' dir='ltr'>auctoritate</span> <span class='ocrx_word' id='word_1_358' title='bbox 461 2434 580 2465; x_wconf 81' lang='lat' dir='ltr'>Valerii</span> <span class='ocrx_word' id='word_1_359' title='bbox 615 2434 762 2471; x_wconf 78' lang='lat' dir='ltr'>Antiatis,</span> <span class='ocrx_word' id='word_1_360' title='bbox 793 2439 827 2465; x_wconf 93' lang='lat' dir='ltr'>ut</span> 
     </span>
     <span class='ocr_line' id='line_1_45' title="bbox 139 2476 826 2509; baseline 0.007 -6"><span class='ocrx_word' id='word_1_361' title='bbox 139 2479 262 2504; x_wconf 86' lang='lat' dir='ltr'>constat</span> <span class='ocrx_word' id='word_1_362' title='bbox 281 2486 320 2506; x_wconf 87' lang='lat' dir='ltr'>ex</span> <span class='ocrx_word' id='word_1_363' title='bbox 341 2486 371 2508; x_wconf 90' lang='lat' dir='ltr'>c.</span> <span class='ocrx_word' id='word_1_364' title='bbox 385 2478 438 2507; x_wconf 86' lang='lat'>50.</span> <span class='ocrx_word' id='word_1_365' title='bbox 453 2476 522 2507; x_wconf 78' lang='lat' dir='ltr'>libn·</span> <span class='ocrx_word' id='word_1_366' title='bbox 544 2477 634 2508; x_wconf 88' lang='lat' dir='ltr'>modo</span> <span class='ocrx_word' id='word_1_367' title='bbox 656 2477 826 2509; x_wconf 86' lang='lat' dir='ltr'>memorati.</span> 
     </span>
     <span class='ocr_line' id='line_1_46' title="bbox 141 2516 827 2562; baseline 0.009 -17"><span class='ocrx_word' id='word_1_368' title='bbox 141 2516 287 2547; x_wconf 85' lang='lat' dir='ltr'>Valerius</span> <span class='ocrx_word' id='word_1_369' title='bbox 301 2518 392 2559; x_wconf 87' lang='lat' dir='ltr'>igitur</span> <span class='ocrx_word' id='word_1_370' title='bbox 408 2519 538 2550; x_wconf 89' lang='lat' dir='ltr'>credidit</span> <span class='ocrx_word' id='word_1_371' title='bbox 557 2520 732 2562; x_wconf 86' lang='lat' dir='ltr'>Scipionem</span> <span class='ocrx_word' id='word_1_372' title='bbox 747 2531 827 2550; x_wconf 83' lang='lat' dir='ltr'>mor-</span> 
     </span>
     <span class='ocr_line' id='line_1_47' title="bbox 140 2562 829 2599; baseline 0.009 -11"><span class='ocrx_word' id='word_1_373' title='bbox 140 2563 230 2589; x_wconf 88' lang='lat' dir='ltr'>tuum</span> <span class='ocrx_word' id='word_1_374' title='bbox 262 2570 328 2591; x_wconf 83' lang='lat' dir='ltr'>esse</span> <span class='ocrx_word' id='word_1_375' title='bbox 356 2563 406 2593; x_wconf 90' lang='lat' dir='ltr'>M.</span> <span class='ocrx_word' id='word_1_376' title='bbox 435 2562 576 2599; x_wconf 81' lang='lat' dir='ltr'>AEmifio,</span> <span class='ocrx_word' id='word_1_377' title='bbox 607 2563 646 2594; x_wconf 90' lang='lat' dir='ltr'>C.</span> <span class='ocrx_word' id='word_1_378' title='bbox 676 2562 829 2594; x_wconf 86' lang='lat' dir='ltr'>Flaminio</span> 
     </span>
     <span class='ocr_line' id='line_1_48' title="bbox 143 2601 829 2647; baseline 0.009 -16"><span class='ocrx_word' id='word_1_379' title='bbox 143 2601 339 2633; x_wconf 89' lang='lat' dir='ltr'>consulibus:</span> <span class='ocrx_word' id='word_1_380' title='bbox 363 2604 513 2645; x_wconf 87' lang='lat' dir='ltr'>Polybius</span> <span class='ocrx_word' id='word_1_381' title='bbox 527 2615 558 2637; x_wconf 86' lang='lat' dir='ltr'>et</span> <span class='ocrx_word' id='word_1_382' title='bbox 571 2605 722 2642; x_wconf 85' lang='lat' dir='ltr'>Rutilius,</span> <span class='ocrx_word' id='word_1_383' title='bbox 738 2606 829 2647; x_wconf 89' lang='lat' dir='ltr'>quin-</span> 
     </span>
     <span class='ocr_line' id='line_1_49' title="bbox 143 2643 830 2692; baseline 0.009 -18"><span class='ocrx_word' id='word_1_384' title='bbox 143 2643 279 2684; x_wconf 86' lang='lat' dir='ltr'>quennio</span> <span class='ocrx_word' id='word_1_385' title='bbox 290 2645 396 2681; x_wconf 83' lang='lat' dir='ltr'>serius,</span> <span class='ocrx_word' id='word_1_386' title='bbox 410 2647 468 2678; x_wconf 91' lang='lat' dir='ltr'>hoc</span> <span class='ocrx_word' id='word_1_387' title='bbox 483 2658 594 2692; x_wconf 88' lang='lat' dir='ltr'>nempe</span> <span class='ocrx_word' id='word_1_388' title='bbox 609 2659 700 2679; x_wconf 89' lang='lat' dir='ltr'>anno.</span> <span class='ocrx_word' id='word_1_389' title='bbox 743 2649 830 2680; x_wconf 88' lang='lat' dir='ltr'>Neu-</span> 
     </span>
     <span class='ocr_line' id='line_1_50' title="bbox 142 2687 506 2721; baseline 0.014 -5"><span class='ocrx_word' id='word_1_390' title='bbox 142 2687 198 2717; x_wconf 82' lang='lat' dir='ltr'>tris</span> <span class='ocrx_word' id='word_1_391' title='bbox 210 2687 374 2719; x_wconf 87' lang='lat' dir='ltr'>assentitur</span> <span class='ocrx_word' id='word_1_392' title='bbox 389 2689 506 2721; x_wconf 82' lang='lat' dir='ltr'>Livius.</span> 
     </span>
    </p>

    <p class='ocr_par' dir='ltr' id='par_1_34' title="bbox 144 2729 830 2860">
     <span class='ocr_line' id='line_1_51' title="bbox 188 2729 827 2776; baseline 0.009 -17"><span class='ocrx_word' id='word_1_393' title='bbox 188 2729 204 2775; x_wconf 72' lang='lat' dir='ltr'>I</span> <span class='ocrx_word' id='word_1_394' title='bbox 229 2731 333 2766; x_wconf 83' lang='lat' dir='ltr'>Quum</span> <span class='ocrx_word' id='word_1_395' title='bbox 367 2734 559 2770; x_wconf 74' lang='lat' dir='ltr'>superioribus</span> <span class='ocrx_word' id='word_1_396' title='bbox 594 2734 686 2764; x_wconf 80' lang='lat' dir='ltr'>tribus</span> <span class='ocrx_word' id='word_1_397' title='bbox 713 2735 827 2776; x_wconf 82' lang='lat' dir='ltr'>lustris]</span> 
     </span>
     <span class='ocr_line' id='line_1_52' title="bbox 146 2771 830 2817; baseline 0.012 -16"><span class='ocrx_word' id='word_1_398' title='bbox 146 2771 232 2801; x_wconf 84' lang='lat' dir='ltr'>Ohm</span> <span class='ocrx_word' id='word_1_399' title='bbox 259 2773 419 2813; x_wconf 86' lang='lat' dir='ltr'>legebatur</span> <span class='ocrx_word' id='word_1_400' title='bbox 449 2775 568 2807; x_wconf 73' lang='lat' dir='ltr'>duobus.</span> <span class='ocrx_word' id='word_1_401' title='bbox 611 2776 755 2817; x_wconf 86' lang='lat' dir='ltr'>Sigonius</span> <span class='ocrx_word' id='word_1_402' title='bbox 784 2788 830 2808; x_wconf 85' lang='lat' dir='ltr'>re-</span> 
     </span>
     <span class='ocr_line' id='line_1_53' title="bbox 144 2814 830 2860; baseline 0.013 -17"><span class='ocrx_word' id='word_1_403' title='bbox 144 2814 247 2854; x_wconf 87' lang='lat' dir='ltr'>posuit</span> <span class='ocrx_word' id='word_1_404' title='bbox 270 2817 362 2846; x_wconf 78' lang='lat' dir='ltr'>tribus</span> <span class='ocrx_word' id='word_1_405' title='bbox 379 2826 418 2847; x_wconf 83' lang='lat' dir='ltr'>ex</span> <span class='ocrx_word' id='word_1_406' title='bbox 443 2818 622 2849; x_wconf 84' lang='lat' dir='ltr'>auctoritate</span> <span class='ocrx_word' id='word_1_407' title='bbox 655 2819 751 2860; x_wconf 89' lang='lat' dir='ltr'>ipsius</span> <span class='ocrx_word' id='word_1_408' title='bbox 777 2821 830 2851; x_wconf 91' lang='lat' dir='ltr'>Li-</span> 
     </span>
    </p>
   </div>
   <div class='ocr_carea' id='block_1_8' title="bbox 144 2855 830 2929">
    <p class='ocr_par' dir='ltr' id='par_1_35' title="bbox 144 2855 830 2929">
     <span class='ocr_line' id='line_1_54' title="bbox 146 2855 830 2929; baseline 0.013 -44"><span class='ocrx_word' id='word_1_409' title='bbox 146 2855 238 2929; x_wconf 58' lang='grc' dir='ltr'>νὶἱρὲ.</span> <span class='ocrx_word' id='word_1_410' title='bbox 251 2857 407 2891; x_wconf 83' lang='lat' dir='ltr'>XXXIV.</span> <span class='ocrx_word' id='word_1_411' title='bbox 429 2869 456 2890; x_wconf 90' lang='lat' dir='ltr'>e.</span> <span class='ocrx_word' id='word_1_412' title='bbox 477 2860 530 2892; x_wconf 82' lang='lat'>44.</span> <span class='ocrx_word' id='word_1_413' title='bbox 547 2861 614 2891; x_wconf 85' lang='lat' dir='ltr'>etl.</span> <span class='ocrx_word' id='word_1_414' title='bbox 633 2862 830 2894; x_wconf 86' lang='lat' dir='ltr'>XXXVIII.</span> 
     </span>
     <span class='ocr_line' id='line_1_55' title="bbox 144 2909 237 2929; baseline 0.011 -1"><span class='ocrx_word' id='word_1_415' title='bbox 144 2909 172 2929; x_wconf 87' lang='lat' dir='ltr'>c.</span> <span class='ocrx_word' id='word_1_416' title='bbox 228 2921 237 2929; x_wconf 92' lang='lat'>.</span> 
     </span>
    </p>
   </div>
   <div class='ocr_carea' id='block_1_9' title="bbox 867 2220 1565 2936">
    <p class='ocr_par' dir='ltr' id='par_1_36' title="bbox 867 2220 1560 2476">
     <span class='ocr_line' id='line_1_56' title="bbox 867 2220 1560 2263; baseline 0.003 -13"><span class='ocrx_word' id='word_1_417' title='bbox 867 2220 976 2251; x_wconf 88' lang='lat' dir='ltr'>titulus</span> <span class='ocrx_word' id='word_1_418' title='bbox 1010 2221 1157 2251; x_wconf 87' lang='lat' dir='ltr'>orationis</span> <span class='ocrx_word' id='word_1_419' title='bbox 1193 2221 1231 2251; x_wconf 91' lang='lat' dir='ltr'>P.</span> <span class='ocrx_word' id='word_1_420' title='bbox 1259 2221 1412 2263; x_wconf 87' lang='lat' dir='ltr'>Scipionis</span> <span class='ocrx_word' id='word_1_421' title='bbox 1448 2231 1560 2252; x_wconf 89' lang='lat' dir='ltr'>nomen</span> 
     </span>
     <span class='ocr_line' id='line_1_57' title="bbox 868 2263 1558 2306; baseline 0 -13"><span class='ocrx_word' id='word_1_422' title='bbox 868 2263 964 2295; x_wconf 89' lang='lat' dir='ltr'>habet</span> <span class='ocrx_word' id='word_1_423' title='bbox 985 2264 1034 2294; x_wconf 88' lang='lat' dir='ltr'>M.</span> <span class='ocrx_word' id='word_1_424' title='bbox 1051 2264 1154 2295; x_wconf 78' lang='lat' dir='ltr'>Naevii</span> <span class='ocrx_word' id='word_1_425' title='bbox 1175 2263 1290 2295; x_wconf 85' lang='lat' dir='ltr'>tribuni</span> <span class='ocrx_word' id='word_1_426' title='bbox 1312 2264 1423 2306; x_wconf 82' lang='lat' dir='ltr'>plebis.</span> <span class='ocrx_word' id='word_1_427' title='bbox 1468 2264 1558 2295; x_wconf 87' lang='lat' dir='ltr'>Cete-</span> 
     </span>
     <span class='ocr_line' id='line_1_58' title="bbox 869 2307 1559 2349; baseline 0 -13"><span class='ocrx_word' id='word_1_428' title='bbox 869 2317 937 2337; x_wconf 83' lang='lat' dir='ltr'>rum</span> <span class='ocrx_word' id='word_1_429' title='bbox 982 2307 1093 2337; x_wconf 91' lang='lat' dir='ltr'>mirum</span> <span class='ocrx_word' id='word_1_430' title='bbox 1126 2307 1225 2338; x_wconf 84' lang='lat' dir='ltr'>videri</span> <span class='ocrx_word' id='word_1_431' title='bbox 1268 2307 1364 2349; x_wconf 89' lang='lat' dir='ltr'>possit</span> <span class='ocrx_word' id='word_1_432' title='bbox 1400 2311 1559 2347; x_wconf 87' lang='lat' dir='ltr'>tantopere</span> 
     </span>
     <span class='ocr_line' id='line_1_59' title="bbox 870 2349 1559 2381; baseline -0.001 -1"><span class='ocrx_word' id='word_1_433' title='bbox 870 2360 952 2380; x_wconf 86' lang='lat' dir='ltr'>nunc</span> <span class='ocrx_word' id='word_1_434' title='bbox 981 2349 1105 2381; x_wconf 87' lang='lat' dir='ltr'>credere</span> <span class='ocrx_word' id='word_1_435' title='bbox 1132 2349 1254 2380; x_wconf 88' lang='lat' dir='ltr'>Livium</span> <span class='ocrx_word' id='word_1_436' title='bbox 1280 2349 1410 2380; x_wconf 89' lang='lat' dir='ltr'>orationi</span> <span class='ocrx_word' id='word_1_437' title='bbox 1445 2349 1490 2379; x_wconf 91' lang='lat' dir='ltr'>illi</span> <span class='ocrx_word' id='word_1_438' title='bbox 1522 2350 1559 2379; x_wconf 90' lang='lat' dir='ltr'>P.</span> 
     </span>
     <span class='ocr_line' id='line_1_60' title="bbox 870 2392 1560 2434; baseline -0.001 -11"><span class='ocrx_word' id='word_1_439' title='bbox 870 2392 1031 2434; x_wconf 87' lang='lat' dir='ltr'>Scipionis,</span> <span class='ocrx_word' id='word_1_440' title='bbox 1056 2403 1153 2433; x_wconf 90' lang='lat' dir='ltr'>quum</span> <span class='ocrx_word' id='word_1_441' title='bbox 1178 2392 1201 2423; x_wconf 91' lang='lat' dir='ltr'>l.</span> <span class='ocrx_word' id='word_1_442' title='bbox 1231 2393 1429 2423; x_wconf 86' lang='lat' dir='ltr'>XXXVIII.</span> <span class='ocrx_word' id='word_1_443' title='bbox 1458 2401 1486 2424; x_wconf 88' lang='lat' dir='ltr'>e.</span> <span class='ocrx_word' id='word_1_444' title='bbox 1508 2392 1560 2423; x_wconf 87' lang='lat'>56.</span> 
     </span>
     <span class='ocr_line' id='line_1_61' title="bbox 870 2434 1419 2476; baseline 0.004 -11"><span class='ocrx_word' id='word_1_445' title='bbox 870 2434 1002 2471; x_wconf 87' lang='lat' dir='ltr'>dubitet,</span> <span class='ocrx_word' id='word_1_446' title='bbox 1019 2445 1059 2466; x_wconf 88' lang='lat' dir='ltr'>an</span> <span class='ocrx_word' id='word_1_447' title='bbox 1072 2436 1128 2466; x_wconf 86' lang='lat' dir='ltr'>illa</span> <span class='ocrx_word' id='word_1_448' title='bbox 1141 2445 1246 2466; x_wconf 85' lang='lat' dir='ltr'>revera</span> <span class='ocrx_word' id='word_1_449' title='bbox 1259 2434 1354 2476; x_wconf 90' lang='lat' dir='ltr'>ipsius</span> <span class='ocrx_word' id='word_1_450' title='bbox 1369 2434 1419 2467; x_wconf 87' lang='lat' dir='ltr'>sit.</span> 
     </span>
    </p>

    <p class='ocr_par' dir='ltr' id='par_1_37' title="bbox 870 2477 1563 2648">
     <span class='ocr_line' id='line_1_62' title="bbox 913 2477 1561 2518; baseline -0.002 -10"><span class='ocrx_word' id='word_1_451' title='bbox 913 2479 932 2508; x_wconf 89' lang='lat'><strong>3</strong></span> <span class='ocrx_word' id='word_1_452' title='bbox 956 2479 1033 2509; x_wconf 79' lang='lat' dir='ltr'>Ante</span> <span class='ocrx_word' id='word_1_453' title='bbox 1057 2480 1132 2508; x_wconf 83' lang='lat' dir='ltr'>diem</span> <span class='ocrx_word' id='word_1_454' title='bbox 1161 2484 1300 2518; x_wconf 79' lang='lat' dir='ltr'>quartum</span> <span class='ocrx_word' id='word_1_455' title='bbox 1328 2477 1402 2508; x_wconf 81' lang='lat' dir='ltr'>Idus</span> <span class='ocrx_word' id='word_1_456' title='bbox 1440 2477 1561 2508; x_wconf 83' lang='lat' dir='ltr'>Decem·</span> 
     </span>
     <span class='ocr_line' id='line_1_63' title="bbox 870 2519 1563 2562; baseline -0.001 -12"><span class='ocrx_word' id='word_1_457' title='bbox 870 2521 946 2562; x_wconf 71' lang='lat' dir='ltr'>bros]</span> <span class='ocrx_word' id='word_1_458' title='bbox 971 2521 1018 2551; x_wconf 91' lang='lat' dir='ltr'>Eo</span> <span class='ocrx_word' id='word_1_459' title='bbox 1029 2520 1110 2551; x_wconf 88' lang='lat' dir='ltr'>enim</span> <span class='ocrx_word' id='word_1_460' title='bbox 1123 2520 1173 2552; x_wconf 88' lang='lat' dir='ltr'>die</span> <span class='ocrx_word' id='word_1_461' title='bbox 1188 2526 1219 2551; x_wconf 89' lang='lat' dir='ltr'>et</span> <span class='ocrx_word' id='word_1_462' title='bbox 1232 2519 1322 2562; x_wconf 88' lang='lat' dir='ltr'>primi</span> <span class='ocrx_word' id='word_1_463' title='bbox 1337 2519 1451 2551; x_wconf 88' lang='lat' dir='ltr'>tribuni</span> <span class='ocrx_word' id='word_1_464' title='bbox 1462 2520 1563 2562; x_wconf 77' lang='lat' dir='ltr'>plebis</span> 
     </span>
     <span class='ocr_line' id='line_1_64' title="bbox 871 2562 1559 2605; baseline -0.001 -12"><span class='ocrx_word' id='word_1_465' title='bbox 871 2562 967 2594; x_wconf 82' lang='lat' dir='ltr'>creati</span> <span class='ocrx_word' id='word_1_466' title='bbox 989 2563 1121 2600; x_wconf 85' lang='lat' dir='ltr'>fuerant,</span> <span class='ocrx_word' id='word_1_467' title='bbox 1137 2569 1169 2594; x_wconf 88' lang='lat' dir='ltr'>et</span> <span class='ocrx_word' id='word_1_468' title='bbox 1183 2569 1290 2605; x_wconf 90' lang='lat' dir='ltr'>postea</span> <span class='ocrx_word' id='word_1_469' title='bbox 1313 2573 1432 2605; x_wconf 87' lang='lat' dir='ltr'>semper</span> <span class='ocrx_word' id='word_1_470' title='bbox 1455 2573 1559 2593; x_wconf 89' lang='lat' dir='ltr'>eorum</span> 
     </span>
     <span class='ocr_line' id='line_1_65' title="bbox 873 2605 1448 2648; baseline -0.003 -11"><span class='ocrx_word' id='word_1_471' title='bbox 873 2615 1066 2637; x_wconf 85' lang='lat' dir='ltr'>successores</span> <span class='ocrx_word' id='word_1_472' title='bbox 1078 2606 1292 2648; x_wconf 84' lang='lat' dir='ltr'>magistratum</span> <span class='ocrx_word' id='word_1_473' title='bbox 1305 2605 1448 2636; x_wconf 82' lang='lat' dir='ltr'>inierunt.</span> 
     </span>
    </p>

    <p class='ocr_par' dir='ltr' id='par_1_38' title="bbox 872 2647 1565 2936">
     <span class='ocr_line' id='line_1_66' title="bbox 916 2647 1561 2680; baseline -0.005 -1"><span class='ocrx_word' id='word_1_474' title='bbox 916 2650 936 2679; x_wconf 88' lang='grc'>4</span> <span class='ocrx_word' id='word_1_475' title='bbox 959 2649 1008 2679; x_wconf 79' lang='lat' dir='ltr'>Ita</span> <span class='ocrx_word' id='word_1_476' title='bbox 1032 2656 1060 2680; x_wconf 81' lang='lat' dir='ltr'>et</span> <span class='ocrx_word' id='word_1_477' title='bbox 1088 2651 1187 2680; x_wconf 62' lang='lat' dir='ltr'>vixisse</span> <span class='ocrx_word' id='word_1_478' title='bbox 1214 2651 1247 2679; x_wconf 84' lang='lat' dir='ltr'>in</span> <span class='ocrx_word' id='word_1_479' title='bbox 1272 2650 1427 2679; x_wconf 70' lang='lat' dir='ltr'>tribunatu</span> <span class='ocrx_word' id='word_1_480' title='bbox 1468 2647 1561 2677; x_wconf 72' lang='lat' dir='ltr'>Naeviz&#39;</span> 
     </span>
     <span class='ocr_line' id='line_1_67' title="bbox 872 2689 1561 2723; baseline -0.006 -1"><span class='ocrx_word' id='word_1_481' title='bbox 872 2692 989 2722; x_wconf 79' lang='lat' dir='ltr'>videtur</span> <span class='ocrx_word' id='word_1_482' title='bbox 1006 2716 1012 2723; x_wconf 93' lang='lat'>.</span> <span class='ocrx_word' id='word_1_483' title='bbox 1031 2715 1038 2723; x_wconf 90' lang='lat'>.</span> <span class='ocrx_word' id='word_1_484' title='bbox 1053 2694 1197 2723; x_wconf 80' lang='lat' dir='ltr'>decessisse</span> <span class='ocrx_word' id='word_1_485' title='bbox 1218 2698 1316 2722; x_wconf 80' lang='lat' dir='ltr'>autem</span> <span class='ocrx_word' id='word_1_486' title='bbox 1343 2697 1411 2720; x_wconf 76' lang='lat' dir='ltr'>ante</span> <span class='ocrx_word' id='word_1_487' title='bbox 1437 2689 1475 2719; x_wconf 94' lang='lat' dir='ltr'>L.</span> <span class='ocrx_word' id='word_1_488' title='bbox 1504 2690 1561 2719; x_wconf 77' lang='lat' dir='ltr'>Va-</span> 
     </span>
     <span class='ocr_line' id='line_1_68' title="bbox 873 2731 1562 2772; baseline -0.006 -7"><span class='ocrx_word' id='word_1_489' title='bbox 873 2735 938 2765; x_wconf 80' lang='lat' dir='ltr'>lerii</span> <span class='ocrx_word' id='word_1_490' title='bbox 963 2741 990 2765; x_wconf 85' lang='lat' dir='ltr'>et</span> <span class='ocrx_word' id='word_1_491' title='bbox 1017 2735 1062 2766; x_wconf 82' lang='lat' dir='ltr'>M.</span> <span class='ocrx_word' id='word_1_492' title='bbox 1084 2736 1187 2765; x_wconf 76' lang='lat' dir='ltr'>Porcii</span> <span class='ocrx_word' id='word_1_493' title='bbox 1207 2733 1373 2772; x_wconf 81' lang='lat' dir='ltr'>censuram]</span> <span class='ocrx_word' id='word_1_494' title='bbox 1404 2732 1476 2762; x_wconf 86' lang='lat' dir='ltr'>Non</span> <span class='ocrx_word' id='word_1_495' title='bbox 1495 2731 1562 2762; x_wconf 86' lang='lat' dir='ltr'>lon·</span> 
     </span>
     <span class='ocr_line' id='line_1_69' title="bbox 874 2774 1563 2818; baseline -0.007 -9"><span class='ocrx_word' id='word_1_496' title='bbox 874 2787 912 2818; x_wconf 87' lang='lat' dir='ltr'>ge</span> <span class='ocrx_word' id='word_1_497' title='bbox 938 2777 1002 2808; x_wconf 86' lang='lat' dir='ltr'>abit</span> <span class='ocrx_word' id='word_1_498' title='bbox 1028 2779 1066 2809; x_wconf 91' lang='lat' dir='ltr'>ab</span> <span class='ocrx_word' id='word_1_499' title='bbox 1090 2778 1148 2807; x_wconf 91' lang='lat' dir='ltr'>hac</span> <span class='ocrx_word' id='word_1_500' title='bbox 1171 2776 1314 2818; x_wconf 81' lang='lat' dir='ltr'>opinione</span> <span class='ocrx_word' id='word_1_501' title='bbox 1338 2775 1456 2808; x_wconf 87' lang='lat' dir='ltr'>Cicero,</span> <span class='ocrx_word' id='word_1_502' title='bbox 1480 2774 1563 2816; x_wconf 89' lang='lat' dir='ltr'>apud</span> 
     </span>
     <span class='ocr_line' id='line_1_70' title="bbox 874 2817 1564 2860; baseline -0.006 -10"><span class='ocrx_word' id='word_1_503' title='bbox 874 2830 967 2860; x_wconf 89' lang='lat' dir='ltr'>quem</span> <span class='ocrx_word' id='word_1_504' title='bbox 991 2820 1071 2851; x_wconf 89' lang='lat' dir='ltr'>Cato</span> <span class='ocrx_word' id='word_1_505' title='bbox 1092 2819 1124 2849; x_wconf 88' lang='lat' dir='ltr'>in</span> <span class='ocrx_word' id='word_1_506' title='bbox 1147 2819 1233 2849; x_wconf 87' lang='lat' dir='ltr'>Dial.</span> <span class='ocrx_word' id='word_1_507' title='bbox 1256 2818 1294 2848; x_wconf 89' lang='lat' dir='ltr'>de</span> <span class='ocrx_word' id='word_1_508' title='bbox 1318 2818 1390 2848; x_wconf 89' lang='lat' dir='ltr'>Sen.</span> <span class='ocrx_word' id='word_1_509' title='bbox 1413 2827 1443 2847; x_wconf 90' lang='lat' dir='ltr'>n.</span> <span class='ocrx_word' id='word_1_510' title='bbox 1463 2817 1511 2847; x_wconf 89' lang='lat'>19.</span> <span class='ocrx_word' id='word_1_511' title='bbox 1524 2817 1564 2847; x_wconf 90' lang='lat' dir='ltr'>de</span> 
     </span>
     <span class='ocr_line' id='line_1_71' title="bbox 875 2860 1565 2904; baseline -0.004 -12"><span class='ocrx_word' id='word_1_512' title='bbox 875 2862 1017 2904; x_wconf 84' lang='lat' dir='ltr'>Scipione</span> <span class='ocrx_word' id='word_1_513' title='bbox 1039 2861 1187 2892; x_wconf 87' lang='lat' dir='ltr'>Africano</span> <span class='ocrx_word' id='word_1_514' title='bbox 1213 2860 1306 2891; x_wconf 83' lang='lat' dir='ltr'>dicit:</span> <span class='ocrx_word' id='word_1_515' title='bbox 1330 2871 1407 2890; x_wconf 82' lang='lat' dir='ltr'>anno</span> <span class='ocrx_word' id='word_1_516' title='bbox 1428 2866 1496 2890; x_wconf 79' lang='lat' dir='ltr'>ante</span> <span class='ocrx_word' id='word_1_517' title='bbox 1521 2870 1565 2889; x_wconf 81' lang='lat' dir='ltr'>me</span> 
     </span>
     <span class='ocr_line' id='line_1_72' title="bbox 874 2909 1220 2936; baseline -0.003 -2"><span class='ocrx_word' id='word_1_518' title='bbox 874 2915 1012 2936; x_wconf 73' lang='lat' dir='ltr'>censorem</span> <span class='ocrx_word' id='word_1_519' title='bbox 1028 2910 1159 2934; x_wconf 76' lang='lat' dir='ltr'>mortuus</span> <span class='ocrx_word' id='word_1_520' title='bbox 1170 2909 1220 2934; x_wconf 78' lang='lat' dir='ltr'>est.</span> 
     </span>
    </p>
   </div>
  </div>
 </body>
</html>
