1947 3222
520 77 646 116 LIB.
675 76 845 116 xxxv,
883 77 1020 115 CAP.
1049 77 1203 116 xxxi.
1504 85 1582 119 ¹215
1614 59 1617 62 ⁴

162 185 351 241 fugiunt,
385 195 679 242 momentoque
711 184 909 241 temporis
942 193 1079 239 strage
1115 201 1324 228 armorum
1363 197 1482 244 septa
1512 189 1579 231 via
1595 200 1774 232 U.C.560.

163 251 240 292 est,
262 243 440 284 maxime
470 243 623 291 hastis;
656 257 768 297 quae,
789 241 1000 297 pleraeque
1026 241 1235 283 ³adversae
1265 244 1471 295 cadentes,
1494 246 1577 287 vel-
1590 243 1774 283 A,.C.192.

162 307 210 340 ut
235 300 344 340 vallo
374 300 537 355 objecto
566 298 644 340 iter
674 298 955 354 inpediebant.
1017 297 1321 354 Philopoemen,
1344 309 1575 358 utcumque

163 364 344 411 possent,
361 355 512 397 instare
532 363 572 397 et
594 355 786 418 persequi
807 354 1080 396 auxiliaribus
1095 355 1238 411 jussis,
1258 355 1445 411 (⁴utique
1466 360 1576 400 enim.

159 412 374 468 equitibus
393 411 508 452 haud
534 412 699 452 faeilem
729 412 916 453 futuram
938 411 1104 467 fugam)
1128 412 1215 467 ipse
1235 412 1406 467 gravius
1426 430 1574 468 agmen

159 469 227 509 via
255 469 487 525 patentiore
517 469 571 509 ad
598 469 805 510 Eurotam
836 483 997 510 amnem
1028 468 1219 509 deduxit.
1250 468 1309 509 ibi
1330 470 1474 510 castris
1497 473 1574 513 sub

156 541 347 566 occasum
386 524 483 566 solis
518 525 680 581 positis,
711 525 842 567 levem
884 533 1155 575 armaturam,
1187 541 1315 581 quam
1356 526 1409 566 ad
1439 541 1577 582 perse-

155 582 371 637 quendum
405 581 632 637 reliquerat
665 582 843 633 hostem,
875 581 1183 638 opperiebatur.
1226 581 1300 638 qui
1335 582 1409 623 ubi
1441 583 1576 638 prima

154 638 298 694 vigilia
327 647 546 689 venerunt,
578 640 838 689 nunciantes,
865 647 1090 695 tyrannum
1122 654 1218 679 cum
1248 638 1392 695 paucis
1421 639 1476 680 ad
1509 656 1576 681 ur-

154 695 246 736 bem
280 703 529 751 penetrasse,
559 704 738 737 ceteram
769 695 1082 737 multitudinem
1113 695 1309 736 inermem
1341 704 1430 737 toto
1461 711 1575 752 spar-

154 767 238 792 sam
270 751 414 807 vagari
445 752 569 803 saltu,
598 768 773 808 corpora
802 768 947 793 curare
977 767 1045 793 eos
1069 752 1205 808 jubet.
1237 753 1326 808 ipse
1356 768 1407 794 ex
1437 761 1575 796 cetera

151 808 271 864 copia
300 808 481 850 militum
507 809 615 865 (qui,
638 809 739 865 quia
765 809 923 865 priores
953 809 996 849 in
1025 817 1162 850 castra
1190 818 1404 859 venerant,
1426 810 1571 852 refecti

151 873 193 906 et
215 866 308 906 cibo
330 873 482 916 sumto,
505 875 545 907 et
567 866 731 907 modica
751 867 893 922 quiete
914 867 1052 919 erant)
1075 865 1271 916 delectos,
1292 866 1397 907 nihil
1418 875 1572 922 praeter

150 921 312 976 gladios
334 937 473 962 secum
503 923 696 972 ferentes,
718 922 930 978 extemplo
957 921 1114 971 educit,
1136 930 1177 963 et
1197 922 1401 964 ⁵duarum
1432 932 1572 979 porta-

150 993 244 1019 rum
266 978 499 1029 itineribus,
522 995 618 1035 quae
652 979 822 1029 Pheras,
846 994 1027 1035 quaeque
1053 978 1378 1020 Barbosthenem
1410 979 1573 1032 ferunt5

150 1051 219 1076 eos
239 1035 466 1082 instruxit3
500 1051 584 1091 qua
605 1052 656 1076 ex
678 1036 782 1091 fuga
801 1044 1042 1091 recepturos
1074 1050 1159 1075 sese
1188 1035 1328 1076 hostes
1358 1036 1567 1078 credebat.

150 1092 238 1133 Nec
272 1107 367 1133 eum
402 1091 542 1147 opinio
581 1092 742 1134 fefellit.
789 1108 885 1133 nam
922 1091 1246 1141 Lacedaemonii,
1283 1092 1422 1147 quoad
1464 1093 1568 1135 lucis

147 1149 356 1204 superfuit
387 1148 636 1204 quidquam,
659 1148 790 1190 deviis
819 1148 994 1190 callibus
1024 1147 1162 1189 medio
1193 1148 1302 1190 saltu
1334 1164 1376 1189 se
1396 1150 1568 1206 recipie-

147 1205 260 1246 bant.
323 1204 479 1246 Primo.
506 1221 676 1262 vespere
713 1214 761 1247 ut
797 1205 957 1247 lumina
990 1205 1033 1246 in
1068 1204 1212 1246 castris
1252 1205 1436 1247 hostium
1471 1222 1568 1247 con-

148 1277 334 1318 spexere,
356 1277 377 1302 e
399 1262 568 1317 regione
595 1278 738 1304 eorum
769 1262 943 1304 occultis
969 1261 1124 1303 semitis
1145 1277 1187 1303 se
1209 1270 1457 1304 tenuerunt:
1491 1264 1565 1304 ubi

148 1334 196 1359 ea
217 1326 314 1360 sunt
335 1320 555 1375 praegressi
566 1321 593 1370 ¹³,
610 1321 700 1376 jam
730 1328 872 1361 tutum
893 1319 989 1369 rati,
1012 1320 1055 1359 in
1080 1327 1270 1374 patentes
1291 1319 1379 1360 vias
1400 1319 1566 1361 descen-

145 1374 310 1417 derunt.
343 1376 402 1416 ibi
424 1376 586 1432 excepti
608 1377 660 1418 ab
681 1376 885 1418 insidente
914 1376 1034 1416 hoste
1063 1375 1216 1432 passim
1243 1376 1304 1417 ita
1323 1376 1446 1417 multi
1468 1378 1565 1419 caesi

143 1433 341 1489 captique
363 1442 475 1483 sunt,
498 1442 546 1474 ut
567 1434 639 1474 vix
671 1441 823 1489 quarta
851 1449 948 1488 pars
969 1433 1020 1473 de
1042 1440 1131 1473 toto
1156 1432 1342 1474 exercitu
1373 1433 1562 1475 evaserit.

142 1489 446 1545 Philopoemen,
480 1489 640 1530 incluso
680 1499 859 1545 tyranno
891 1489 933 1529 in
973 1489 1136 1538 urbem,
1173 1489 1438 1544 insequentes
1474 1490 1562 1531 dies

141 1560 271 1601 prope
301 1545 476 1601 triginta
505 1546 716 1588 vastandis
746 1546 856 1602 agris
879 1546 1096 1586 Laconum
1127 1545 1346 1595 absumsit,
1369 1546 1561 1588 debilita-

140 1602 278 1658 tisque
318 1617 365 1642 ac
407 1618 537 1659 prope
577 1603 720 1645 fractis
772 1603 939 1660 tyranni
989 1601 1162 1651 viribus,
1205 1601 1377 1643 domum
1417 1603 1560 1654 rediit,

143 1658 412 1715 aequantibus
433 1675 529 1700 eum
558 1660 692 1715 gloria
721 1675 862 1700 rerum
883 1659 1054 1699 Achaeis
1083 1659 1326 1713 imperatori
1348 1660 1556 1710 Romano,

139 1724 195 1765 et,
231 1715 347 1772 quod
385 1716 440 1757 ad
481 1716 737 1758 Laconicum
775 1716 934 1758 bellum
974 1714 1194 1765 adtineret,
1220 1712 1556 1771 'praeferentibus

137 1771 274 1814 etiam.

196 1830 384 1871 XXXI.
418 1831 536 1872 Dum
569 1831 678 1873 inter
708 1831 890 1872 Achaeos
924 1839 965 1872 et
996 1839 1222 1886 tyrannum
1256 1830 1414 1872 bellum
1445 1840 1548 1882 erat,
1563 1843 1672 1884 Legati

137 1886 265 1942 legati
298 1887 583 1929 Romanorum
623 1888 841 1930 circumire
882 1888 1084 1929 sociorum
1118 1887 1256 1938 urbes,
1289 1887 1468 1939 solliciti,
1498 1904 1550 1930 ne
1562 1885 1701 1934 R⁰¹¹¹zi¹¹

136 1942 270 1985 AEtoli
292 1945 424 2000 partis
445 1944 622 2001 alicujus
643 1945 801 1986 animos
828 1945 882 1986 ad
903 1943 1165 1986 Antiochum
1185 1945 1444 1986 avertissent.
1475 1945 1549 1986 mi·
1563 1929 1697 1961 Graecm.

133 2000 293 2041 nimum
329 2016 469 2057 operae
508 2001 550 2042 in
586 2001 757 2042 Achaeis
796 2001 1000 2043 adeundis
1034 2010 1378 2048 consumserunt3
1427 2017 1549 2058 quos,

132 2057 234 2113 quia
255 2058 411 2099 Nabidi
441 2058 582 2100 infesti
613 2067 744 2109 erant,
766 2058 820 2099 ad
848 2067 984 2100 cetera
1013 2072 1183 2113 quoque
1214 2057 1312 2099 satis
1332 2058 1438 2099 fidos
1458 2073 1551 2099 cen-

133 2114 279 2156 sebant
319 2130 417 2156 esse.
489 2115 680 2156 Athenas
714 2114 913 2171 primum,
948 2114 1045 2155 inde
1088 2114 1344 2164 Chalcidem,
1374 2115 1473 2155 inde
1506 2116 1550 2156 in

138 2170 398 2212 Thessaliam
428 2172 535 2213 iere:
570 2172 840 2233 adlocutique
869 2171 1042 2213 concilio
1071 2170 1282 2226 frequenti
1310 2171 1548 2223 Thessalos,

520 2290 536 2314 b
551 2292 602 2321 ubi
612 2294 811 2333 prfftergressi
824 2303 857 2322 ea
871 2297 940 2322 sunt
956 2291 1053 2323 Gron.
1069 2291 1160 2322 Crev.

178 2394 197 2425 3
220 2396 357 2426 Adversoe
379 2397 525 2438 cadentes]
560 2396 702 2427 Adversa
727 2396 819 2428 hasta

138 2435 267 2478 intelligi
287 2438 380 2469 debet
401 2449 439 2470 ea
461 2449 530 2480 quae
557 2438 601 2470 ita
623 2439 683 2470 sita
704 2444 761 2476 est,
784 2445 819 2469 ut

137 2478 246 2510 ferrum
274 2481 410 2522 objiciat.
470 2484 581 2523 Itaque
617 2484 741 2513 adversae
770 2494 818 2513 ca-

135 2523 231 2552 dentes
257 2524 342 2554 hastae
374 2529 445 2554 sunt
472 2535 517 2556 eae
551 2535 620 2565 quae
647 2525 762 2556 directo
786 2524 819 2554 in

138 2568 247 2594 terram
269 2565 346 2596 ferro
371 2567 505 2597 cadunt:
537 2573 629 2608 atque
652 2578 690 2598 ex
716 2568 753 2598 iis
776 2567 819 2598 sic

138 2611 250 2637 temere
272 2608 304 2638 in
327 2615 438 2640 terram
467 2610 589 2641 fortuito
616 2621 691 2641 casu
718 2610 820 2641 infixis

137 2648 266 2680 efficitur
303 2650 358 2682 illa
393 2652 494 2693 imago
530 2653 694 2694 cujusdam
737 2653 821 2683 velut

139 2691 223 2727 valli,
248 2701 307 2733 quo
334 2693 516 2736 impeditum
543 2695 636 2727 fuisse
662 2697 719 2728 iter
745 2695 822 2726 dicit

134 2733 248 2764 Livius.

178 2776 348 2817 4³*Utz'que
385 2779 461 2808 enim
502 2781 659 2822 equitibus]
720 2781 818 2811 Jubet

137 2819 351 2861 Philopoemen
393 2819 556 2853 au‘xiliares
591 2834 662 2854 suos
704 2822 818 2854 instare

861 2395 1049 2437 fugientibus
1084 2396 1233 2433 hostibus,
1269 2403 1300 2428 et
1335 2397 1462 2428 confidit
1496 2410 1548 2429 eos

862 2439 996 2470 facturos
1030 2449 1130 2480 operae
1165 2439 1308 2481 pretium,
1346 2451 1442 2481 quum
1474 2441 1549 2482 fuga

861 2492 917 2523 per
937 2482 1040 2523 sylvas
1066 2481 1198 2512 difficilis
1223 2482 1325 2514 futura
1351 2489 1429 2513 esset
1450 2484 1547 2514 omni-

863 2525 920 2554 bus
933 2524 1058 2566 quidem
1074 2524 1223 2562 hostibus,
1240 2525 1293 2556 sed
1310 2525 1443 2556 maxime
1463 2526 1549 2566 equi-

863 2567 964 2640 t1b¹158;
974 2606 1114 2639 Duarum
1134 2611 1302 2651 portarum]
1335 2609 1429 2640 Urbis
1453 2610 1549 2640 Lace-

863 2651 1021 2682 daemonis.
1066 2652 1254 2683 Praeviderat
1269 2652 1485 2693 Philopoemen
1502 2662 1548 2682 re—

862 2700 1004 2736 petentes
1026 2696 1134 2725 urbem
1152 2696 1293 2726 Laconas
1306 2705 1359 2736 per
1373 2694 1433 2724 duo
1449 2695 1547 2724 maxi-

864 2748 913 2768 me
937 2737 1046 2768 itinera
1068 2743 1210 2769 venturos
1225 2749 1302 2773 esse,
1318 2747 1336 2767 a
1351 2737 1471 2767 duabus
1486 2737 1548 2768 La-

859 2780 1045 2812 cedaemonis
1080 2780 1175 2822 portis
1208 2781 1324 2811 Pheras
1362 2779 1547 2815 Barbosthe-

861 2834 993 2864 nemque
1010 2822 1150 2854 ferentia.

937 2867 1007 2906 1²4
