1947 3222
170 251 210 282 U.
224 249 261 280 C.
274 246 348 278 556.

169 293 211 324 A.
223 292 261 323 C.
276 290 348 321 196.

170 337 356 375 Legatorum

170 378 261 408 Rom.
273 386 344 407 cum

168 419 322 451 Antiocho

168 463 272 493 conlo-

166 505 284 547 quium.

385 129 457 162 124
874 123 1054 180 ΙΤῙΤΙ
1095 124 1260 161 L1V11

439 232 676 273 XXXIX.
710 233 799 273 Sub
823 232 901 273 hoc
929 240 1094 288 tempus
1115 240 1157 273 et
1177 232 1210 256 ⁹⁹
1225 233 1275 273 L.
1290 238 1303 254 ¹¹
1319 232 1550 283 Cornelius,
1572 233 1720 275 missus
1740 235 1794 276 ab

381 297 526 331 senatu
547 288 600 329 ad
621 288 852 330 dirimenda
880 289 989 329 inter
1010 289 1267 330 Antiochum
1291 289 1648 345 Ptolemaeumque
1677 305 1795 346 reges

381 345 618 396 certamina,
662 345 904 401 Selymbriae
945 345 1155 387 substitit:
1207 354 1248 388 et
1288 346 1429 387 decem
1470 346 1702 402 legatorum
1742 348 1790 388 P.

383 403 591 444 Lentulus
623 418 648 442 a
675 401 898 457 Bargyliis,
922 402 970 441 P.
993 401 1143 442 Villius
1169 411 1210 443 et
1235 403 1286 443 L.
1312 403 1537 444 Terentius
1561 418 1586 443 a
1614 403 1792 455 Thasso,

384 458 692 516 Lysimachiam
728 458 950 513 petierunt.
992 457 1136 498 eodem
1169 467 1210 499 et
1245 475 1270 500 a
1301 459 1533 516 Selymbria
1565 460 1616 500 L.
1641 460 1794 500 Corne-

381 516 476 566 lius,
497 525 539 557 et
560 531 611 556 ex
634 514 817 555 Thracia
843 521 937 570 post
958 529 1112 570 paucos
1133 514 1219 556 dies
1240 516 1476 557 Antiochus
1497 523 1790 558 convenerunt.

381 573 549 613 Primus
585 586 828 626 congressus
860 585 954 611 cum
990 570 1151 626 legatis,
1179 581 1219 613 et
1251 572 1443 628 deinceps
1472 572 1690 614 ¹invitatio
1724 573 1794 614 be-

379 629 505 685 nigna
530 636 571 670 et
599 627 817 683 hospitalis
846 627 942 668 fuit.
973 636 1021 668 ut
1051 627 1103 668 de
1133 629 1338 671 mandatis
1368 638 1565 685 statuque
1599 630 1793 685 praesenti

380 686 497 726 Asiae
518 685 585 740 agi
607 692 793 739 coeptum
815 691 890 734 est,
913 684 1039 724 animi
1069 685 1300 740 exasperati
1322 694 1429 727 sunt.
1491 687 1686 737 Romani,
1708 702 1793 727 om-

379 741 449 782 nia
477 749 569 782 acta
602 741 707 796 ejus,
729 755 780 781 ex
811 756 896 796 quo
926 747 1111 797 tempore
1141 756 1163 781 e
1187 742 1306 797 Syria
1334 742 1461 783 classe
1490 743 1690 793 solvisset,
1712 743 1794 784 dis-

379 798 532 854 plicere
571 797 746 848 senatui,
787 812 867 838 non
909 796 1238 848 dissimulabant,
1279 798 1527 855 restituique
1567 800 1795 841 Ptolemaeo

378 855 568 896 civitates
602 869 757 904 omnes,
788 869 884 909 quae
916 853 1084 895 ditionis
1119 855 1209 910 ejus
1240 855 1431 906 fuissent,
1460 871 1629 911 aequum
1659 872 1795 898 cense-

379 911 493 952 bant.
554 911 662 953 Nam
693 912 799 964 quod
817 912 874 951 ad
901 925 969 951 eas
988 912 1171 952 civitates
1192 913 1407 960 adtineret,
1431 927 1529 967 quas
1549 927 1574 952 a
1595 913 1796 967 Philippo

371 982 575 1021 possessas
594 968 814 1009 Antiochus
826 982 906 1021 per
927 970 1183 1018 occasionem,
1199 983 1340 1010 averso
1361 970 1559 1023 Philippo
1582 971 1624 1010 in
1646 972 1795 1012 Roma-

380 1039 472 1066 num
499 1025 653 1074 bellum,
680 1026 966 1078 intercepisset,
990 1026 1035 1065 id
1062 1040 1155 1067 vero
1168 1026 1389 1080 ferendum
1419 1041 1500 1067 non
1530 1042 1621 1075 esse,
1645 1028 1797 1068 Roma-

380 1096 452 1123 nos
464 1097 544 1135 per
563 1089 622 1123 tot
643 1097 769 1123 annos
794 1088 907 1122 terra
928 1083 1109 1136 marique
1138 1089 1253 1123 tanta
1276 1085 1463 1136 pericula
1485 1099 1533 1124 ac
1553 1084 1708 1125 labores
1727 1099 1794 1125 ex-

380 1140 570 1188 hausisse,
594 1139 838 1180 Antiochum
860 1139 955 1179 belli
976 1141 1151 1192 praemia
1182 1140 1338 1181 hahere.
1399 1142 1478 1183 Sed
1496 1141 1566 1182 2ut
1588 1143 1631 1182 in
1653 1141 1795 1182 Asiam

381 1198 575 1250 adventus
604 1197 685 1249 ejus
708 1197 958 1237 dissimulari
977 1197 1028 1237 ab
1049 1197 1258 1246 Romanis,
1280 1204 1482 1252 tamquam
1513 1199 1620 1239 nihil
1647 1200 1704 1238 ad
1732 1212 1797 1239 eos

375 1255 599 1306 pertinens,
616 1255 818 1307 potuerit;
851 1255 959 1307 quod
967 1252 1060 1307 jam
1082 1255 1202 1295 eliam
1225 1255 1268 1295 in
1295 1256 1500 1309 Europam
1521 1256 1698 1296 omnibus
1718 1270 1795 1295 na-

383 1311 536 1351 vatibus
556 1311 885 1364 terrestribusque
899 1311 1023 1364 copiis
1037 1313 1264 1362 transierit,
1285 1311 1499 1366 ³quantum
1516 1327 1541 1352 a
1563 1313 1664 1353 bello
1679 1327 1797 1366 aper-

382 1374 424 1408 to
451 1369 647 1409 Romanis
675 1368 835 1409 abesse?
866 1368 988 1409 Illum
1018 1369 1191 1423 quidem,
1215 1371 1374 1411 etiamsi
1404 1372 1446 1410 in
1479 1371 1645 1410 Italiam
1676 1369 1796 1424 traji-

380 1426 480 1473 ciat,
503 1431 750 1479 negaturum.

441 1482 542 1522 XL.
575 1481 648 1522 Ad
669 1497 716 1522 ea
736 1497 824 1530 rex,
846 1481 957 1522 Satis
972 1481 1064 1536 jam
1086 1489 1182 1523 ante
1205 1483 1340 1524 videre
1359 1498 1414 1533 se,
1437 1485 1642 1526 Romanos
1663 1485 1797 1538 inqui-

382 1553 486 1589 rere,
504 1540 603 1593 quid
615 1540 704 1592 regi
716 1538 915 1580 Antiocho
915 1539 1156 1593 faciendum
1168 1562 1181 1586 ;
1207 1546 1264 1589 at,
1280 1555 1477 1594 quousque
1489 1547 1599 1581 terra
1617 1543 1799 1596 marique

375 1597 711 1649 progrediendum
717 1596 859 1648 fuerit
879 1597 991 1649 ipsis,
1014 1611 1093 1636 non
1114 1598 1305 1651 cogitare.
1367 1599 1508 1638 Asiam
1531 1599 1638 1639 nihil
1657 1599 1800 1652 adpo-

375 1654 516 1706 pulum
538 1654 760 1693 Romanum
785 1654 1013 1706 pertinere.-
1046 1668 1115 1694 nec
1142 1655 1269 1709 magis
1290 1655 1374 1695 illis
1394 1656 1674 1709 inquirendum
1705 1671 1798 1707 esse,

383 1710 484 1763 quid
503 1710 722 1750 Antiochus
748 1710 791 1750 in
813 1710 926 1760 Asia,
951 1725 1067 1763 quam
1089 1711 1301 1761 Antiocho,
1324 1714 1423 1765 quid
1443 1714 1486 1752 in
1508 1713 1640 1754 Italia
1662 1728 1797 1767 popu-

383 1768 444 1807 lus
483 1767 689 1807 Romanus
718 1768 874 1821 faciat.
940 1767 1059 1816 Quod
1101 1769 1157 1808 ad
1198 1769 1453 1809 Ptolemaeum
1493 1771 1694 1819 adtineat,
1736 1772 1799 1811 cui

383 1825 565 1864 ademtas
595 1825 778 1865 civitates
817 1832 1059 1878 querantur;
1101 1825 1181 1866 sihi
1214 1840 1297 1866 cum
1333 1827 1550 1868 Ptolemaeo
1587 1836 1624 1868 et
1661 1828 1799 1868 amici-

387 1882 485 1921 tiam
515 1895 607 1930 esse,
631 1887 668 1922 et
698 1882 743 1921 id
771 1896 891 1935 agere
919 1896 973 1932 se,
1002 1889 1045 1922 ut
1074 1882 1185 1923 brevi
1218 1884 1338 1924 etiam
1368 1884 1562 1937 adfinitas
1579 1884 1797 1939 jungatur.

385 1937 474 1978 Nec
493 1953 542 1978 ex
562 1939 750 1991 Philippi
770 1939 925 1992 quidem
942 1940 1108 1980 adversa
1113 1940 1294 1993 jbrtuna
1315 1942 1448 1994 spolia
1468 1943 1552 1982 ulla
1573 1957 1613 1982 se
1626 1943 1798 1995 petisse.-

385 2002 458 2035 aut
488 1997 677 2036 adversus
706 1996 910 2037 Romanos
944 1997 986 2036 in
1018 1998 1224 2051 Europam
1256 1998 1471 2053 trajecisse,
1494 1998 1687 2026 4******
1700 1998 1800 2054 fice-

386 2053 457 2101 rit,
492 2052 588 2107 (quo
619 2054 722 2094 victo
753 2054 900 2102 omnia,
933 2067 1022 2108 quae
1054 2055 1164 2095 illius
1178 2055 1375 2109 sument,
1391 2055 1491 2109 jure
1524 2055 1619 2097 belli
1647 2057 1801 2098 Seleuci

370 2110 498 2163 facta
517 2111 614 2162 sint)
639 2111 871 2151 existimare
889 2125 971 2152 suce
999 2112 1169 2152 ditionis
1189 2127 1281 2153 esse.
1345 2112 1556 2166 Occupatis
1584 2113 1800 2168 majoribus

386 2167 469 2207 suis
487 2166 645 2207 ⁵rerum
675 2168 847 2208 aliarum
876 2169 962 2208 alia
993 2183 1104 2220 cura,
1121 2170 1254 2222 primo
1274 2170 1478 2224 ⁶qua’dam
1508 2185 1557 2211 ex
1579 2171 1642 2211 his
1662 2172 1800 2212 Ptole-

1023 2244 1038 2261 ὓ
1055 2242 1088 2271 C.
1105 2242 1202 2273 Gron.

430 2309 471 2339 99
494 2308 531 2338 L.
556 2309 721 2350 Cornelius]
769 2309 829 2339 llic
860 2308 933 2340 vitio
965 2320 1072 2352 opera·
1159 2312 1178 2341 4
1202 2312 1257 2343 Sed
1270 2320 1302 2342 uz
1320 2313 1482 2343 Chersonesi
1495 2313 1577 2343 urbes
1591 2319 1618 2344 et
1637 2314 1696 2344 loca
1714 2325 1797 2345 recu-

388 2361 454 2381 rum
477 2351 587 2381 falsum
615 2362 790 2393 praenomen
814 2351 884 2383 huic
908 2353 1009 2394 legato
1027 2354 1072 2384 af·
1113 2361 1247 2394 peraret:
1277 2367 1373 2396 quam,
1404 2367 1493 2395 quum
1520 2355 1700 2398 Lysimachi]
1746 2357 1797 2388 Sic

389 2394 561 2434 fingebatur
577 2396 612 2423 C.
650 2394 844 2425 Correximus
865 2405 902 2425 ex
931 2396 997 2438 ipso
1022 2397 1072 2427 Li·
1117 2398 1295 2439 supplemus
1320 2408 1357 2428 ex
1380 2398 1509 2439 Polybio
1533 2409 1570 2429 ea
1596 2409 1664 2440 quae
1693 2399 1740 2431 hic
1766 2400 1797 2431 in

390 2436 439 2467 vio
461 2437 552 2477 paulo
581 2436 670 2473 infra,
695 2443 724 2468 et
748 2448 784 2468 ex
809 2438 948 2480 Polybio,
966 2440 1074 2481 Legat.
1118 2440 1205 2471 Livio
1220 2441 1357 2472 deerant.
1400 2443 1471 2472 Jam
1485 2442 1702 2483 suppleverunt
1718 2442 1797 2474 hunc

391 2479 503 2509 XVII.
1117 2482 1217 2513 locum
1238 2483 1403 2514 doctissimi
1426 2483 1492 2517 viri,
1514 2484 1655 2525 Sigonius
1677 2491 1707 2515 et
1730 2486 1797 2516 Ru-

438 2523 482 2551 l*
496 2521 648 2562 [usitatio]
676 2522 724 2552 Ad
741 2523 858 2564 epulas.
1117 2525 1234 2561 bemus,
1251 2526 1305 2557 sed
1326 2526 1374 2556 hic
1396 2526 1517 2557 brevius
1535 2527 1629 2568 justo,
1650 2534 1683 2558 ut
1710 2529 1797 2560 nobis

433 2565 481 2595 2*
497 2564 536 2594 Ut
565 2566 595 2594 ἱιι
622 2567 724 2594 Asiam
753 2569 892 2596 ‹uli-entus
917 2567 994 2607 ejus]
1034 2567 1073 2597 Ut
1117 2568 1215 2599 visum
1238 2574 1294 2604 est,
1317 2570 1370 2600 ille
1392 2569 1547 2610 prolixius,
1591 2571 1735 2601 Ceterum
1758 2572 1797 2604 de

392 2607 449 2637 hoc
477 2607 544 2637 loco
572 2612 618 2637 cst
646 2609 766 2638 eziumsi.
812 2610 909 2639 Asiam
937 2608 1074 2650 intellige
1117 2611 1199 2641 bello
1226 2610 1304 2641 inter
1331 2612 1492 2642 Seleucum
1521 2618 1551 2643 et
1579 2613 1797 2654 Lysimachum

393 2649 551 2680 minorem.
600 2659 612 2676 t
1118 2654 1187 2684 vide
1202 2653 1316 2684 Justin.
1332 2655 1351 2685 l.
1367 2655 1476 2685 XVII.
1491 2666 1518 2685 c.
1538 2657 1564 2686 l.

437 2694 456 2723 3
482 2693 632 2727 Quantum
659 2704 677 2723 a
707 2694 776 2723 hello
810 2700 909 2732 aperto
942 2694 1074 2725 Romanis
1160 2698 1180 2727 5
1207 2697 1313 2727 Rerum
1342 2698 1467 2727 atum-mn
1495 2699 1554 2728 ulia
1587 2699 1675 2740 cura]
1713 2699 1797 2730 Mal-

394 2736 498 2776 abesse]
534 2735 648 2766 Merito
677 2734 782 2766 inserit
807 2736 977 2767 Gronovius
1006 2748 1075 2778 par·
1120 2739 1218 2769 lemus
1240 2749 1307 2769 cum
1326 2740 1480 2772 Gronovio
1502 2752 1600 2771 rerum
1622 2744 1749 2772 aliarum
1767 2748 1798 2772 er

395 2777 520 2808 ticulam
550 2789 617 2808 cum
646 2784 717 2810 ante
744 2778 889 2808 Romanis.
937 2780 1074 2815 *Quan-
1119 2782 1184 2811 aliis
1197 2793 1278 2811 curu.

395 2825 458 2850 tum
486 2821 602 2854 abesse.
626 2821 699 2861 quin
729 2821 759 2851 id
786 2832 839 2862 pro
865 2821 946 2851 bello
972 2828 1075 2863 aperte
1161 2825 1181 2853 6
1207 2825 1346 2858 Qzufdum
1369 2838 1401 2856 cr
1424 2827 1480 2867 his]
1514 2827 1646 2868 Nempe,
1672 2826 1798 2858 Cherso-

395 2873 463 2892 ‹Jum
482 2863 630 2894 Romanis
646 2870 767 2906 sumpto
783 2864 887 2895 haberi
904 2864 1015 2895 debeat
1031 2867 1037 2893 ἱ
1120 2866 1182 2897 nesi
1197 2866 1281 2898 locis.
