<?xml version="1.0" encoding="UTF-8"?>
<!DOCTYPE html PUBLIC "-//W3C//DTD XHTML 1.0 Transitional//EN"
    "http://www.w3.org/TR/xhtml1/DTD/xhtml1-transitional.dtd">
<html xmlns="http://www.w3.org/1999/xhtml" xml:lang="en" lang="en">
 <head>
  <title>
</title>
<meta http-equiv="Content-Type" content="text/html;charset=utf-8" />
  <meta name='ocr-system' content='tesseract 3.04.00' />
  <meta name='ocr-capabilities' content='ocr_page ocr_carea ocr_par ocr_line ocrx_word'/>
</head>
<body>
  <div class='ocr_page' id='page_1' title='image "./historiarumaburb03livyuoft_0109.png"; bbox 0 0 1947 3222; ppageno 0'>
   <div class='ocr_carea' id='block_1_1' title="bbox 94 86 1733 2131">
    <p class='ocr_par' dir='ltr' id='par_1_1' title="bbox 113 86 1723 366">
     <span class='ocr_line' id='line_1_1' title="bbox 501 86 1535 133; baseline 0.001 -8"><span class='ocrx_word' id='word_1_1' title='bbox 501 87 620 126; x_wconf 89' lang='lat' dir='ltr'><strong>LIB.</strong></span> <span class='ocrx_word' id='word_1_2' title='bbox 648 86 847 125; x_wconf 76' lang='lat' dir='ltr'>XXXIII.</span> <span class='ocrx_word' id='word_1_3' title='bbox 887 87 964 124; x_wconf 85' lang='lat' dir='ltr'>CA</span> <span class='ocrx_word' id='word_1_4' title='bbox 980 87 1021 124; x_wconf 88' lang='lat' dir='ltr'>P.</span> <span class='ocrx_word' id='word_1_5' title='bbox 1049 87 1156 126; x_wconf 83' lang='lat' dir='ltr'>XIV.</span> <span class='ocrx_word' id='word_1_6' title='bbox 1484 93 1535 133; x_wconf 83' lang='lat'>99</span> 
     </span>
     <span class='ocr_line' id='line_1_2' title="bbox 115 193 1723 253; baseline 0.001 -17"><span class='ocrx_word' id='word_1_7' title='bbox 115 193 223 237; x_wconf 92' lang='lat' dir='ltr'>inter</span> <span class='ocrx_word' id='word_1_8' title='bbox 249 196 540 253; x_wconf 84' lang='lat' dir='ltr'><strong>imperatorem</strong></span> <span class='ocrx_word' id='word_1_9' title='bbox 562 196 800 237; x_wconf 87' lang='lat' dir='ltr'>Romanum</span> <span class='ocrx_word' id='word_1_10' title='bbox 821 202 862 236; x_wconf 91' lang='lat' dir='ltr'>et</span> <span class='ocrx_word' id='word_1_11' title='bbox 885 195 1052 236; x_wconf 87' lang='lat' dir='ltr'>AEtolos</span> <span class='ocrx_word' id='word_1_12' title='bbox 1074 204 1167 237; x_wconf 85' lang='lat' dir='ltr'>orta</span> <span class='ocrx_word' id='word_1_13' title='bbox 1186 204 1248 237; x_wconf 89' lang='lat' dir='ltr'>est</span> <span class='ocrx_word' id='word_1_14' title='bbox 1268 197 1320 238; x_wconf 92' lang='lat' dir='ltr'>de</span> <span class='ocrx_word' id='word_1_15' title='bbox 1344 197 1526 239; x_wconf 86' lang='lat' dir='ltr'><strong>Thebis:</strong></span> <span class='ocrx_word' id='word_1_16' title='bbox 1545 203 1588 236; x_wconf 89' lang='lat' dir='ltr'>U.</span> <span class='ocrx_word' id='word_1_17' title='bbox 1600 203 1638 236; x_wconf 88' lang='lat' dir='ltr'>C.</span> <span class='ocrx_word' id='word_1_18' title='bbox 1649 206 1723 237; x_wconf 80' lang='lat'><strong><em>555.</em></strong></span> 
     </span>
     <span class='ocr_line' id='line_1_3' title="bbox 113 246 1722 310; baseline 0.002 -18"><span class='ocrx_word' id='word_1_19' title='bbox 113 267 225 303; x_wconf 88' lang='lat' dir='ltr'>nam,</span> <span class='ocrx_word' id='word_1_20' title='bbox 247 269 314 296; x_wconf 88' lang='lat' dir='ltr'>eas</span> <span class='ocrx_word' id='word_1_21' title='bbox 334 253 479 310; x_wconf 91' lang='lat' dir='ltr'>populi</span> <span class='ocrx_word' id='word_1_22' title='bbox 501 251 681 293; x_wconf 88' lang='lat' dir='ltr'>Romani</span> <span class='ocrx_word' id='word_1_23' title='bbox 705 253 802 308; x_wconf 85' lang='lat' dir='ltr'>jure</span> <span class='ocrx_word' id='word_1_24' title='bbox 822 251 921 293; x_wconf 84' lang='lat' dir='ltr'>belli</span> <span class='ocrx_word' id='word_1_25' title='bbox 950 252 1082 293; x_wconf 83' lang='lat' dir='ltr'>factas</span> <span class='ocrx_word' id='word_1_26' title='bbox 1102 267 1203 302; x_wconf 87' lang='lat' dir='ltr'>esse,</span> <span class='ocrx_word' id='word_1_27' title='bbox 1227 254 1448 302; x_wconf 84' lang='lat' dir='ltr'>Quinctius</span> <span class='ocrx_word' id='word_1_28' title='bbox 1468 255 1531 296; x_wconf 83' lang='lat' dir='ltr'>di·</span> <span class='ocrx_word' id='word_1_29' title='bbox 1543 246 1582 277; x_wconf 71' lang='lat' dir='ltr'>A·</span> <span class='ocrx_word' id='word_1_30' title='bbox 1595 246 1633 278; x_wconf 77' lang='lat' dir='ltr'>C·</span> <span class='ocrx_word' id='word_1_31' title='bbox 1652 247 1722 279; x_wconf 75' lang='lat'><strong>¹⁹7·</strong></span> 
     </span>
     <span class='ocr_line' id='line_1_4' title="bbox 113 308 1529 366; baseline 0.002 -16"><span class='ocrx_word' id='word_1_32' title='bbox 113 309 248 360; x_wconf 87' lang='lat' dir='ltr'>cebat,</span> <span class='ocrx_word' id='word_1_33' title='bbox 279 310 410 366; x_wconf 88' lang='lat' dir='ltr'>quod,</span> <span class='ocrx_word' id='word_1_34' title='bbox 439 309 612 364; x_wconf 83' lang='lat' dir='ltr'>integris</span> <span class='ocrx_word' id='word_1_35' title='bbox 641 309 781 359; x_wconf 90' lang='lat' dir='ltr'>rebus,</span> <span class='ocrx_word' id='word_1_36' title='bbox 807 308 991 350; x_wconf 89' lang='lat' dir='ltr'>exercitu</span> <span class='ocrx_word' id='word_1_37' title='bbox 1022 309 1075 349; x_wconf 92' lang='lat' dir='ltr'>ab</span> <span class='ocrx_word' id='word_1_38' title='bbox 1108 325 1149 350; x_wconf 86' lang='lat' dir='ltr'>se</span> <span class='ocrx_word' id='word_1_39' title='bbox 1184 308 1367 359; x_wconf 83' lang='lat' dir='ltr'>admoto,</span> <span class='ocrx_word' id='word_1_40' title='bbox 1393 312 1529 353; x_wconf 84' lang='lat' dir='ltr'>vocati</span> 
     </span>
    </p>

    <p class='ocr_par' dir='ltr' id='par_1_2' title="bbox 111 365 1530 422">
     <span class='ocr_line' id='line_1_5' title="bbox 111 365 1530 422; baseline 0 -15"><span class='ocrx_word' id='word_1_41' title='bbox 111 365 155 406; x_wconf 87' lang='lat' dir='ltr'>in</span> <span class='ocrx_word' id='word_1_42' title='bbox 184 366 420 416; x_wconf 83' lang='lat' dir='ltr'>amicitiam,</span> <span class='ocrx_word' id='word_1_43' title='bbox 442 380 575 421; x_wconf 91' lang='lat' dir='ltr'>quum</span> <span class='ocrx_word' id='word_1_44' title='bbox 605 372 789 422; x_wconf 89' lang='lat' dir='ltr'>potestas</span> <span class='ocrx_word' id='word_1_45' title='bbox 823 365 954 407; x_wconf 89' lang='lat' dir='ltr'>libera</span> <span class='ocrx_word' id='word_1_46' title='bbox 978 365 1230 406; x_wconf 90' lang='lat' dir='ltr'>desciscendi</span> <span class='ocrx_word' id='word_1_47' title='bbox 1260 366 1314 407; x_wconf 90' lang='lat' dir='ltr'>ab</span> <span class='ocrx_word' id='word_1_48' title='bbox 1343 381 1440 422; x_wconf 83' lang='lat' dir='ltr'>rege</span> <span class='ocrx_word' id='word_1_49' title='bbox 1469 383 1530 408; x_wconf 80' lang='lat' dir='ltr'>es·-</span> 
     </span>
    </p>

    <p class='ocr_par' dir='ltr' id='par_1_3' title="bbox 112 422 1526 479">
     <span class='ocr_line' id='line_1_6' title="bbox 112 422 1526 479; baseline 0.001 -17"><span class='ocrx_word' id='word_1_50' title='bbox 112 431 190 473; x_wconf 87' lang='lat' dir='ltr'>set,</span> <span class='ocrx_word' id='word_1_51' title='bbox 219 424 375 479; x_wconf 84' lang='lat' dir='ltr'>regiam</span> <span class='ocrx_word' id='word_1_52' title='bbox 408 422 644 463; x_wconf 84' lang='lat' dir='ltr'>societatem</span> <span class='ocrx_word' id='word_1_53' title='bbox 676 423 880 463; x_wconf 86' lang='lat' dir='ltr'>Romanae</span> <span class='ocrx_word' id='word_1_54' title='bbox 910 422 1249 479; x_wconf 83' lang='lat' dir='ltr'>praeposuissent.</span> <span class='ocrx_word' id='word_1_55' title='bbox 1310 423 1526 473; x_wconf 82' lang='lat' dir='ltr'>Phaeneas,</span> 
     </span>
    </p>

    <p class='ocr_par' dir='ltr' id='par_1_4' title="bbox 111 479 1527 536">
     <span class='ocr_line' id='line_1_7' title="bbox 111 479 1527 536; baseline -0.001 -15"><span class='ocrx_word' id='word_1_56' title='bbox 111 488 153 521; x_wconf 85' lang='lat' dir='ltr'>et</span> <span class='ocrx_word' id='word_1_57' title='bbox 183 495 259 536; x_wconf 86' lang='lat' dir='ltr'>pro</span> <span class='ocrx_word' id='word_1_58' title='bbox 288 479 482 521; x_wconf 86' lang='lat' dir='ltr'>societate</span> <span class='ocrx_word' id='word_1_59' title='bbox 511 479 624 529; x_wconf 88' lang='lat' dir='ltr'>belli,</span> <span class='ocrx_word' id='word_1_60' title='bbox 646 494 743 535; x_wconf 81' lang='lat' dir='ltr'>quae</span> <span class='ocrx_word' id='word_1_61' title='bbox 771 488 866 521; x_wconf 89' lang='lat' dir='ltr'>ante</span> <span class='ocrx_word' id='word_1_62' title='bbox 896 479 1054 520; x_wconf 90' lang='lat' dir='ltr'>bellum</span> <span class='ocrx_word' id='word_1_63' title='bbox 1084 479 1341 529; x_wconf 76' lang='lat' dir='ltr'>habuissent,</span> <span class='ocrx_word' id='word_1_64' title='bbox 1363 479 1527 520; x_wconf 83' lang='lat' dir='ltr'>restitui</span> 
     </span>
    </p>

    <p class='ocr_par' dir='ltr' id='par_1_5' title="bbox 112 536 1527 592">
     <span class='ocr_line' id='line_1_8' title="bbox 112 536 1527 592; baseline -0.001 -15"><span class='ocrx_word' id='word_1_65' title='bbox 112 536 268 578; x_wconf 86' lang='lat' dir='ltr'>AEtolis</span> <span class='ocrx_word' id='word_1_66' title='bbox 302 551 472 592; x_wconf 85' lang='lat' dir='ltr'>aequum</span> <span class='ocrx_word' id='word_1_67' title='bbox 505 536 711 585; x_wconf 88' lang='lat' dir='ltr'>censebat,</span> <span class='ocrx_word' id='word_1_68' title='bbox 745 544 786 577; x_wconf 91' lang='lat' dir='ltr'>et</span> <span class='ocrx_word' id='word_1_69' title='bbox 821 537 882 578; x_wconf 90' lang='lat' dir='ltr'>ita</span> <span class='ocrx_word' id='word_1_70' title='bbox 912 536 956 577; x_wconf 92' lang='lat' dir='ltr'>in</span> <span class='ocrx_word' id='word_1_71' title='bbox 989 536 1152 578; x_wconf 87' lang='lat' dir='ltr'>foedere</span> <span class='ocrx_word' id='word_1_72' title='bbox 1183 536 1319 592; x_wconf 89' lang='lat' dir='ltr'>primo</span> <span class='ocrx_word' id='word_1_73' title='bbox 1353 544 1527 577; x_wconf 88' lang='lat' dir='ltr'>cautum</span> 
     </span>
    </p>

    <p class='ocr_par' dir='ltr' id='par_1_6' title="bbox 109 592 1526 706">
     <span class='ocr_line' id='line_1_9' title="bbox 109 592 1526 650; baseline 0 -16"><span class='ocrx_word' id='word_1_74' title='bbox 109 609 210 644; x_wconf 90' lang='lat' dir='ltr'>esse,</span> <span class='ocrx_word' id='word_1_75' title='bbox 239 601 287 634; x_wconf 92' lang='lat' dir='ltr'>ut</span> <span class='ocrx_word' id='word_1_76' title='bbox 319 593 417 634; x_wconf 90' lang='lat' dir='ltr'>belli</span> <span class='ocrx_word' id='word_1_77' title='bbox 448 593 606 650; x_wconf 80' lang='lat' dir='ltr'>praeda,</span> <span class='ocrx_word' id='word_1_78' title='bbox 633 608 872 649; x_wconf 83' lang='lat' dir='ltr'>rerumque,</span> <span class='ocrx_word' id='word_1_79' title='bbox 900 608 996 649; x_wconf 82' lang='lat' dir='ltr'>quae</span> <span class='ocrx_word' id='word_1_80' title='bbox 1027 593 1127 634; x_wconf 86' lang='lat' dir='ltr'>ferri</span> <span class='ocrx_word' id='word_1_81' title='bbox 1161 592 1313 649; x_wconf 82' lang='lat' dir='ltr'>agique</span> <span class='ocrx_word' id='word_1_82' title='bbox 1343 602 1526 649; x_wconf 81' lang='lat' dir='ltr'>possent,</span> 
     </span>
     <span class='ocr_line' id='line_1_10' title="bbox 110 650 1526 706; baseline 0 -16"><span class='ocrx_word' id='word_1_83' title='bbox 110 650 346 698; x_wconf 74' lang='lat' dir='ltr'>Romanos3</span> <span class='ocrx_word' id='word_1_84' title='bbox 378 665 478 706; x_wconf 82' lang='lat' dir='ltr'>ager</span> <span class='ocrx_word' id='word_1_85' title='bbox 507 650 716 706; x_wconf 82' lang='lat' dir='ltr'>urbesque</span> <span class='ocrx_word' id='word_1_86' title='bbox 737 659 870 706; x_wconf 87' lang='lat' dir='ltr'>captae</span> <span class='ocrx_word' id='word_1_87' title='bbox 891 650 1053 692; x_wconf 64' lang='lat' dir='ltr'>,Etolos</span> <span class='ocrx_word' id='word_1_88' title='bbox 1083 659 1367 706; x_wconf 77' lang='lat' dir='ltr'>sequerentur.</span> <span class='ocrx_word' id='word_1_89' title='bbox 1432 650 1526 700; x_wconf 80' lang='lat' dir='ltr'>Vos,</span> 
     </span>
    </p>

    <p class='ocr_par' dir='ltr' id='par_1_7' title="bbox 103 706 1526 819">
     <span class='ocr_line' id='line_1_11' title="bbox 106 706 1526 763; baseline 0.001 -16"><span class='ocrx_word' id='word_1_90' title='bbox 106 706 259 763; x_wconf 76' lang='lat' dir='ltr'>inquit,</span> <span class='ocrx_word' id='word_1_91' title='bbox 295 708 390 761; x_wconf 81' lang='lat' dir='ltr'>ipsi,</span> <span class='ocrx_word' id='word_1_92' title='bbox 428 707 664 758; x_wconf 84' lang='lat' dir='ltr'>Quinctius,</span> <span class='ocrx_word' id='word_1_93' title='bbox 699 708 902 749; x_wconf 80' lang='lat' dir='ltr'>societatis</span> <span class='ocrx_word' id='word_1_94' title='bbox 943 709 1059 749; x_wconf 80' lang='lat' dir='ltr'>istius</span> <span class='ocrx_word' id='word_1_95' title='bbox 1092 708 1198 761; x_wconf 81' lang='lat' dir='ltr'>leges</span> <span class='ocrx_word' id='word_1_96' title='bbox 1230 708 1413 761; x_wconf 80' lang='lat' dir='ltr'>rupistis,</span> <span class='ocrx_word' id='word_1_97' title='bbox 1449 722 1526 761; x_wconf 83' lang='lat' dir='ltr'>quo</span> 
     </span>
     <span class='ocr_line' id='line_1_12' title="bbox 103 763 1526 819; baseline 0.001 -15"><span class='ocrx_word' id='word_1_98' title='bbox 103 770 294 818; x_wconf 80' lang='lat' dir='ltr'>tempore,</span> <span class='ocrx_word' id='word_1_99' title='bbox 331 766 486 806; x_wconf 82' lang='lat' dir='ltr'>relictis</span> <span class='ocrx_word' id='word_1_100' title='bbox 525 763 651 814; x_wconf 76' lang='lat' dir='ltr'>nobis,</span> <span class='ocrx_word' id='word_1_101' title='bbox 685 780 769 806; x_wconf 83' lang='lat' dir='ltr'>cum</span> <span class='ocrx_word' id='word_1_102' title='bbox 807 765 1007 818; x_wconf 69' lang='lat' dir='ltr'>Philippo</span> <span class='ocrx_word' id='word_1_103' title='bbox 1042 778 1183 817; x_wconf 82' lang='lat' dir='ltr'>pacem</span> <span class='ocrx_word' id='word_1_104' title='bbox 1206 765 1395 819; x_wconf 79' lang='lat' dir='ltr'>fecistis.-</span> <span class='ocrx_word' id='word_1_105' title='bbox 1437 779 1526 818; x_wconf 72' lang='lat' dir='ltr'>quse</span> 
     </span>
    </p>

    <p class='ocr_par' dir='ltr' id='par_1_8' title="bbox 101 821 1528 930">
     <span class='ocr_line' id='line_1_13' title="bbox 101 821 1528 876; baseline 0.001 -15"><span class='ocrx_word' id='word_1_106' title='bbox 101 821 141 862; x_wconf 83' lang='lat' dir='ltr'>si</span> <span class='ocrx_word' id='word_1_107' title='bbox 158 829 352 872; x_wconf 84' lang='lat' dir='ltr'>maneret,</span> <span class='ocrx_word' id='word_1_108' title='bbox 373 829 583 876; x_wconf 79' lang='lat' dir='ltr'>captarum</span> <span class='ocrx_word' id='word_1_109' title='bbox 602 829 735 863; x_wconf 81' lang='lat' dir='ltr'>tamen</span> <span class='ocrx_word' id='word_1_110' title='bbox 755 822 910 863; x_wconf 81' lang='lat' dir='ltr'>urbium</span> <span class='ocrx_word' id='word_1_111' title='bbox 932 823 1007 862; x_wconf 82' lang='lat' dir='ltr'>illa</span> <span class='ocrx_word' id='word_1_112' title='bbox 1027 823 1094 862; x_wconf 68' lang='lat' dir='ltr'>Zea·</span> <span class='ocrx_word' id='word_1_113' title='bbox 1106 822 1240 876; x_wconf 70' lang='lat' dir='ltr'>joret.</span> <span class='ocrx_word' id='word_1_114' title='bbox 1306 822 1528 863; x_wconf 77' lang='lat' dir='ltr'>Thessaliae</span> 
     </span>
     <span class='ocr_line' id='line_1_14' title="bbox 101 879 1523 930; baseline 0.001 -11"><span class='ocrx_word' id='word_1_115' title='bbox 101 879 288 920; x_wconf 79' lang='lat' dir='ltr'>civitates</span> <span class='ocrx_word' id='word_1_116' title='bbox 307 894 380 920; x_wconf 85' lang='lat' dir='ltr'>sua</span> <span class='ocrx_word' id='word_1_117' title='bbox 410 881 615 921; x_wconf 81' lang='lat' dir='ltr'>voluntate</span> <span class='ocrx_word' id='word_1_118' title='bbox 643 880 688 920; x_wconf 83' lang='lat' dir='ltr'>in</span> <span class='ocrx_word' id='word_1_119' title='bbox 707 880 900 920; x_wconf 80' lang='lat' dir='ltr'>ditionem</span> <span class='ocrx_word' id='word_1_120' title='bbox 929 885 1107 920; x_wconf 77' lang='lat' dir='ltr'>nostram</span> <span class='ocrx_word' id='word_1_121' title='bbox 1136 886 1340 919; x_wconf 80' lang='lat' dir='ltr'>venerunt.</span> <span class='ocrx_word' id='word_1_122' title='bbox 1400 880 1523 930; x_wconf 86' lang='lat' dir='ltr'>Haec,</span> 
     </span>
    </p>

    <p class='ocr_par' dir='ltr' id='par_1_9' title="bbox 105 934 1524 992">
     <span class='ocr_line' id='line_1_15' title="bbox 105 934 1524 992; baseline 0.001 -16"><span class='ocrx_word' id='word_1_123' title='bbox 105 951 202 977; x_wconf 90' lang='lat' dir='ltr'>cum</span> <span class='ocrx_word' id='word_1_124' title='bbox 222 936 410 978; x_wconf 90' lang='lat' dir='ltr'>omnium</span> <span class='ocrx_word' id='word_1_125' title='bbox 439 938 644 978; x_wconf 91' lang='lat' dir='ltr'>sociorum</span> <span class='ocrx_word' id='word_1_126' title='bbox 664 935 842 977; x_wconf 89' lang='lat' dir='ltr'>adsensu</span> <span class='ocrx_word' id='word_1_127' title='bbox 863 935 990 985; x_wconf 85' lang='lat' dir='ltr'>dicta,</span> <span class='ocrx_word' id='word_1_128' title='bbox 1013 934 1168 976; x_wconf 88' lang='lat' dir='ltr'>AEtolis</span> <span class='ocrx_word' id='word_1_129' title='bbox 1198 950 1280 976; x_wconf 89' lang='lat' dir='ltr'>non</span> <span class='ocrx_word' id='word_1_130' title='bbox 1300 935 1334 959; x_wconf 77' lang='lat'>⁵⁸</span> <span class='ocrx_word' id='word_1_131' title='bbox 1346 935 1389 976; x_wconf 91' lang='lat' dir='ltr'>in</span> <span class='ocrx_word' id='word_1_132' title='bbox 1417 951 1524 992; x_wconf 86' lang='lat' dir='ltr'>prae-</span> 
     </span>
    </p>

    <p class='ocr_par' dir='ltr' id='par_1_10' title="bbox 104 991 1523 1106">
     <span class='ocr_line' id='line_1_16' title="bbox 106 991 1521 1049; baseline -0.001 -16"><span class='ocrx_word' id='word_1_133' title='bbox 106 993 236 1034; x_wconf 87' lang='lat' dir='ltr'>sentia</span> <span class='ocrx_word' id='word_1_134' title='bbox 267 994 392 1035; x_wconf 87' lang='lat' dir='ltr'>modo</span> <span class='ocrx_word' id='word_1_135' title='bbox 424 993 568 1049; x_wconf 86' lang='lat' dir='ltr'>gravia</span> <span class='ocrx_word' id='word_1_136' title='bbox 597 993 762 1043; x_wconf 82' lang='lat' dir='ltr'>auditu,</span> <span class='ocrx_word' id='word_1_137' title='bbox 785 991 857 1033; x_wconf 89' lang='lat' dir='ltr'>sed</span> <span class='ocrx_word' id='word_1_138' title='bbox 886 1007 985 1033; x_wconf 86' lang='lat' dir='ltr'>mox</span> <span class='ocrx_word' id='word_1_139' title='bbox 1019 991 1119 1033; x_wconf 89' lang='lat' dir='ltr'>belli</span> <span class='ocrx_word' id='word_1_140' title='bbox 1148 991 1273 1033; x_wconf 86' lang='lat' dir='ltr'>etiam</span> <span class='ocrx_word' id='word_1_141' title='bbox 1302 991 1336 1016; x_wconf 83' lang='lat'>⁵⁹</span> <span class='ocrx_word' id='word_1_142' title='bbox 1349 1007 1521 1044; x_wconf 78' lang='lat' dir='ltr'>caussae,</span> 
     </span>
     <span class='ocr_line' id='line_1_17' title="bbox 104 1048 1523 1106; baseline 0.001 -16"><span class='ocrx_word' id='word_1_143' title='bbox 104 1065 435 1106; x_wconf 84' lang='lat' dir='ltr'>magnarumque</span> <span class='ocrx_word' id='word_1_144' title='bbox 464 1065 516 1091; x_wconf 78' lang='lat' dir='ltr'>ex</span> <span class='ocrx_word' id='word_1_145' title='bbox 546 1065 595 1091; x_wconf 87' lang='lat' dir='ltr'>eo</span> <span class='ocrx_word' id='word_1_146' title='bbox 624 1049 822 1099; x_wconf 87' lang='lat' dir='ltr'>cladium,</span> <span class='ocrx_word' id='word_1_147' title='bbox 853 1049 904 1090; x_wconf 91' lang='lat' dir='ltr'>iis</span> <span class='ocrx_word' id='word_1_148' title='bbox 932 1049 1118 1091; x_wconf 89' lang='lat' dir='ltr'>fuerunt.</span> <span class='ocrx_word' id='word_1_149' title='bbox 1181 1049 1289 1090; x_wconf 89' lang='lat' dir='ltr'>Cum</span> <span class='ocrx_word' id='word_1_150' title='bbox 1324 1048 1523 1106; x_wconf 87' lang='lat' dir='ltr'>Philippo</span> 
     </span>
    </p>

    <p class='ocr_par' dir='ltr' id='par_1_11' title="bbox 104 1105 1524 1162">
     <span class='ocr_line' id='line_1_18' title="bbox 104 1105 1524 1162; baseline 0 -16"><span class='ocrx_word' id='word_1_151' title='bbox 104 1106 164 1147; x_wconf 87' lang='lat' dir='ltr'>ita</span> <span class='ocrx_word' id='word_1_152' title='bbox 197 1107 402 1157; x_wconf 88' lang='lat' dir='ltr'>convenit,</span> <span class='ocrx_word' id='word_1_153' title='bbox 433 1115 482 1148; x_wconf 90' lang='lat' dir='ltr'>ut</span> <span class='ocrx_word' id='word_1_154' title='bbox 513 1106 777 1148; x_wconf 85' lang='lat' dir='ltr'>Demetrium</span> <span class='ocrx_word' id='word_1_155' title='bbox 811 1106 945 1147; x_wconf 88' lang='lat' dir='ltr'>filium</span> <span class='ocrx_word' id='word_1_156' title='bbox 976 1114 1017 1147; x_wconf 89' lang='lat' dir='ltr'>et</span> <span class='ocrx_word' id='word_1_157' title='bbox 1048 1105 1252 1162; x_wconf 87' lang='lat' dir='ltr'>quosdam</span> <span class='ocrx_word' id='word_1_158' title='bbox 1287 1121 1339 1147; x_wconf 86' lang='lat' dir='ltr'>ex</span> <span class='ocrx_word' id='word_1_159' title='bbox 1373 1106 1524 1147; x_wconf 85' lang='lat' dir='ltr'>amico-</span> 
     </span>
    </p>

    <p class='ocr_par' dir='ltr' id='par_1_12' title="bbox 102 1162 1523 1277">
     <span class='ocr_line' id='line_1_19' title="bbox 102 1162 1522 1215; baseline 0 -11"><span class='ocrx_word' id='word_1_160' title='bbox 102 1178 198 1204; x_wconf 85' lang='lat' dir='ltr'>rum</span> <span class='ocrx_word' id='word_1_161' title='bbox 226 1179 400 1204; x_wconf 88' lang='lat' dir='ltr'>numero</span> <span class='ocrx_word' id='word_1_162' title='bbox 428 1164 609 1215; x_wconf 87' lang='lat' dir='ltr'>obsides,</span> <span class='ocrx_word' id='word_1_163' title='bbox 630 1171 672 1205; x_wconf 89' lang='lat' dir='ltr'>et</span> <span class='ocrx_word' id='word_1_164' title='bbox 693 1162 914 1205; x_wconf 80' lang='lat' dir='ltr'>⁶⁰ducenta</span> <span class='ocrx_word' id='word_1_165' title='bbox 942 1163 1100 1204; x_wconf 84' lang='lat' dir='ltr'>talenta</span> <span class='ocrx_word' id='word_1_166' title='bbox 1126 1163 1268 1204; x_wconf 89' lang='lat' dir='ltr'>daret:</span> <span class='ocrx_word' id='word_1_167' title='bbox 1302 1163 1355 1204; x_wconf 91' lang='lat' dir='ltr'>de</span> <span class='ocrx_word' id='word_1_168' title='bbox 1375 1165 1522 1204; x_wconf 88' lang='lat' dir='ltr'>ceteris</span> 
     </span>
     <span class='ocr_line' id='line_1_20' title="bbox 105 1219 1523 1277; baseline -0.001 -16"><span class='ocrx_word' id='word_1_169' title='bbox 105 1221 282 1261; x_wconf 90' lang='lat' dir='ltr'><strong>Romam</strong></span> <span class='ocrx_word' id='word_1_170' title='bbox 303 1220 488 1262; x_wconf 89' lang='lat' dir='ltr'>mitteret</span> <span class='ocrx_word' id='word_1_171' title='bbox 508 1221 679 1277; x_wconf 84' lang='lat' dir='ltr'>legatos.</span> <span class='ocrx_word' id='word_1_172' title='bbox 711 1220 766 1262; x_wconf 85' lang='lat' dir='ltr'>ad</span> <span class='ocrx_word' id='word_1_173' title='bbox 795 1235 886 1262; x_wconf 89' lang='lat' dir='ltr'>eam</span> <span class='ocrx_word' id='word_1_174' title='bbox 915 1235 1003 1261; x_wconf 89' lang='lat' dir='ltr'>rem</span> <span class='ocrx_word' id='word_1_175' title='bbox 1023 1228 1208 1275; x_wconf 81' lang='lat' dir='ltr'>quatuor</span> <span class='ocrx_word' id='word_1_176' title='bbox 1236 1219 1438 1261; x_wconf 88' lang='lat' dir='ltr'>mensium</span> <span class='ocrx_word' id='word_1_177' title='bbox 1462 1221 1523 1261; x_wconf 89' lang='lat' dir='ltr'>in-</span> 
     </span>
    </p>

    <p class='ocr_par' dir='ltr' id='par_1_13' title="bbox 101 1276 1523 1334">
     <span class='ocr_line' id='line_1_21' title="bbox 101 1276 1523 1334; baseline -0.001 -16"><span class='ocrx_word' id='word_1_178' title='bbox 101 1276 238 1319; x_wconf 88' lang='lat' dir='ltr'>duciae</span> <span class='ocrx_word' id='word_1_179' title='bbox 257 1286 404 1319; x_wconf 87' lang='lat' dir='ltr'>essent.</span> <span class='ocrx_word' id='word_1_180' title='bbox 468 1277 511 1319; x_wconf 85' lang='lat' dir='ltr'>Si</span> <span class='ocrx_word' id='word_1_181' title='bbox 540 1293 624 1334; x_wconf 84' lang='lat' dir='ltr'>pax</span> <span class='ocrx_word' id='word_1_182' title='bbox 654 1292 737 1318; x_wconf 89' lang='lat' dir='ltr'>non</span> <span class='ocrx_word' id='word_1_183' title='bbox 766 1277 990 1334; x_wconf 87' lang='lat' dir='ltr'>impetrata</span> <span class='ocrx_word' id='word_1_184' title='bbox 1009 1277 1062 1318; x_wconf 90' lang='lat' dir='ltr'>ab</span> <span class='ocrx_word' id='word_1_185' title='bbox 1094 1285 1239 1318; x_wconf 87' lang='lat' dir='ltr'>senatu</span> <span class='ocrx_word' id='word_1_186' title='bbox 1269 1276 1392 1326; x_wconf 89' lang='lat' dir='ltr'>foret,</span> <span class='ocrx_word' id='word_1_187' title='bbox 1415 1277 1523 1318; x_wconf 89' lang='lat' dir='ltr'>obsi-</span> 
     </span>
    </p>

    <p class='ocr_par' dir='ltr' id='par_1_14' title="bbox 100 1333 1523 1561">
     <span class='ocr_line' id='line_1_22' title="bbox 101 1333 1523 1391; baseline 0.001 -17"><span class='ocrx_word' id='word_1_188' title='bbox 101 1333 175 1375; x_wconf 88' lang='lat' dir='ltr'>des</span> <span class='ocrx_word' id='word_1_189' title='bbox 206 1334 510 1391; x_wconf 85' lang='lat' dir='ltr'>pecuniamque</span> <span class='ocrx_word' id='word_1_190' title='bbox 543 1334 663 1376; x_wconf 87' lang='lat' dir='ltr'>reddi</span> <span class='ocrx_word' id='word_1_191' title='bbox 701 1334 900 1390; x_wconf 81' lang='lat' dir='ltr'>Philippo</span> <span class='ocrx_word' id='word_1_192' title='bbox 934 1333 966 1358; x_wconf 76' lang='lat'>‘³¹</span> <span class='ocrx_word' id='word_1_193' title='bbox 979 1344 1195 1390; x_wconf 89' lang='lat' dir='ltr'>receptum</span> <span class='ocrx_word' id='word_1_194' title='bbox 1226 1341 1301 1375; x_wconf 89' lang='lat' dir='ltr'>est.</span> <span class='ocrx_word' id='word_1_195' title='bbox 1364 1335 1523 1375; x_wconf 83' lang='lat' dir='ltr'>Caussa</span> 
     </span>
     <span class='ocr_line' id='line_1_23' title="bbox 100 1390 1523 1448; baseline -0.001 -16"><span class='ocrx_word' id='word_1_196' title='bbox 100 1392 293 1433; x_wconf 88' lang='lat' dir='ltr'>Romano</span> <span class='ocrx_word' id='word_1_197' title='bbox 322 1391 562 1448; x_wconf 89' lang='lat' dir='ltr'>imperatori</span> <span class='ocrx_word' id='word_1_198' title='bbox 588 1407 672 1433; x_wconf 89' lang='lat' dir='ltr'>non</span> <span class='ocrx_word' id='word_1_199' title='bbox 691 1391 772 1432; x_wconf 88' lang='lat' dir='ltr'>alia</span> <span class='ocrx_word' id='word_1_200' title='bbox 800 1392 933 1448; x_wconf 86' lang='lat' dir='ltr'>major</span> <span class='ocrx_word' id='word_1_201' title='bbox 961 1391 1089 1432; x_wconf 88' lang='lat' dir='ltr'>fuisse</span> <span class='ocrx_word' id='word_1_202' title='bbox 1112 1390 1269 1432; x_wconf 90' lang='lat' dir='ltr'>dicitur</span> <span class='ocrx_word' id='word_1_203' title='bbox 1295 1390 1408 1446; x_wconf 86' lang='lat' dir='ltr'>pacis</span> <span class='ocrx_word' id='word_1_204' title='bbox 1436 1406 1523 1432; x_wconf 87' lang='lat' dir='ltr'>ma-</span> 
     </span>
     <span class='ocr_line' id='line_1_24' title="bbox 101 1448 1521 1505; baseline 0 -16"><span class='ocrx_word' id='word_1_205' title='bbox 101 1449 308 1499; x_wconf 84' lang='lat' dir='ltr'>turandae,</span> <span class='ocrx_word' id='word_1_206' title='bbox 340 1464 467 1505; x_wconf 88' lang='lat' dir='ltr'>quam</span> <span class='ocrx_word' id='word_1_207' title='bbox 499 1449 617 1505; x_wconf 92' lang='lat' dir='ltr'>quod</span> <span class='ocrx_word' id='word_1_208' title='bbox 649 1448 909 1490; x_wconf 87' lang='lat' dir='ltr'>Antiochum</span> <span class='ocrx_word' id='word_1_209' title='bbox 944 1448 1103 1490; x_wconf 90' lang='lat' dir='ltr'>bellum</span> <span class='ocrx_word' id='word_1_210' title='bbox 1134 1448 1443 1504; x_wconf 87' lang='lat' dir='ltr'>transitumque</span> <span class='ocrx_word' id='word_1_211' title='bbox 1478 1448 1521 1489; x_wconf 91' lang='lat' dir='ltr'>in</span> 
     </span>
     <span class='ocr_line' id='line_1_25' title="bbox 102 1505 725 1561; baseline 0.002 -16"><span class='ocrx_word' id='word_1_212' title='bbox 102 1505 319 1561; x_wconf 83' lang='lat' dir='ltr'>Europam</span> <span class='ocrx_word' id='word_1_213' title='bbox 340 1506 476 1546; x_wconf 90' lang='lat' dir='ltr'>moliri</span> <span class='ocrx_word' id='word_1_214' title='bbox 497 1506 725 1546; x_wconf 85' lang='lat' dir='ltr'>constabat.</span> 
     </span>
    </p>

    <p class='ocr_par' dir='ltr' id='par_1_15' title="bbox 94 1562 1733 2131">
     <span class='ocr_line' id='line_1_26' title="bbox 158 1562 1724 1618; baseline 0 -16"><span class='ocrx_word' id='word_1_215' title='bbox 158 1562 286 1602; x_wconf 85' lang='lat' dir='ltr'><strong>XIV.</strong></span> <span class='ocrx_word' id='word_1_216' title='bbox 318 1562 480 1603; x_wconf 90' lang='lat' dir='ltr'>Eodem</span> <span class='ocrx_word' id='word_1_217' title='bbox 513 1573 714 1618; x_wconf 87' lang='lat' dir='ltr'>tempore,</span> <span class='ocrx_word' id='word_1_218' title='bbox 743 1570 884 1617; x_wconf 87' lang='lat' dir='ltr'>atque,</span> <span class='ocrx_word' id='word_1_219' title='bbox 917 1570 965 1604; x_wconf 88' lang='lat' dir='ltr'>ut</span> <span class='ocrx_word' id='word_1_220' title='bbox 999 1562 1171 1618; x_wconf 89' lang='lat' dir='ltr'>quidam</span> <span class='ocrx_word' id='word_1_221' title='bbox 1207 1562 1432 1613; x_wconf 78' lang='lat' dir='ltr'>tradidere,</span> <span class='ocrx_word' id='word_1_222' title='bbox 1454 1579 1521 1605; x_wconf 87' lang='lat' dir='ltr'>eo·-</span> <span class='ocrx_word' id='word_1_223' title='bbox 1532 1569 1724 1618; x_wconf 66' lang='lat' dir='ltr'>Androsthe-</span> 
     </span>
     <span class='ocr_line' id='line_1_27' title="bbox 99 1613 1712 1685; baseline 0 -26"><span class='ocrx_word' id='word_1_224' title='bbox 99 1618 195 1659; x_wconf 86' lang='lat' dir='ltr'>dem</span> <span class='ocrx_word' id='word_1_225' title='bbox 228 1618 296 1659; x_wconf 90' lang='lat' dir='ltr'>die</span> <span class='ocrx_word' id='word_1_226' title='bbox 330 1619 384 1660; x_wconf 88' lang='lat' dir='ltr'>ad</span> <span class='ocrx_word' id='word_1_227' title='bbox 416 1619 666 1660; x_wconf 87' lang='lat' dir='ltr'>Corinthum</span> <span class='ocrx_word' id='word_1_228' title='bbox 697 1619 846 1660; x_wconf 86' lang='lat' dir='ltr'>Achaei</span> <span class='ocrx_word' id='word_1_229' title='bbox 881 1619 1031 1660; x_wconf 85' lang='lat' dir='ltr'>ducem</span> <span class='ocrx_word' id='word_1_230' title='bbox 1065 1619 1229 1675; x_wconf 87' lang='lat' dir='ltr'>regium</span> <span class='ocrx_word' id='word_1_231' title='bbox 1261 1619 1519 1661; x_wconf 83' lang='lat' dir='ltr'>Androsthe-</span> <span class='ocrx_word' id='word_1_232' title='bbox 1531 1613 1636 1685; x_wconf 64' lang='lat' dir='ltr'>mslad</span> <span class='ocrx_word' id='word_1_233' title='bbox 1651 1614 1712 1646; x_wconf 85' lang='lat' dir='ltr'>Co-</span> 
     </span>
     <span class='ocr_line' id='line_1_28' title="bbox 99 1661 1733 1732; baseline 0.001 -16"><span class='ocrx_word' id='word_1_234' title='bbox 99 1690 194 1716; x_wconf 89' lang='lat' dir='ltr'>nem</span> <span class='ocrx_word' id='word_1_235' title='bbox 219 1675 336 1730; x_wconf 89' lang='lat' dir='ltr'>justo</span> <span class='ocrx_word' id='word_1_236' title='bbox 365 1675 514 1732; x_wconf 87' lang='lat' dir='ltr'>proelio</span> <span class='ocrx_word' id='word_1_237' title='bbox 542 1675 757 1717; x_wconf 86' lang='lat' dir='ltr'>fuderunt.</span> <span class='ocrx_word' id='word_1_238' title='bbox 819 1676 927 1716; x_wconf 88' lang='lat' dir='ltr'>Eam</span> <span class='ocrx_word' id='word_1_239' title='bbox 958 1676 1105 1717; x_wconf 91' lang='lat' dir='ltr'>urbem</span> <span class='ocrx_word' id='word_1_240' title='bbox 1135 1691 1211 1731; x_wconf 87' lang='lat' dir='ltr'>pro</span> <span class='ocrx_word' id='word_1_241' title='bbox 1220 1691 1325 1720; x_wconf 58' lang='lat' dir='ltr'>„arce</span> <span class='ocrx_word' id='word_1_242' title='bbox 1352 1676 1518 1719; x_wconf 88' lang='lat' dir='ltr'>habitu·</span> <span class='ocrx_word' id='word_1_243' title='bbox 1530 1661 1733 1731; x_wconf 49' lang='lat' dir='ltr'>{ffiffi‘ghaeis</span> 
     </span>
     <span class='ocr_line' id='line_1_29' title="bbox 98 1732 1644 1789; baseline 0.001 -17"><span class='ocrx_word' id='word_1_244' title='bbox 98 1747 170 1772; x_wconf 90' lang='lat' dir='ltr'>rus</span> <span class='ocrx_word' id='word_1_245' title='bbox 202 1732 425 1789; x_wconf 89' lang='lat' dir='ltr'>Philippus</span> <span class='ocrx_word' id='word_1_246' title='bbox 456 1732 656 1773; x_wconf 89' lang='lat' dir='ltr'>adversus</span> <span class='ocrx_word' id='word_1_247' title='bbox 678 1732 855 1774; x_wconf 86' lang='lat' dir='ltr'>Graeciae</span> <span class='ocrx_word' id='word_1_248' title='bbox 885 1732 1089 1783; x_wconf 87' lang='lat' dir='ltr'>civitates,</span> <span class='ocrx_word' id='word_1_249' title='bbox 1111 1741 1152 1774; x_wconf 91' lang='lat' dir='ltr'>et</span> <span class='ocrx_word' id='word_1_250' title='bbox 1185 1733 1393 1789; x_wconf 87' lang='lat' dir='ltr'>principes</span> <span class='ocrx_word' id='word_1_251' title='bbox 1421 1732 1518 1775; x_wconf 90' lang='lat' dir='ltr'>inde</span> <span class='ocrx_word' id='word_1_252' title='bbox 1531 1752 1644 1784; x_wconf 80' lang='lat' dir='ltr'>pugna.</span> 
     </span>
     <span class='ocr_line' id='line_1_30' title="bbox 97 1788 1517 1846; baseline 0.002 -17"><span class='ocrx_word' id='word_1_253' title='bbox 97 1796 288 1830; x_wconf 88' lang='lat' dir='ltr'>evocatos</span> <span class='ocrx_word' id='word_1_254' title='bbox 321 1804 397 1845; x_wconf 88' lang='lat' dir='ltr'>per</span> <span class='ocrx_word' id='word_1_255' title='bbox 426 1789 603 1845; x_wconf 84' lang='lat' dir='ltr'>speciem</span> <span class='ocrx_word' id='word_1_256' title='bbox 633 1788 926 1846; x_wconf 78' lang='lat' dir='ltr'>conloquendi,</span> <span class='ocrx_word' id='word_1_257' title='bbox 951 1798 1159 1846; x_wconf 89' lang='lat' dir='ltr'>quantum</span> <span class='ocrx_word' id='word_1_258' title='bbox 1191 1790 1385 1845; x_wconf 88' lang='lat' dir='ltr'>equitum</span> <span class='ocrx_word' id='word_1_259' title='bbox 1417 1790 1517 1832; x_wconf 90' lang='lat' dir='ltr'>dare</span> 
     </span>
     <span class='ocr_line' id='line_1_31' title="bbox 99 1845 1518 1903; baseline 0.001 -17"><span class='ocrx_word' id='word_1_260' title='bbox 99 1845 306 1886; x_wconf 88' lang='lat' dir='ltr'>Corinthii</span> <span class='ocrx_word' id='word_1_261' title='bbox 352 1846 407 1887; x_wconf 91' lang='lat' dir='ltr'>ad</span> <span class='ocrx_word' id='word_1_262' title='bbox 455 1845 613 1887; x_wconf 91' lang='lat' dir='ltr'>bellum</span> <span class='ocrx_word' id='word_1_263' title='bbox 661 1854 844 1902; x_wconf 88' lang='lat' dir='ltr'>possent,</span> <span class='ocrx_word' id='word_1_264' title='bbox 888 1846 1117 1889; x_wconf 86' lang='lat' dir='ltr'>retinuerat</span> <span class='ocrx_word' id='word_1_265' title='bbox 1162 1862 1241 1903; x_wconf 88' lang='lat' dir='ltr'>pro</span> <span class='ocrx_word' id='word_1_266' title='bbox 1283 1846 1518 1898; x_wconf 88' lang='lat' dir='ltr'>obsidibus,</span> 
     </span>
     <span class='ocr_line' id='line_1_32' title="bbox 95 1902 1518 1960; baseline 0.001 -17"><span class='ocrx_word' id='word_1_267' title='bbox 95 1909 153 1953; x_wconf 88' lang='lat' dir='ltr'>et,</span> <span class='ocrx_word' id='word_1_268' title='bbox 188 1911 342 1958; x_wconf 84' lang='lat' dir='ltr'>praeter</span> <span class='ocrx_word' id='word_1_269' title='bbox 373 1902 624 1959; x_wconf 85' lang='lat' dir='ltr'>quingentos</span> <span class='ocrx_word' id='word_1_270' title='bbox 656 1903 909 1945; x_wconf 85' lang='lat' dir='ltr'>Macedonas</span> <span class='ocrx_word' id='word_1_271' title='bbox 940 1904 1178 1960; x_wconf 83' lang='lat' dir='ltr'>mixtosque</span> <span class='ocrx_word' id='word_1_272' title='bbox 1213 1919 1263 1946; x_wconf 83' lang='lat' dir='ltr'>ex</span> <span class='ocrx_word' id='word_1_273' title='bbox 1299 1904 1413 1945; x_wconf 91' lang='lat' dir='ltr'>omni</span> <span class='ocrx_word' id='word_1_274' title='bbox 1447 1920 1518 1960; x_wconf 82' lang='lat' dir='ltr'>ge-</span> 
     </span>
     <span class='ocr_line' id='line_1_33' title="bbox 96 1959 1517 2017; baseline 0.001 -18"><span class='ocrx_word' id='word_1_275' title='bbox 96 1973 194 2000; x_wconf 87' lang='lat' dir='ltr'>nere</span> <span class='ocrx_word' id='word_1_276' title='bbox 242 1959 494 2001; x_wconf 84' lang='lat' dir='ltr'>auxih‘orum</span> <span class='ocrx_word' id='word_1_277' title='bbox 540 1959 815 2016; x_wconf 86' lang='lat' dir='ltr'>octingentos,</span> <span class='ocrx_word' id='word_1_278' title='bbox 855 1960 890 1984; x_wconf 77' lang='lat'>⁶²</span> <span class='ocrx_word' id='word_1_279' title='bbox 902 1961 1018 2017; x_wconf 92' lang='lat' dir='ltr'>quod</span> <span class='ocrx_word' id='word_1_280' title='bbox 1059 1961 1148 2016; x_wconf 87' lang='lat' dir='ltr'>jam</span> <span class='ocrx_word' id='word_1_281' title='bbox 1189 1969 1284 2002; x_wconf 89' lang='lat' dir='ltr'>ante</span> <span class='ocrx_word' id='word_1_282' title='bbox 1324 1960 1381 2002; x_wconf 90' lang='lat' dir='ltr'>ibi</span> <span class='ocrx_word' id='word_1_283' title='bbox 1426 1961 1517 2002; x_wconf 80' lang='lat' dir='ltr'>fue-</span> 
     </span>
     <span class='ocr_line' id='line_1_34' title="bbox 97 2016 1515 2068; baseline 0.002 -12"><span class='ocrx_word' id='word_1_284' title='bbox 97 2023 177 2066; x_wconf 88' lang='lat' dir='ltr'>rat,</span> <span class='ocrx_word' id='word_1_285' title='bbox 217 2016 329 2057; x_wconf 88' lang='lat' dir='ltr'>mille</span> <span class='ocrx_word' id='word_1_286' title='bbox 374 2017 656 2058; x_wconf 86' lang='lat' dir='ltr'>Macedonum</span> <span class='ocrx_word' id='word_1_287' title='bbox 704 2033 753 2059; x_wconf 88' lang='lat' dir='ltr'>eo</span> <span class='ocrx_word' id='word_1_288' title='bbox 799 2017 981 2068; x_wconf 89' lang='lat' dir='ltr'>miserat,</span> <span class='ocrx_word' id='word_1_289' title='bbox 1022 2026 1064 2059; x_wconf 90' lang='lat' dir='ltr'>et</span> <span class='ocrx_word' id='word_1_290' title='bbox 1109 2017 1222 2058; x_wconf 85' lang='lat' dir='ltr'>mille</span> <span class='ocrx_word' id='word_1_291' title='bbox 1268 2033 1315 2059; x_wconf 88' lang='lat' dir='ltr'>ac</span> <span class='ocrx_word' id='word_1_292' title='bbox 1361 2018 1515 2059; x_wconf 77' lang='lat' dir='ltr'>ducen-</span> 
     </span>
     <span class='ocr_line' id='line_1_35' title="bbox 94 2072 1512 2131; baseline 0.001 -17"><span class='ocrx_word' id='word_1_293' title='bbox 94 2081 159 2114; x_wconf 89' lang='lat' dir='ltr'>tos</span> <span class='ocrx_word' id='word_1_294' title='bbox 201 2072 383 2129; x_wconf 78' lang='lat' dir='ltr'>Illyrios,</span> <span class='ocrx_word' id='word_1_295' title='bbox 421 2074 707 2130; x_wconf 85' lang='lat' dir='ltr'>Thracasque,</span> <span class='ocrx_word' id='word_1_296' title='bbox 742 2083 784 2117; x_wconf 89' lang='lat' dir='ltr'>et</span> <span class='ocrx_word' id='word_1_297' title='bbox 822 2076 1053 2126; x_wconf 83' lang='lat' dir='ltr'>Cretenses,</span> <span class='ocrx_word' id='word_1_298' title='bbox 1087 2073 1207 2130; x_wconf 78' lang='lat' dir='ltr'>6⁵qui</span> <span class='ocrx_word' id='word_1_299' title='bbox 1248 2075 1293 2116; x_wconf 91' lang='lat' dir='ltr'>in</span> <span class='ocrx_word' id='word_1_300' title='bbox 1331 2083 1512 2131; x_wconf 88' lang='lat' dir='ltr'>utraque</span> 
     </span>
    </p>
   </div>
   <div class='ocr_carea' id='block_1_2' title="bbox 52 2196 785 2885">
    <p class='ocr_par' dir='ltr' id='par_1_16' title="bbox 52 2196 785 2885">
     <span class='ocr_line' id='line_1_36' title="bbox 94 2196 780 2240; baseline 0.003 -12"><span class='ocrx_word' id='word_1_301' title='bbox 94 2196 212 2233; x_wconf 89' lang='lat' dir='ltr'>Livius,</span> <span class='ocrx_word' id='word_1_302' title='bbox 227 2197 302 2229; x_wconf 88' lang='lat' dir='ltr'>dum</span> <span class='ocrx_word' id='word_1_303' title='bbox 326 2197 492 2240; x_wconf 87' lang='lat' dir='ltr'>Polybium</span> <span class='ocrx_word' id='word_1_304' title='bbox 507 2208 599 2239; x_wconf 87' lang='lat' dir='ltr'>quem</span> <span class='ocrx_word' id='word_1_305' title='bbox 621 2199 712 2235; x_wconf 76' lang='lat' dir='ltr'>vertit</span> <span class='ocrx_word' id='word_1_306' title='bbox 734 2199 780 2230; x_wconf 88' lang='lat' dir='ltr'>in-</span> 
     </span>
     <span class='ocr_line' id='line_1_37' title="bbox 93 2240 781 2283; baseline 0.003 -12"><span class='ocrx_word' id='word_1_307' title='bbox 93 2240 242 2272; x_wconf 83' lang='lat' dir='ltr'>curiosius</span> <span class='ocrx_word' id='word_1_308' title='bbox 265 2241 399 2283; x_wconf 84' lang='lat' dir='ltr'>inspicit,</span> <span class='ocrx_word' id='word_1_309' title='bbox 426 2241 457 2272; x_wconf 89' lang='lat' dir='ltr'>in</span> <span class='ocrx_word' id='word_1_310' title='bbox 484 2241 695 2282; x_wconf 82' lang='lat' dir='ltr'>gravissimum</span> <span class='ocrx_word' id='word_1_311' title='bbox 722 2241 781 2273; x_wconf 85' lang='lat' dir='ltr'>im-</span> 
     </span>
     <span class='ocr_line' id='line_1_38' title="bbox 94 2284 781 2327; baseline 0.003 -13"><span class='ocrx_word' id='word_1_312' title='bbox 94 2284 181 2325; x_wconf 80' lang='lat' dir='ltr'>pegit</span> <span class='ocrx_word' id='word_1_313' title='bbox 207 2294 350 2316; x_wconf 88' lang='lat' dir='ltr'>errorem.</span> <span class='ocrx_word' id='word_1_314' title='bbox 393 2284 493 2315; x_wconf 82' lang='lat' dir='ltr'>Nulla</span> <span class='ocrx_word' id='word_1_315' title='bbox 518 2284 600 2315; x_wconf 88' lang='lat' dir='ltr'>enim</span> <span class='ocrx_word' id='word_1_316' title='bbox 629 2284 781 2327; x_wconf 86' lang='lat' dir='ltr'>discepta-</span> 
     </span>
     <span class='ocr_line' id='line_1_39' title="bbox 95 2326 783 2369; baseline 0.004 -13"><span class='ocrx_word' id='word_1_317' title='bbox 95 2326 138 2357; x_wconf 82' lang='lat' dir='ltr'>tio</span> <span class='ocrx_word' id='word_1_318' title='bbox 173 2327 252 2358; x_wconf 82' lang='lat' dir='ltr'>inter</span> <span class='ocrx_word' id='word_1_319' title='bbox 286 2327 502 2369; x_wconf 85' lang='lat' dir='ltr'>imperatorem</span> <span class='ocrx_word' id='word_1_320' title='bbox 536 2327 715 2358; x_wconf 83' lang='lat' dir='ltr'>Romanum</span> <span class='ocrx_word' id='word_1_321' title='bbox 750 2333 783 2359; x_wconf 89' lang='lat' dir='ltr'>et</span> 
     </span>
     <span class='ocr_line' id='line_1_40' title="bbox 95 2369 780 2411; baseline 0.001 -11"><span class='ocrx_word' id='word_1_322' title='bbox 95 2369 218 2402; x_wconf 85' lang='lat' dir='ltr'>AEtolos</span> <span class='ocrx_word' id='word_1_323' title='bbox 245 2376 312 2402; x_wconf 85' lang='lat' dir='ltr'>orta</span> <span class='ocrx_word' id='word_1_324' title='bbox 333 2376 380 2401; x_wconf 87' lang='lat' dir='ltr'>est</span> <span class='ocrx_word' id='word_1_325' title='bbox 406 2370 445 2402; x_wconf 87' lang='lat' dir='ltr'>de</span> <span class='ocrx_word' id='word_1_326' title='bbox 467 2370 593 2406; x_wconf 82' lang='lat' dir='ltr'>Thebis,</span> <span class='ocrx_word' id='word_1_327' title='bbox 617 2381 706 2411; x_wconf 87' lang='lat' dir='ltr'>quas,</span> <span class='ocrx_word' id='word_1_328' title='bbox 731 2375 780 2401; x_wconf 89' lang='lat' dir='ltr'>ut-</span> 
     </span>
     <span class='ocr_line' id='line_1_41' title="bbox 94 2412 782 2453; baseline 0.003 -11"><span class='ocrx_word' id='word_1_329' title='bbox 94 2417 166 2453; x_wconf 86' lang='lat' dir='ltr'>pote</span> <span class='ocrx_word' id='word_1_330' title='bbox 187 2412 218 2443; x_wconf 86' lang='lat' dir='ltr'>vi</span> <span class='ocrx_word' id='word_1_331' title='bbox 238 2413 380 2444; x_wconf 81' lang='lat' dir='ltr'>redactas</span> <span class='ocrx_word' id='word_1_332' title='bbox 402 2412 434 2444; x_wconf 88' lang='lat' dir='ltr'>in</span> <span class='ocrx_word' id='word_1_333' title='bbox 457 2413 616 2449; x_wconf 87' lang='lat' dir='ltr'>ditionem,</span> <span class='ocrx_word' id='word_1_334' title='bbox 634 2413 782 2450; x_wconf 85' lang='lat' dir='ltr'>Quintius</span> 
     </span>
     <span class='ocr_line' id='line_1_42' title="bbox 95 2454 781 2498; baseline 0.004 -14"><span class='ocrx_word' id='word_1_335' title='bbox 95 2454 182 2486; x_wconf 84' lang='lat' dir='ltr'>reddi</span> <span class='ocrx_word' id='word_1_336' title='bbox 197 2455 312 2487; x_wconf 86' lang='lat' dir='ltr'>AEtolis</span> <span class='ocrx_word' id='word_1_337' title='bbox 332 2466 421 2498; x_wconf 88' lang='lat' dir='ltr'>posse</span> <span class='ocrx_word' id='word_1_338' title='bbox 435 2461 467 2487; x_wconf 86' lang='lat' dir='ltr'>et</span> <span class='ocrx_word' id='word_1_339' title='bbox 480 2456 592 2487; x_wconf 84' lang='lat' dir='ltr'>debere</span> <span class='ocrx_word' id='word_1_340' title='bbox 607 2467 668 2487; x_wconf 91' lang='lat' dir='ltr'>non</span> <span class='ocrx_word' id='word_1_341' title='bbox 685 2466 781 2497; x_wconf 79' lang='lat' dir='ltr'>nega-</span> 
     </span>
     <span class='ocr_line' id='line_1_43' title="bbox 94 2496 781 2531; baseline 0.007 -5"><span class='ocrx_word' id='word_1_342' title='bbox 94 2496 159 2527; x_wconf 87' lang='lat' dir='ltr'>bat.</span> <span class='ocrx_word' id='word_1_343' title='bbox 213 2499 294 2530; x_wconf 86' lang='lat' dir='ltr'>Tota</span> <span class='ocrx_word' id='word_1_344' title='bbox 327 2499 483 2530; x_wconf 84' lang='lat' dir='ltr'>contentio</span> <span class='ocrx_word' id='word_1_345' title='bbox 517 2499 577 2530; x_wconf 82' lang='lat' dir='ltr'>fuit</span> <span class='ocrx_word' id='word_1_346' title='bbox 610 2499 649 2530; x_wconf 89' lang='lat' dir='ltr'>de</span> <span class='ocrx_word' id='word_1_347' title='bbox 684 2499 781 2531; x_wconf 82' lang='lat' dir='ltr'>tn&#39;bus</span> 
     </span>
     <span class='ocr_line' id='line_1_44' title="bbox 96 2539 782 2583; baseline 0.006 -14"><span class='ocrx_word' id='word_1_348' title='bbox 96 2539 164 2570; x_wconf 84' lang='lat' dir='ltr'>aliis</span> <span class='ocrx_word' id='word_1_349' title='bbox 186 2541 323 2577; x_wconf 85' lang='lat' dir='ltr'>urbibus,</span> <span class='ocrx_word' id='word_1_350' title='bbox 347 2552 416 2583; x_wconf 81' lang='lat' dir='ltr'>quae</span> <span class='ocrx_word' id='word_1_351' title='bbox 436 2542 597 2573; x_wconf 85' lang='lat' dir='ltr'>voluntate</span> <span class='ocrx_word' id='word_1_352' title='bbox 619 2542 652 2573; x_wconf 92' lang='lat' dir='ltr'>in</span> <span class='ocrx_word' id='word_1_353' title='bbox 675 2541 782 2573; x_wconf 80' lang='lat' dir='ltr'>amici-</span> 
     </span>
     <span class='ocr_line' id='line_1_45' title="bbox 94 2581 783 2616; baseline 0.006 -5"><span class='ocrx_word' id='word_1_354' title='bbox 94 2581 172 2612; x_wconf 84' lang='lat' dir='ltr'>tiam</span> <span class='ocrx_word' id='word_1_355' title='bbox 206 2584 418 2616; x_wconf 83' lang='lat' dir='ltr'>Romanorum</span> <span class='ocrx_word' id='word_1_356' title='bbox 453 2590 613 2616; x_wconf 83' lang='lat' dir='ltr'>venerant.</span> <span class='ocrx_word' id='word_1_357' title='bbox 666 2586 783 2616; x_wconf 86' lang='lat' dir='ltr'>Earum</span> 
     </span>
     <span class='ocr_line' id='line_1_46' title="bbox 95 2625 783 2665; baseline 0.007 -11"><span class='ocrx_word' id='word_1_358' title='bbox 95 2625 214 2655; x_wconf 88' lang='lat' dir='ltr'>nullam</span> <span class='ocrx_word' id='word_1_359' title='bbox 255 2627 369 2658; x_wconf 89' lang='lat' dir='ltr'>AEtolis</span> <span class='ocrx_word' id='word_1_360' title='bbox 409 2628 592 2659; x_wconf 80' lang='lat' dir='ltr'>tradendam</span> <span class='ocrx_word' id='word_1_361' title='bbox 635 2627 783 2665; x_wconf 87' lang='lat' dir='ltr'>Quintius</span> 
     </span>
     <span class='ocr_line' id='line_1_47' title="bbox 97 2668 782 2713; baseline 0.009 -16"><span class='ocrx_word' id='word_1_362' title='bbox 97 2668 313 2701; x_wconf 85' lang='lat' dir='ltr'>contendebat.</span> <span class='ocrx_word' id='word_1_363' title='bbox 358 2671 435 2701; x_wconf 89' lang='lat' dir='ltr'>Haec</span> <span class='ocrx_word' id='word_1_364' title='bbox 461 2676 534 2701; x_wconf 88' lang='lat' dir='ltr'>sunt</span> <span class='ocrx_word' id='word_1_365' title='bbox 563 2671 632 2713; x_wconf 85' lang='lat' dir='ltr'>ipsa</span> <span class='ocrx_word' id='word_1_366' title='bbox 658 2671 782 2712; x_wconf 83' lang='lat' dir='ltr'>Polybii</span> 
     </span>
     <span class='ocr_line' id='line_1_48' title="bbox 96 2711 782 2753; baseline 0.009 -14"><span class='ocrx_word' id='word_1_367' title='bbox 96 2711 202 2746; x_wconf 77' lang='lat' dir='ltr'>verba,</span> <span class='ocrx_word' id='word_1_368' title='bbox 220 2712 327 2752; x_wconf 82' lang='lat' dir='ltr'>Legat.</span> <span class='ocrx_word' id='word_1_369' title='bbox 343 2714 372 2744; x_wconf 89' lang='lat'>6.</span> <span class='ocrx_word' id='word_1_370' title='bbox 389 2713 401 2743; x_wconf 79' lang='grc' dir='ltr'><strong><em>ὅ</em></strong></span> <span class='ocrx_word' id='word_1_371' title='bbox 416 2712 444 2745; x_wconf 72' lang='grc' dir='ltr'>δὲ</span> <span class='ocrx_word' id='word_1_372' title='bbox 459 2714 556 2749; x_wconf 69' lang='grc' dir='ltr'><em>Τίτος,</em></span> <span class='ocrx_word' id='word_1_373' title='bbox 573 2715 630 2745; x_wconf 67' lang='grc' dir='ltr'>τῶν</span> <span class='ocrx_word' id='word_1_374' title='bbox 650 2714 701 2753; x_wconf 69' lang='grc' dir='ltr'>μὲν</span> <span class='ocrx_word' id='word_1_375' title='bbox 724 2714 782 2745; x_wconf 72' lang='grc' dir='ltr'>ἐέλ-</span> 
     </span>
     <span class='ocr_line' id='line_1_49' title="bbox 52 2753 785 2800; baseline 0.007 -17"><span class='ocrx_word' id='word_1_376' title='bbox 52 2760 55 2763; x_wconf 69' lang='grc'><strong>“</strong></span> <span class='ocrx_word' id='word_1_377' title='bbox 95 2759 154 2784; x_wconf 80' lang='grc' dir='ltr'>λων</span> <span class='ocrx_word' id='word_1_378' title='bbox 176 2754 212 2784; x_wconf 55' lang='lat' dir='ltr'>&amp;n</span> <span class='ocrx_word' id='word_1_379' title='bbox 233 2754 287 2794; x_wconf 70' lang='grc' dir='ltr'>ἔφη</span> <span class='ocrx_word' id='word_1_380' title='bbox 309 2753 361 2786; x_wconf 78' lang='grc' dir='ltr'>δεῖν</span> <span class='ocrx_word' id='word_1_381' title='bbox 383 2754 497 2796; x_wconf 65' lang='grc' dir='ltr'><em>ἐδεμῖαν</em></span> <span class='ocrx_word' id='word_1_382' title='bbox 519 2758 785 2800; x_wconf 58' lang='grc' dir='ltr'>(παραλαμέάνειν</span> 
     </span>
     <span class='ocr_line' id='line_1_50' title="bbox 94 2796 785 2839; baseline 0.006 -13"><span class='ocrx_word' id='word_1_383' title='bbox 94 2796 264 2836; x_wconf 36' lang='lat' dir='ltr'>Aſtra-5285&amp;</span> <span class='ocrx_word' id='word_1_384' title='bbox 283 2798 382 2832; x_wconf 65' lang='grc' dir='ltr'>Θῆἔας</span> <span class='ocrx_word' id='word_1_385' title='bbox 392 2797 419 2829; x_wconf 69' lang='grc' dir='ltr'>δὲ</span> <span class='ocrx_word' id='word_1_386' title='bbox 431 2800 511 2839; x_wconf 74' lang='grc' dir='ltr'>μὸνον</span> <span class='ocrx_word' id='word_1_387' title='bbox 520 2801 575 2834; x_wconf 65' lang='grc' dir='ltr'>τὰς</span> <span class='ocrx_word' id='word_1_388' title='bbox 589 2800 704 2835; x_wconf 62' lang='grc' dir='ltr'><strong><em>Φθίας.</em></strong></span> <span class='ocrx_word' id='word_1_389' title='bbox 726 2800 785 2830; x_wconf 85' lang='lat' dir='ltr'>His</span> 
     </span>
     <span class='ocr_line' id='line_1_51' title="bbox 95 2839 785 2885; baseline 0.007 -16"><span class='ocrx_word' id='word_1_390' title='bbox 95 2849 157 2870; x_wconf 86' lang='lat' dir='ltr'>non</span> <span class='ocrx_word' id='word_1_391' title='bbox 180 2839 346 2872; x_wconf 82' lang='lat' dir='ltr'>intellectis</span> <span class='ocrx_word' id='word_1_392' title='bbox 362 2841 467 2873; x_wconf 84' lang='lat' dir='ltr'>Livius</span> <span class='ocrx_word' id='word_1_393' title='bbox 489 2842 594 2885; x_wconf 85' lang='lat' dir='ltr'>inique</span> <span class='ocrx_word' id='word_1_394' title='bbox 617 2848 648 2875; x_wconf 89' lang='lat' dir='ltr'>et</span> <span class='ocrx_word' id='word_1_395' title='bbox 669 2843 785 2875; x_wconf 78' lang='lat' dir='ltr'>insulse</span> 
     </span>
    </p>
   </div>
   <div class='ocr_carea' id='block_1_3' title="bbox 824 2198 1514 2885">
    <p class='ocr_par' dir='ltr' id='par_1_17' title="bbox 824 2198 1513 2322">
     <span class='ocr_line' id='line_1_52' title="bbox 825 2198 1513 2238; baseline -0.001 -8"><span class='ocrx_word' id='word_1_396' title='bbox 825 2198 1024 2231; x_wconf 81' lang='lat' dir='ltr'>disserentem</span> <span class='ocrx_word' id='word_1_397' title='bbox 1046 2198 1210 2237; x_wconf 83' lang='lat' dir='ltr'>Quintium</span> <span class='ocrx_word' id='word_1_398' title='bbox 1234 2198 1320 2238; x_wconf 86' lang='lat' dir='ltr'>facit,</span> <span class='ocrx_word' id='word_1_399' title='bbox 1333 2202 1369 2230; x_wconf 88' lang='lat' dir='ltr'>ut</span> <span class='ocrx_word' id='word_1_400' title='bbox 1391 2199 1513 2231; x_wconf 86' lang='lat' dir='ltr'>subtili-</span> 
     </span>
     <span class='ocr_line' id='line_1_53' title="bbox 824 2242 1513 2285; baseline -0.001 -11"><span class='ocrx_word' id='word_1_401' title='bbox 824 2248 869 2274; x_wconf 88' lang='lat' dir='ltr'>ter</span> <span class='ocrx_word' id='word_1_402' title='bbox 895 2247 926 2274; x_wconf 89' lang='lat' dir='ltr'>et</span> <span class='ocrx_word' id='word_1_403' title='bbox 955 2249 1097 2274; x_wconf 82' lang='lat' dir='ltr'>accurate</span> <span class='ocrx_word' id='word_1_404' title='bbox 1123 2253 1178 2284; x_wconf 88' lang='lat' dir='ltr'>pro</span> <span class='ocrx_word' id='word_1_405' title='bbox 1206 2252 1261 2273; x_wconf 85' lang='lat' dir='ltr'>suo</span> <span class='ocrx_word' id='word_1_406' title='bbox 1291 2253 1374 2273; x_wconf 90' lang='lat' dir='ltr'>more</span> <span class='ocrx_word' id='word_1_407' title='bbox 1403 2242 1513 2285; x_wconf 85' lang='lat' dir='ltr'>probat</span> 
     </span>
     <span class='ocr_line' id='line_1_54' title="bbox 824 2285 1391 2322; baseline 0 -6"><span class='ocrx_word' id='word_1_408' title='bbox 824 2285 1014 2322; x_wconf 79' lang='lat' dir='ltr'>Perizonius,</span> <span class='ocrx_word' id='word_1_409' title='bbox 1031 2285 1200 2316; x_wconf 87' lang='lat' dir='ltr'>Animadv.</span> <span class='ocrx_word' id='word_1_410' title='bbox 1215 2285 1299 2316; x_wconf 87' lang='lat' dir='ltr'>Hist.</span> <span class='ocrx_word' id='word_1_411' title='bbox 1315 2295 1344 2316; x_wconf 85' lang='lat' dir='ltr'>e.</span> <span class='ocrx_word' id='word_1_412' title='bbox 1358 2285 1391 2316; x_wconf 89' lang='grc'>9.</span> 
     </span>
    </p>

    <p class='ocr_par' dir='ltr' id='par_1_18' title="bbox 825 2327 1512 2412">
     <span class='ocr_line' id='line_1_55' title="bbox 867 2327 1512 2369; baseline -0.002 -10"><span class='ocrx_word' id='word_1_413' title='bbox 867 2330 908 2359; x_wconf 85' lang='grc'>58</span> <span class='ocrx_word' id='word_1_414' title='bbox 932 2328 971 2359; x_wconf 81' lang='lat' dir='ltr'>In</span> <span class='ocrx_word' id='word_1_415' title='bbox 994 2328 1166 2369; x_wconf 76' lang='lat' dir='ltr'>proesentia]</span> <span class='ocrx_word' id='word_1_416' title='bbox 1190 2327 1349 2359; x_wconf 79' lang='lat' dir='ltr'>Particula</span> <span class='ocrx_word' id='word_1_417' title='bbox 1372 2329 1405 2358; x_wconf 82' lang='lat' dir='ltr'>in</span> <span class='ocrx_word' id='word_1_418' title='bbox 1428 2333 1512 2359; x_wconf 85' lang='lat' dir='ltr'>recte</span> 
     </span>
     <span class='ocr_line' id='line_1_56' title="bbox 825 2370 1226 2412; baseline 0 -10"><span class='ocrx_word' id='word_1_419' title='bbox 825 2370 949 2412; x_wconf 78' lang='lat' dir='ltr'>adjecta</span> <span class='ocrx_word' id='word_1_420' title='bbox 962 2377 1008 2403; x_wconf 85' lang='lat' dir='ltr'>est</span> <span class='ocrx_word' id='word_1_421' title='bbox 1023 2382 1042 2402; x_wconf 87' lang='lat' dir='ltr'>a</span> <span class='ocrx_word' id='word_1_422' title='bbox 1059 2370 1226 2403; x_wconf 89' lang='lat' dir='ltr'>Gronovio.</span> 
     </span>
    </p>

    <p class='ocr_par' dir='ltr' id='par_1_19' title="bbox 866 2414 1348 2456">
     <span class='ocr_line' id='line_1_57' title="bbox 866 2414 1348 2456; baseline -0.002 -12"><span class='ocrx_word' id='word_1_423' title='bbox 866 2415 908 2445; x_wconf 88' lang='lat'>59</span> <span class='ocrx_word' id='word_1_424' title='bbox 933 2415 1050 2456; x_wconf 76' lang='lat' dir='ltr'>Cnusae]</span> <span class='ocrx_word' id='word_1_425' title='bbox 1074 2414 1236 2445; x_wconf 86' lang='lat' dir='ltr'>Vellemus</span> <span class='ocrx_word' id='word_1_426' title='bbox 1250 2425 1348 2444; x_wconf 74' lang='lat' dir='ltr'>causa.</span> 
     </span>
    </p>

    <p class='ocr_par' dir='ltr' id='par_1_20' title="bbox 824 2456 1511 2531">
     <span class='ocr_line' id='line_1_58' title="bbox 866 2456 1511 2497; baseline -0.002 -10"><span class='ocrx_word' id='word_1_427' title='bbox 866 2457 908 2487; x_wconf 90' lang='lat'>60</span> <span class='ocrx_word' id='word_1_428' title='bbox 932 2457 1070 2487; x_wconf 76' lang='lat' dir='ltr'>Ducenta</span> <span class='ocrx_word' id='word_1_429' title='bbox 1092 2456 1218 2497; x_wconf 80' lang='lat' dir='ltr'>talenta]</span> <span class='ocrx_word' id='word_1_430' title='bbox 1251 2457 1379 2487; x_wconf 77' lang='lat' dir='ltr'>Mareas</span> <span class='ocrx_word' id='word_1_431' title='bbox 1401 2466 1511 2497; x_wconf 84' lang='lat' dir='ltr'>argen-</span> 
     </span>
     <span class='ocr_line' id='line_1_59' title="bbox 824 2500 1145 2531; baseline 0.003 -1"><span class='ocrx_word' id='word_1_432' title='bbox 824 2500 847 2530; x_wconf 85' lang='lat' dir='ltr'>ti</span> <span class='ocrx_word' id='word_1_433' title='bbox 863 2505 1013 2530; x_wconf 81' lang='lat' dir='ltr'>nostrates</span> <span class='ocrx_word' id='word_1_434' title='bbox 1030 2500 1145 2531; x_wconf 83' lang='lat'>18750.</span> 
     </span>
    </p>

    <p class='ocr_par' dir='ltr' id='par_1_21' title="bbox 868 2541 1447 2583">
     <span class='ocr_line' id='line_1_60' title="bbox 868 2541 1447 2583; baseline -0.002 -10"><span class='ocrx_word' id='word_1_435' title='bbox 868 2543 906 2573; x_wconf 90' lang='grc'>61</span> <span class='ocrx_word' id='word_1_436' title='bbox 932 2543 1090 2582; x_wconf 70' lang='lat' dir='ltr'>Receptum</span> <span class='ocrx_word' id='word_1_437' title='bbox 1104 2543 1159 2583; x_wconf 83' lang='lat' dir='ltr'>est]</span> <span class='ocrx_word' id='word_1_438' title='bbox 1184 2541 1373 2573; x_wconf 85' lang='lat' dir='ltr'>Promissum</span> <span class='ocrx_word' id='word_1_439' title='bbox 1388 2547 1447 2572; x_wconf 82' lang='lat' dir='ltr'>est.</span> 
     </span>
    </p>

    <p class='ocr_par' dir='ltr' id='par_1_22' title="bbox 826 2583 1512 2668">
     <span class='ocr_line' id='line_1_61' title="bbox 868 2583 1512 2627; baseline -0.005 -11"><span class='ocrx_word' id='word_1_440' title='bbox 868 2586 909 2616; x_wconf 81' lang='lat'>62</span> <span class='ocrx_word' id='word_1_441' title='bbox 934 2586 1018 2620; x_wconf 84' lang='lat' dir='ltr'>Quod</span> <span class='ocrx_word' id='word_1_442' title='bbox 1022 2588 1091 2625; x_wconf 78' lang='lat' dir='ltr'>jam</span> <span class='ocrx_word' id='word_1_443' title='bbox 1102 2593 1170 2617; x_wconf 77' lang='lat' dir='ltr'>ante</span> <span class='ocrx_word' id='word_1_444' title='bbox 1182 2585 1352 2627; x_wconf 75' lang='lat' dir='ltr'>ibificerat]</span> <span class='ocrx_word' id='word_1_445' title='bbox 1379 2583 1512 2615; x_wconf 82' lang='lat' dir='ltr'>Videtur</span> 
     </span>
     <span class='ocr_line' id='line_1_62' title="bbox 826 2627 1243 2668; baseline 0 -9"><span class='ocrx_word' id='word_1_446' title='bbox 826 2627 978 2660; x_wconf 80' lang='lat' dir='ltr'>excidisse</span> <span class='ocrx_word' id='word_1_447' title='bbox 992 2639 1050 2659; x_wconf 85' lang='lat' dir='ltr'>vox</span> <span class='ocrx_word' id='word_1_448' title='bbox 1063 2630 1243 2668; x_wconf 68' lang='lat' dir='ltr'>praesidium.</span> 
     </span>
    </p>

    <p class='ocr_par' dir='ltr' id='par_1_23' title="bbox 826 2669 1514 2885">
     <span class='ocr_line' id='line_1_63' title="bbox 868 2669 1512 2711; baseline -0.008 -9"><span class='ocrx_word' id='word_1_449' title='bbox 868 2672 937 2703; x_wconf 58' lang='lat'>63*</span> <span class='ocrx_word' id='word_1_450' title='bbox 952 2672 1013 2708; x_wconf 77' lang='lat' dir='ltr'>Qui</span> <span class='ocrx_word' id='word_1_451' title='bbox 1035 2673 1067 2702; x_wconf 82' lang='lat' dir='ltr'>in</span> <span class='ocrx_word' id='word_1_452' title='bbox 1087 2678 1213 2711; x_wconf 76' lang='lat' dir='ltr'>utraque</span> <span class='ocrx_word' id='word_1_453' title='bbox 1230 2676 1315 2711; x_wconf 77' lang='lat' dir='ltr'>parte</span> <span class='ocrx_word' id='word_1_454' title='bbox 1330 2669 1512 2709; x_wconf 74' lang='lat' dir='ltr'>militabant]</span> 
     </span>
     <span class='ocr_line' id='line_1_64' title="bbox 827 2711 1513 2753; baseline -0.004 -8"><span class='ocrx_word' id='word_1_455' title='bbox 827 2715 913 2745; x_wconf 86' lang='lat' dir='ltr'>Nam</span> <span class='ocrx_word' id='word_1_456' title='bbox 929 2715 1095 2745; x_wconf 86' lang='lat' dir='ltr'>Cretenses</span> <span class='ocrx_word' id='word_1_457' title='bbox 1111 2720 1142 2745; x_wconf 89' lang='lat' dir='ltr'>et</span> <span class='ocrx_word' id='word_1_458' title='bbox 1157 2713 1309 2745; x_wconf 85' lang='lat' dir='ltr'>Romanis</span> <span class='ocrx_word' id='word_1_459' title='bbox 1323 2717 1353 2742; x_wconf 87' lang='lat' dir='ltr'>et</span> <span class='ocrx_word' id='word_1_460' title='bbox 1369 2711 1513 2753; x_wconf 87' lang='lat' dir='ltr'>Philippo</span> 
     </span>
     <span class='ocr_line' id='line_1_65' title="bbox 826 2754 1514 2795; baseline -0.007 -7"><span class='ocrx_word' id='word_1_461' title='bbox 826 2757 1014 2788; x_wconf 88' lang='lat' dir='ltr'>militabant.</span> <span class='ocrx_word' id='word_1_462' title='bbox 1058 2757 1128 2788; x_wconf 89' lang='lat' dir='ltr'>Hoc</span> <span class='ocrx_word' id='word_1_463' title='bbox 1147 2756 1219 2787; x_wconf 86' lang='lat' dir='ltr'>ideo</span> <span class='ocrx_word' id='word_1_464' title='bbox 1236 2756 1427 2788; x_wconf 76' lang='lat' dir='ltr'>observatur,</span> <span class='ocrx_word' id='word_1_465' title='bbox 1441 2754 1514 2795; x_wconf 84' lang='lat' dir='ltr'>quia</span> 
     </span>
     <span class='ocr_line' id='line_1_66' title="bbox 827 2796 1514 2842; baseline -0.007 -11"><span class='ocrx_word' id='word_1_466' title='bbox 827 2800 943 2831; x_wconf 85' lang='lat' dir='ltr'>mentio</span> <span class='ocrx_word' id='word_1_467' title='bbox 979 2810 1073 2842; x_wconf 84' lang='lat' dir='ltr'>snpra</span> <span class='ocrx_word' id='word_1_468' title='bbox 1108 2800 1192 2831; x_wconf 80' lang='lat' dir='ltr'>facta</span> <span class='ocrx_word' id='word_1_469' title='bbox 1226 2797 1283 2829; x_wconf 83' lang='lat' dir='ltr'>fuit</span> <span class='ocrx_word' id='word_1_470' title='bbox 1319 2796 1514 2828; x_wconf 88' lang='lat' dir='ltr'>Cretensium</span> 
     </span>
     <span class='ocr_line' id='line_1_67' title="bbox 829 2842 1199 2885; baseline -0.005 -11"><span class='ocrx_word' id='word_1_471' title='bbox 829 2842 960 2879; x_wconf 82' lang='lat' dir='ltr'>Quintio</span> <span class='ocrx_word' id='word_1_472' title='bbox 973 2843 1199 2885; x_wconf 80' lang='lat' dir='ltr'>adjunctorum.</span> 
     </span>
    </p>
   </div>
   <div class='ocr_carea' id='block_1_4' title="bbox 900 2887 979 2925">
    <p class='ocr_par' dir='ltr' id='par_1_24' title="bbox 900 2887 979 2925">
     <span class='ocr_line' id='line_1_68' title="bbox 900 2887 979 2925; baseline -0.013 0"><span class='ocrx_word' id='word_1_473' title='bbox 900 2887 979 2925; x_wconf 69' lang='lat'>11⁶2</span> 
     </span>
    </p>
   </div>
  </div>
 </body>
</html>
