1947 3222
571 99 694 136 ΜΒ.
725 97 810 134 XL.
849 98 929 135 CA
944 98 984 135 P.
1014 99 1165 137 xxm.
1506 106 1580 146 477

159 210 192 251 si
223 216 332 251 sunt.
396 209 566 250 Summa
595 208 636 248 vi
658 206 857 249 8'²totume
886 206 996 247 diem
1026 208 1340 263 obpugnarunt,
1361 208 1421 251 ita
1453 218 1498 251 ut
1529 218 1773 252 neA.C.57l.

159 265 356 307 efferendi
386 265 556 322 quidem
589 264 707 319 signa
737 263 938 304 Romanis
968 265 1166 319 spatium,
1188 280 1262 306 nec
1292 266 1345 307 ad
1374 266 1581 323 explicari·
1595 261 1776 333 gif-¹8¹·

161 323 259 364 dam
292 323 419 364 aciem
443 322 555 363 locus
585 329 704 363 esset.
767 320 957 362 Conferti
978 320 1020 361 in
1040 320 1186 376 portis,
1209 322 1413 364 obstando
1434 323 1578 380 magis,
1595 315 1788 387 ωτξυῖῗέἓζ

159 395 287 436 quam
326 378 568 436 pugnandO,
609 387 744 420 castra
783 378 1045 419 tutabantur.
1128 378 1216 418 Sub
1255 394 1445 420 occasum
1486 380 1581 421 solis
1594 388 1676 437 ribus
1694 389 1795 419 AEmi-

160 452 295 493 quum
329 435 587 477 recessissent
623 435 778 485 hostes,
814 434 920 475 duos
955 434 1116 490 equites
1151 433 1247 475 ⁸³ad
1289 436 1365 475 Cn.
1390 437 1581 478 Baebium
1595 431 1628 462 ¹¹¹
1641 438 1752 462 castra.

159 492 445 549 proconsulem
467 507 562 532 cum
584 491 715 533 literis
738 493 856 533 Pisas
877 490 1022 539 mittit,
1045 499 1108 542 ut,
1131 492 1297 533 obsesso
1328 492 1405 532 sibi
1428 508 1502 548 per
1522 493 1583 534 in-

159 550 302 591 ducias
338 549 652 605 quamprimum
690 549 876 590 subsidio
911 548 1086 590 veniret.
1149 548 1320 589 Baebius
1351 549 1583 591 exercitum

160 607 224 647 M.
248 606 418 646 Pinario
439 606 623 661 praetori,
646 607 762 649 eunti
784 606 826 646 in
851 605 1098 655 Sardiniam,
1122 605 1364 647 tradiderat.
1397 613 1583 647 ceterum

157 671 198 704 et
230 671 420 704 senatum
452 662 582 704 literis
613 663 828 705 certiorem
860 662 974 712 fecit,
996 662 1177 704 obsideri
1208 678 1233 703 a
1264 662 1499 718 Liguribus
1531 663 1581 703 L.

157 719 396 769 AEmilium,
419 727 458 760 et
483 720 545 759 M.
571 719 750 761 Claudio
773 719 992 769 Marcello,
1015 720 1136 775 cujus
1160 720 1352 776 proxima
1371 719 1469 760 inde
1490 735 1584 775 pro-

156 777 293 818 vincia
323 784 426 826 erat,
449 777 628 833 scripsit,
652 785 715 827 ut,
745 777 778 818 si
808 776 1023 818 videretur
1053 777 1105 825 ei,
1138 776 1367 818 exercitum
1398 792 1450 818 ex
1483 777 1584 818 Gal-

156 832 212 874 lia
246 833 484 874 traduceret
520 835 563 874 in
604 833 795 890 Ligures,
827 842 869 874 et
906 834 956 874 L.
989 833 1210 874 AEmilium
1245 833 1440 875 liberaret
1474 833 1584 875 obsi-

156 889 291 930 dione.
354 891 460 931 Haec
482 906 572 932 sera
590 891 738 932 futura
757 890 914 932 auxilia
935 898 1064 931 erant.
1126 890 1307 946 Ligures
1327 899 1495 947 postero
1515 891 1583 932 die

154 947 208 987 ad
239 954 374 989 castra
403 947 592 989 redeunt.
654 948 867 996 AEmilius,
899 963 1031 1003 quum
1064 956 1105 989 et
1133 955 1332 988 venturos
1364 947 1517 999 scisset,
1540 957 1582 989 et

154 1003 331 1045 educere
357 1004 400 1044 in
430 1006 559 1045 aciem
589 1006 810 1061 potuisset,
832 1005 943 1045 intra
971 1004 1127 1045 vallum
1151 1020 1247 1045 suos
1269 1005 1419 1054 tenuit,
1442 1013 1490 1046 ut
1512 1021 1583 1046 ex-

155 1060 339 1103 traheret
360 1077 447 1102 rem
468 1061 509 1102 in
531 1062 574 1103 id
595 1070 775 1118 tempus,
798 1077 883 1117 quo
906 1061 1076 1102 Baebius
1106 1075 1201 1102 cum
1234 1061 1419 1102 exercitu
1441 1063 1581 1103 venire

155 1132 180 1158 a
202 1117 309 1159 Pisis
330 1126 481 1174 posset.

215 1175 392 1215 XXVI.
426 1176 574 1216 Romae
608 1190 802 1231 magnam
838 1174 1159 1231 trepidationem
1192 1175 1325 1216 literae
1357 1175 1491 1216 Baebii
1522 1176 1581 1217 fe·
1595 1176 1714 1216 Magna
1729 1176 1793 1223 ,RO-

157 1239 325 1272 cerunt:
359 1247 408 1272 eo
428 1233 643 1288 majorem,
665 1232 781 1287 quod
801 1247 956 1288 paucos
986 1241 1081 1288 post
1112 1232 1200 1273 dies
1232 1232 1476 1281 Marcellus,
1498 1242 1581 1275 tra·
1594 1228 1651 1291 ἓξ
1662 1220 1795 1261 trep1da-

154 1289 245 1330 dito
272 1288 459 1330 exercitu
492 1289 639 1339 Fabio,
663 1290 843 1330 Romam
873 1304 1007 1344 quum
1038 1290 1231 1339 venisset,
1262 1304 1376 1345 spem
1407 1290 1578 1340 ademit,
1639 1285 1646 1292 ⁸

154 1361 266 1395 eum,
303 1346 378 1401 qui
418 1345 461 1386 in
503 1346 644 1386 Gallia
683 1354 804 1395 esset,
841 1346 1071 1387 exercitum
1112 1345 1153 1386 in
1194 1346 1375 1402 Ligures
1415 1347 1580 1388 traduci

155 1417 290 1458 posse,
312 1402 411 1457 quia
431 1402 587 1443 bellum
619 1419 716 1444 cum
749 1403 871 1444 Istris
892 1410 1013 1452 esset,
1036 1403 1356 1459 prohibentibus
1377 1404 1578 1445 coloniam

156 1458 399 1514 Aquileiam
435 1459 599 1500 deduci.
631 1475 679 1501 eo
714 1460 950 1516 profectum
984 1460 1180 1509 Fabium,
1217 1475 1352 1516 neque
1388 1460 1484 1501 inde
1519 1477 1581 1502 re-

155 1515 289 1572 gredi,
330 1516 440 1557 bello
478 1516 686 1566 inchoato,
728 1532 858 1573 posse.
940 1518 1053 1567 Una,
1097 1525 1137 1558 et
1179 1533 1227 1558 ea
1266 1517 1357 1573 ipsa
1405 1518 1578 1567 tardior,

155 1588 282 1629 quam
324 1580 490 1628 tempus
529 1574 784 1629 postulabat,
827 1573 1003 1615 subsidii
1043 1589 1135 1630 spes
1175 1582 1278 1624 erat,
1320 1573 1353 1614 si
1393 1575 1581 1616 consules

156 1637 434 1671 maturassent
464 1630 505 1671 in
535 1630 788 1686 provinciam
821 1630 894 1672 ire.
925 1630 968 1671 id
997 1639 1045 1672 ut
1072 1631 1270 1680 facerent,
1292 1646 1370 1687 pro
1398 1647 1439 1672 se
1468 1632 1581 1687 quis-

156 1702 240 1742 que
276 1688 453 1728 Patrum
492 1687 722 1728 vociferari.
799 1688 1014 1737 Consules,
1052 1688 1130 1728 nisi
1169 1688 1358 1729 confecto
1398 1688 1578 1737 delectu,

156 1758 307 1800 negare
340 1759 382 1784 se
416 1744 564 1794 ituros,
598 1759 672 1785 nec
708 1760 825 1785 suam
861 1745 1092 1800 segnitiem,
1127 1745 1199 1786 sed
1234 1745 1317 1785 vim
1354 1745 1502 1793 morbi,
1538 1745 1579 1786 in

155 1815 300 1842 caussa
334 1816 435 1850 esse,
468 1800 594 1857 8‘¹quo
630 1801 759 1842 serius
795 1802 1094 1858 perficereturf.
1142 1817 1224 1843 non
1260 1810 1398 1844 tamen
1434 1810 1580 1858 potue-

154 1867 254 1900 runt
304 1857 507 1899 sustinere
558 1874 800 1899 consensum
858 1871 1039 1909 senatus,
1090 1860 1193 1915 quin
1245 1858 1437 1915 paludati
1493 1860 1580 1900 exi-

155 1922 262 1964 rent,
299 1923 340 1955 et
375 1915 594 1965 militibus,
631 1931 737 1970 quos
773 1915 1026 1971 conscriptos
1056 1916 1273 1965 haberent,
1306 1915 1416 1956 diem
1447 1916 1580 1957 edice-

155 1979 262 2021 rent,
299 1987 385 2026 quo
422 1972 540 2012 Pisas
575 1972 855 2013 convenirent.
901 1972 1203 2028 ⁸⁵pcrmissum,
1240 1980 1303 2022 ut,
1340 1987 1426 2028 qua
1454 1972 1577 2022 irent,

154 2026 385 2084 86protinus
416 2028 639 2070 subitarios
667 2028 820 2070 milites
845 2029 1084 2077 scriberent,
1108 2029 1393 2085 ducerentque
1425 2045 1575 2070 secum.

366 2145 381 2163 e
397 2141 470 2172 add.
484 2153 576 2172 unum
593 2143 690 2174 Gron.
707 2142 799 2173 Crev.
973 2144 989 2167 f
1000 2143 1253 2184 prrficiscerenlur
1269 2141 1365 2174 Gron.

198 2258 238 2289 82
265 2257 369 2288 Totum
392 2269 485 2288 unum
508 2258 599 2299 diem]
632 2259 714 2290 Dele
737 2269 843 2291 vocem

154 2311 260 2337 mmm,
297 2311 391 2341 quam
426 2301 548 2341 ignorat
584 2311 663 2332 unus
698 2313 714 2333 e
748 2304 843 2334 MSS.

158 2342 302 2373 Hearnii.
318 2345 347 2374 V
351 2344 402 2374 iet.
417 2354 539 2385 quoque
554 2343 650 2375 codex
666 2351 725 2375 tota
740 2348 798 2377 die.

200 2386 240 2416 83
273 2387 320 2417 Ad
368 2387 422 2417 Gn.
454 2387 588 2417 Rhium
630 2389 841 2430 proconsulem]

157 2427 336 2459 Certissima
372 2429 490 2471 Sigonii
527 2429 714 2466 emendatio,
749 2441 843 2472 quam

155 2469 239 2500 clare
259 2473 390 2512 probant
414 2483 462 2507 ea,
486 2483 555 2514 quae
580 2479 749 2504 memorata
773 2479 844 2504 sunt

889 2259 1037 2300 aptiorem
1066 2266 1096 2291 et
1125 2259 1357 2298 elegantiorem.
1410 2260 1478 2290 Nec
1508 2270 1578 2290 vero

888 2302 1055 2343 legendum
1099 2303 1319 2334 crediderimus
1359 2313 1429 2332 cum
1469 2301 1578 2333 eodem

889 2345 1045 2376 Gronovio
1081 2348 1155 2386 quod
1192 2348 1292 2376 serius.
1352 2344 1441 2375 Nihil
1477 2350 1577 2375 muta-

888 2387 969 2418 tione
1000 2399 1077 2430 opus
1108 2394 1164 2419 est.
1223 2389 1287 2418 Vim
1313 2389 1402 2418 morbi
1432 2390 1461 2418 in
1490 2400 1579 2419 causa

887 2441 951 2465 esse,
978 2442 1033 2470 quo
1059 2434 1162 2466 serius,
1191 2430 1223 2460 id
1252 2436 1309 2467 est,
1339 2441 1392 2461 cur
1418 2441 1454 2461 eo
1482 2431 1578 2461 serius

884 2475 1077 2514 perficeretur
1092 2474 1242 2509 delectus,
1256 2484 1350 2515 quam
1364 2472 1500 2514 alioquin
1514 2473 1577 2504 fieri

156 2521 248 2554 supra
263 2524 292 2543 c.
312 2515 357 2545 19.
375 2515 413 2545 de
431 2516 492 2546 Cn.
509 2515 629 2546 ssaebio.
672 2517 777 2558 Vulgo
799 2517 843 2547 le-

156 2556 287 2595 gebatur
311 2558 349 2586 ad
378 2557 423 2588 M.
448 2558 582 2588 Baebium
610 2561 764 2595 consulem,
790 2559 843 2600 qui

157 2608 266 2628 revera
287 2599 394 2629 consul
415 2606 461 2631 est
482 2601 540 2632 hoc
562 2612 654 2637 anno,
671 2602 726 2633 sed
749 2601 843 2633 etiam

156 2645 223 2670 tum
239 2641 350 2671 Romae
366 2647 441 2678 erat,
456 2649 491 2674 ut
505 2650 624 2675 constat
639 2655 677 2676 ex
693 2655 720 2676 c.
735 2655 800 2686 seq.

199 2684 241 2714 84
266 2684 331 2718 Quo
356 2686 447 2715 serius
479 2687 682 2728 perficeretur]
724 2689 844 2719 Grono-

155 2723 256 2760 vianae
296 2725 446 2758 editiones
481 2728 596 2761 habent
628 2731 844 2772 prfflcisceren·

155 2773 216 2798 tur.
262 2768 470 2800 Vetustiorem
503 2771 667 2804 lectionem
695 2774 845 2816 expressi-

155 2820 236 2847 mus,
268 2821 287 2841 a
316 2811 440 2852 Sigonio
474 2823 596 2855 quoque
631 2820 775 2846 testatam
813 2817 845 2846 in

159 2858 221 2884 not.
259 2853 297 2884 ad
344 2865 371 2885 c.
408 2855 544 2897 proxime
587 2858 775 2898 praecedens,
812 2865 845 2889 ut

887 2516 1044 2558 potuisset.

930 2561 971 2591 85
995 2559 1183 2595 Permissum,
1220 2560 1270 2600 ut]
1319 2559 1437 2589 Omnes
1473 2557 1577 2599 scripti

888 2607 918 2633 et
954 2600 1045 2644 prisci
1081 2602 1155 2633 editi
1184 2602 1329 2633 omittunt
1362 2600 1398 2630 τῦ
1424 2607 1468 2635 ut,
1499 2605 1576 2630 teste

889 2645 1063 2676 Gronovio:
1098 2656 1155 2676 nec
1182 2644 1260 2675 illud
1291 2648 1391 2674 exstat
1415 2642 1447 2672 in
1471 2642 1576 2673 codiee

888 2689 1166 2770 Vlgg*Pr0tinus]
1202 2730 1287 2759 Inter
1310 2727 1456 2758 eundum.
1502 2726 1576 2756 Sub-

889 2775 989 2804 itarios
1022 2774 1126 2803 milites
1163 2772 1379 2811 interpretatur
1418 2768 1484 2809 ipse
1522 2769 1575 2798 Li-
1630 2800 1637 2804 ‚

890 2816 957 2846 vius
992 2816 1058 2845 III.
1096 2815 1126 2844 4.
1161 2815 1311 2852 repentina
1349 2811 1471 2842 auxilia.
1515 2812 1575 2841 Eo—

891 2858 961 2889 dem
990 2858 1051 2888 sere
1082 2856 1171 2887 modo
1199 2855 1379 2896 exponimus
1413 2854 1576 2884 tumultua-
