1947 3222
154 266 196 338 ἕως

209 266 247 340 φφ

260 266 335 340 ἕξ

158 2075 350 2107 Rhodiorum

157 2119 268 2150 luctus.

162 2418 245 2450 Dein
262 2418 318 2450 ira.

366 146 441 181 253
863 113 1013 176 ¹'r1T1
1058 137 1234 175 LlV11

366 250 503 293 tribus
523 244 893 305 quinqueremibus
913 246 1190 288 circumsistit.
1252 243 1381 285 Navis
1410 238 1553 285 rostris
1576 243 1659 284 icta
1679 243 1775 284 sub-

325 306 585 363 ·primitur:
627 305 720 346 telis
757 304 997 345 obruuntur
1035 309 1390 365 propugnatores:
1438 302 1547 342 inter
1586 315 1692 356 quos
1732 308 1773 341 et

368 363 652 404 Pausistratus
672 361 834 416 inpigre
854 374 1045 416 pugnans
1071 358 1331 399 interficitur.
1393 357 1575 398 Navium
1596 355 1775 412 reliqua-

366 435 461 461 rum
481 427 576 460 ante
595 427 765 474 portum
787 416 893 465 aliae,
914 415 1006 456 aliae
1027 414 1068 455 in
1089 422 1215 470 portu
1236 414 1516 471 deprehensae,
1535 413 1730 469 quaedam
1750 428 1776 453 a

367 476 594 525 Nicandro,
614 474 756 515 38dum
785 471 1015 512 moliuntur
1035 486 1060 511 a
1080 480 1204 519 terra,
1226 479 1371 526 captae.
1404 471 1589 526 quinque
1610 478 1775 511 tantum

370 532 548 574 Rhodiae
577 546 701 572 naves
722 543 817 569 cum
838 528 1003 568 duabus
1026 528 1122 568 Co‘l's
1143 527 1395 582 effugerunt,
1418 536 1573 568 terrore
1597 526 1775 567 flammae

366 589 554 630 micantis
574 589 643 628 via
672 585 748 626 sibi
778 585 887 624 inter
916 583 1122 624 confertas
1152 598 1276 623 naves
1305 578 1426 624 facta.
1456 583 1490 608 5⁹
1504 584 1636 625 contis
1666 583 1776 624 enim

365 647 474 687 binis
495 661 519 685 a
539 658 664 700 prora
691 640 1024 698 prominentibus
1053 639 1190 680 trullis
1221 639 1363 680 ferreis
1392 640 1573 681 multum
1604 654 1775 695 concep-

366 711 459 745 tum
487 702 626 757 ignem
656 714 743 755 prae
774 713 816 738 se
850 697 1086 753 portabant.
1147 696 1385 752 Erythraeae
1418 697 1619 747 triremes,
1642 711 1775 753 quum

365 757 480 799 haud
501 757 648 814 procul
668 771 692 796 a
715 756 837 795 Samo
863 752 1038 793 Rhodiis
1057 752 1248 802 navibus,
1270 753 1426 807 quibus
1447 761 1495 795 ut
1516 762 1649 794 essent
1670 767 1777 809 prae-

365 814 484 864 sidio,
515 813 749 860 veniebant,
780 810 915 851 obviae
945 809 1205 865 fugientibus
1234 809 1424 859 fuissent,
1455 809 1498 850 in
1528 810 1777 866 Hellespon-

364 879 457 913 tum
489 870 543 912 ad
578 871 790 910 Romanos
824 881 993 908 cursum
1027 874 1280 907 averterunt.
1344 866 1432 907 Sub
1466 865 1577 907 idem
1611 875 1777 922 tempus

367 927 565 969 Seleucus
584 926 794 983 proditam
812 924 1047 973 Phocaeam,
1060 931 1184 979 porta
1203 938 1288 963 una
1306 938 1381 978 per
1401 923 1594 964 custodes
1615 931 1774 978 aperta,

364 984 546 1040 recepit;
579 992 621 1024 et
643 984 775 1039 Cyme
805 980 981 1036 aliaeque
1002 979 1190 1037 ejusdem
1209 995 1293 1020 orae
1314 980 1438 1021 urbes
1459 979 1513 1020 ad
1542 994 1639 1020 eum
1660 988 1776 1021 metu

367 1041 622 1082 defecerunt.

423 1098 538 1138 XII.
571 1098 690 1138 Dum
717 1095 807 1136 haec
836 1095 879 1135 in
900 1094 1070 1136 AEolide
1099 1102 1319 1151 geruntur,
1343 1094 1526 1150 Abydus
1546 1108 1680 1150 quum
1703 1108 1778 1150 per

365 1154 526 1210 aliquot
559 1153 646 1194 dies
681 1152 938 1193 obsidionem
972 1151 1201 1201 tolerasset,
1231 1151 1427 1207 praesidio
1461 1151 1578 1206 regio
1612 1158 1778 1192 tutante

365 1211 530 1259 moenia,
547 1211 637 1266 jam
657 1209 850 1249 omnibus
876 1207 1007 1258 fessis,
1030 1208 1199 1249 Philota
1218 1223 1388 1264 quoque
1417 1208 1616 1263 praefecto
1636 1207 1781 1263 praesi-

350 1267 426 1308 ·dii
449 1267 731 1323 permittente,
752 1265 1023 1319 magistratus
1053 1280 1197 1306 eorum
1226 1280 1322 1305 cum
1344 1264 1469 1305 Livio
1493 1264 1545 1305 de
1575 1263 1779 1305 conditio-

367 1324 490 1365 nibus
510 1322 726 1365 tradendae
747 1321 863 1363 urbis
882 1321 1073 1377 agebant.
1105 1336 1192 1362 rem
1222 1320 1461 1370 distinebat,
1483 1321 1612 1376 quod,
1636 1329 1779 1362 utrum

367 1380 529 1431 armati,
550 1395 602 1421 an
632 1379 821 1428 inermes,
850 1379 1140 1420 emitterentur
1168 1378 1286 1434 regii,
1315 1393 1465 1433 parum
1495 1377 1779 1418 conveniebat.

369 1439 475 1478 Haee
495 1436 716 1493 agentibus
736 1449 871 1491 quum
899 1435 1187 1476 intervenisset
1216 1435 1394 1475 nuncius
1415 1434 1678 1474 Rhodiorum
1700 1433 1781 1474 cla„

369 1494 446 1543 dis,
478 1495 626 1535 emissa
659 1493 711 1533 de
745 1492 938 1532 manibus
971 1507 1036 1532 res
1067 1500 1141 1532 est.
1173 1499 1362 1532 metuens
1397 1491 1506 1532 enim
1537 1489 1700 1540 Livius,
1729 1505 1780 1531 ne

370 1566 559 1592 successu
590 1557 718 1592 tantae
749 1549 807 1589 rei
838 1548 971 1590 elatus
994 1548 1274 1604 Polyxenidas
1303 1547 1488 1598 classem,
1510 1562 1607 1603 quae
1627 1546 1681 1587 ad
1704 1548 1782 1588 Ca-

369 1623 442 1649 nas
472 1616 574 1658 erat,
596 1606 864 1663 obprimeret,
897 1605 1041 1660 Abydi
1071 1605 1285 1646 obsidione
1314 1605 1589 1660 custodiaque
1620 1603 1782 1644 Helles-

369 1664 487 1720 ponti
516 1663 728 1720 extemplo
761 1661 919 1712 relicta,
947 1677 1087 1712 naves,
1116 1678 1212 1718 quae
1243 1661 1462 1703 subductae
1495 1660 1619 1702 Canis
1648 1668 1781 1710 erant,

369 1721 560 1762 deduxit.
621 1721 680 1761 Et
709 1720 920 1760 Eumenes
940 1718 1101 1759 Elaeam
1131 1719 1258 1759 venit.
1320 1718 1470 1759 Livius
1498 1717 1609 1758 omni
1639 1717 1781 1766 classe,

369 1778 437 1819 cui
468 1777 718 1834 adjunxerat
748 1775 936 1817 triremes
965 1774 1070 1816 duas
1102 1774 1386 1830 Mitylenaeas,
1411 1775 1631 1815 Phocaeam
1661 1774 1779 1831 petit.

370 1849 495 1890 quam
518 1849 653 1890 quum
683 1831 812 1874 teneri
833 1832 972 1873 valido
1001 1831 1116 1888 regio
1145 1831 1340 1888 praesidio
1364 1831 1563 1879 audisset,
1585 1845 1659 1871 nec
1688 1845 1783 1886 pro-

370 1890 438 1931 cul
475 1890 634 1931 Seleuci
669 1897 804 1931 castra
837 1904 948 1936 esse3
982 1888 1263 1945 depopulatus
1297 1887 1546 1929 maritimam
1580 1902 1709 1935 oram,
1741 1895 1783 1928 et

369 1947 514 2003 praeda
532 1947 710 1987 maxime
740 1945 956 1986 hominum
991 1945 1144 2001 raptim
1174 1945 1215 1986 in
1245 1960 1371 1986 naves
1400 1945 1594 2000 inposita,
1616 1952 1783 1986 tantum

370 2012 569 2053 moratus,
600 2003 703 2045 dum
734 2003 945 2043 Eumenes
975 2017 1071 2042 cum
1105 2002 1232 2043 classe
1267 2002 1581 2057 adsequeretur,
1613 2002 1784 2042 Samum

370 2069 510 2117 petere
539 2060 730 2102 intendit.
796 2058 971 2100 Rhodjis
1002 2059 1137 2115 primo
1167 2059 1312 2100 audita
1341 2058 1478 2099 clades
1508 2057 1631 2099 simul
1660 2073 1785 2114 pavo-

370 2132 472 2167 rem,
495 2117 618 2159 simul
648 2117 809 2157 luctum
831 2115 1042 2172 ingentem
1062 2116 1173 2157 fecit.
1204 2131 1315 2166 nam,
1336 2124 1490 2172 praeter
1519 2115 1688 2155 navium
1709 2114 1784 2154 mi-

371 2173 580 2230 litumque
605 2174 830 2230 jacturam,
859 2173 974 2228 quod
1004 2172 1129 2223 floris,
1153 2172 1268 2228 quod
1298 2173 1458 2213 roboris
1487 2172 1529 2212 in
1559 2172 1783 2227 juventute

371 2230 524 2280 fuerat,
560 2231 807 2278 amiserant3
849 2229 882 2253 ⁴⁰
894 2229 1037 2270 multis
1072 2230 1282 2271 nobilibus
1317 2229 1469 2270 secutis
1508 2228 1614 2269 inter
1648 2235 1785 2268 cetera

372 2287 662 2328 auctoritatem
700 2287 965 2336 Pausistrati,
1002 2302 1097 2342 quae
1137 2287 1244 2328 inter
1282 2302 1378 2327 suos
1416 2285 1564 2326 merito
1604 2283 1785 2324 maxima

373 2352 473 2385 erat.
510 2343 675 2393 deinde,
706 2343 822 2399 quod
856 2343 1005 2384 fraude
1040 2343 1165 2399 capti,
1197 2342 1313 2399 quod
1347 2358 1372 2383 a
1402 2342 1490 2382 cive
1521 2341 1785 2397 potissimum

374 2415 450 2441 suo
480 2400 630 2450 forent,
653 2400 695 2441 in
725 2401 828 2440 iram
860 2400 999 2441 luctus
1019 2400 1157 2442 vertit.
1218 2400 1374 2440 Decem
1404 2397 1614 2453 extemplo
1644 2412 1784 2447 naves,

373 2465 414 2499 et
435 2456 582 2499 diebus
612 2465 707 2514 post
737 2456 882 2513 paucis
909 2457 1051 2498 decem
1081 2457 1197 2507 alias,
1218 2455 1417 2512 praefccto
1436 2454 1620 2496 omnium
1643 2453 1787 2495 Euda-

416 2624 578 2656 38'Dum
603 2624 767 2653 moliuntur
794 2635 813 2652 α
839 2623 932 2663 terra]
970 2623 1056 2654 Dum
1102 2622 1200 2654 trullis
1225 2621 1289 2653 sive
1316 2620 1396 2652 vasis
1424 2620 1537 2655 ferreis,
1563 2631 1632 2669 quae
1661 2621 1785 2662 quidem

375 2678 393 2699 a
408 2676 488 2699 terra
501 2677 567 2698 esse
590 2664 621 2696 in
636 2666 732 2695 altum
756 2675 931 2706 promovere
955 2665 1056 2696 nitun-
1101 2666 1202 2696 trullae
1225 2664 1477 2695 sustentabantur
1500 2671 1608 2701 contis,
1631 2665 1695 2696 sive
1717 2675 1785 2706 per-

375 2717 434 2741 tur.
480 2710 519 2740 In
541 2719 572 2740 re
593 2708 684 2739 simili
701 2708 769 2739 Cic.
785 2708 816 2738 in
833 2709 920 2738 Verr.
935 2708 956 2737 l.
973 2708 1012 2738 V.
1028 2719 1059 2738 n.
1103 2708 1170 2739 ticis
1184 2707 1265 2737 binis
1279 2718 1296 2737 a
1312 2717 1399 2749 prora
1415 2707 1666 2748 prominentibus.

376 2755 428 2783 88.
454 2759 557 2783 ceteroe
579 2762 663 2782 naves
686 2762 736 2781 sno
764 2753 792 2781 in
822 2752 879 2781 loco
904 2752 1058 2781 molieban-
1145 2750 1332 2781 40⁸Muleis
1362 2751 1499 2780 nobilibus
1525 2751 1643 2791 seculis]
1680 2751 1786 2786 Quum

376 2803 437 2825 tur.
1104 2793 1192 2823 multi
1207 2792 1325 2823 nobiles
1340 2792 1419 2823 hanc
1439 2793 1569 2823 classem
1592 2792 1786 2823 conscendis·

418 2838 598 2868 39'Contis
631 2837 723 2884 enim]
770 2835 941 2867 portabant
978 2835 1060 2865 enim
1104 2842 1181 2871 sent.
1211 2840 1277 2866 tum
1305 2836 1344 2866 ob
1374 2842 1488 2873 cetera,
1516 2842 1580 2867 tum
1607 2837 1646 2867 ob
1672 2835 1785 2866 famam

378 2881 438 2911 ina>
453 2890 546 2912 naves
562 2880 692 2911 multum
715 2890 817 2921 ignem
841 2889 1005 2910 accensum
1030 2878 1060 2908 in
1107 2878 1301 2910 Pausistrati.

1923 952 1937 1081 1153:
