1947 3222
540 122 664 160 LIB.
692 119 861 158 XXXV.
901 121 1028 158 CAP.
1059 122 1189 159 XLVI
1200 123 1227 159 Ι.
1510 130 1584 170 229

169 230 357 282 suadere,
379 238 436 282 ut,
457 233 570 272 salva
602 230 872 271 Romanorum
903 230 1099 278 amicitia,
1122 244 1255 283 regem
1286 246 1436 286 quoque
1465 235 1582 275 adsu-
1596 246 1637 277 U.
1647 245 1686 278 C.
1699 247 1773 277 560.

171 295 320 328 merent
339 290 482 329 socium
503 295 622 340 atque
641 287 819 327 amicum.
861 286 1001 352 Neque
1021 288 1125 327 enim
1145 301 1229 326 eum
1250 288 1452 352 irgferendi
1471 291 1579 342 belli,
1595 289 1635 322 Α·
1648 289 1686 321 C·
1700 290 1771 321 ¹92·

168 345 239 384 sed
257 346 477 385 liberandae
500 344 684 392 Graecz'oe,
707 358 845 384 caussa
868 345 910 384 in
933 346 1140 397 Europam
1169 343 1394 397 t7·ajecz'‚·sse
1427 354 1465 387 et
1484 349 1579 389 libe:

171 403 314 442 mudae
342 406 410 449 r‘e,
433 416 509 441 ozon
541 401 670 441 verbis
690 407 728 441 et
756 402 1024 448 szmulatione‚
1047 402 1153 454 quod
1163 401 1364 455 fecissent
1384 404 1577 447 Romani.

169 457 294 498 Nzlzil
321 465 450 499 autem
481 459 621 499 uti'lzus
651 459 821 498 Gzaecice
849 459 1080 499 civitatibus
1109 472 1201 506 esse,
1225 472 1340 512 quam
1371 466 1580 515 utramque

167 516 372 579 complecti
384 516 617 556 amicitiam.
652 517 713 556 ita
735 516 838 555 enim
861 515 910 556 ab
930 517 1135 568 utriusque
1154 513 1309 569 ἱφῄῑινῑα
1329 522 1456 557 tutam
1477 520 1578 559 alte-

167 572 250 611 rius
269 586 422 625 semper
436 574 634 625 praesidio
654 579 694 613 et
703 574 867 624 fiducia
882 573 993 627 forme
1055 572 1164 613 Nam
1185 573 1223 613 si
1242 587 1321 613 non
1340 575 1579 627 recepissent

166 642 314 682 regem,
337 630 531 678 viderent,
550 631 650 684 quid
662 631 899 682 patiendum
922 631 974 671 iis
994 631 1329 683 extemploforet:
1359 645 1475 684 quum
1491 632 1579 675 Ro-

165 699 367 726 manorum
391 689 538 739 procul
556 689 767 736 auritium,
789 687 913 728 lzostis
934 687 1162 735 Antiochus,
1186 687 1250 727 cui
1279 689 1461 730 resistere
1480 691 1580 731 viri-

163 741 234 782 bus
252 744 334 784 suis
355 758 436 783 non
450 751 627 798 possent,
650 750 746 784 ante
758 750 903 797 portas
923 750 1032 785 esset.
1079 743 1151 785 Ad
1171 743 1260 785 haec
1281 743 1446 796 Mictio,
1469 761 1578 788 unus

163 814 214 839 ex
244 801 520 857 principibus,
549 802 711 842 Μίνανὶ
738 816 791 849 se,
818 801 941 852 dixit,
970 802 1025 841 ad
1053 815 1148 854 quos
1177 801 1404 843 liberandos
1434 803 1578 844 Antio-

161 857 268 906 clius,
290 859 430 898 relicto
451 873 573 912 regno
591 872 675 907 suo,
699 860 742 898 in
762 859 970 911 Europam
991 857 1224 912 trajecisset.
1281 859 1449 899 Nullam
1470 862 1579 902 enim

161 914 365 954 civitatem
385 930 427 955 se
447 917 491 955 iu
516 915 692 956 Graeciae
715 930 839 964 nosse,
862 929 950 968 quae
969 922 1041 955 aut
1060 916 1300 968 praesidium
1321 916 1482 968 habeat,
1505 925 1577 959 aut

160 972 403 1023 stipendium
426 973 623 1013 Romanis
635 974 805 1025 pendat,
829 978 901 1011 aut
905 972 1066 1025 foedere
1087 973 1226 1026 iniquo
1249 974 1452 1027 adligata,
1477 989 1576 1028 quas

161 1029 279 1079 nolit,
301 1030 405 1083 leges
418 1030 621 1082 patiatur.
662 1030 808 1082 Itaque
833 1029 1111 1070 Chalcidenses
1130 1043 1253 1082 neque
1273 1031 1431 1070 vindice
1450 1032 1571 1072 liber-

160 1087 260 1126 tatis
274 1087 356 1126 ullo
376 1090 526 1140 eget-eu,
545 1101 659 1140 quum
680 1086 801 1126 liberi
819 1086 914 1134 sint,
934 1100 1057 1139 neque
1071 1086 1283 1138 praesidio,
1302 1101 1417 1140 quum
1431 1102 1574 1141 pacem

161 1142 330 1196 ejusdem
344 1145 490 1196 populi
512 1143 688 1184 Romani
707 1143 890 1196 beneficio
910 1149 949 1183 et
969 1143 1192 1183 libertatem
1212 1143 1401 1184 habeant.
1461 1148 1574 1186 Ami—

158 1201 297 1240 citiam
327 1202 434 1255 regis
464 1215 543 1240 non
572 1201 830 1253 adspernari,
853 1214 978 1254 neque
1008 1201 1182 1252 ipsorum
1215 1200 1457 1242 AEtolorum.
1488 1202 1576 1244 ⁵³id

150 1258 329 1309 primum
349 1272 413 1298 eos
435 1273 515 1311 pro
538 1258 676 1298 amicis
687 1257 896 1311 facturos,
917 1258 954 1298 si
975 1257 1107 1297 insula
1137 1259 1343 1307 excedant,
1366 1266 1485 1313 atque
1504 1261 1573 1301 ab·

157 1321 267 1356 eant.
299 1329 390 1355 uam
423 1316 522 1368 ipsis
541 1321 687 1355 certum
718 1329 810 1363 esse,
833 1328 913 1354 uon
933 1316 1045 1354 modo
1065 1329 1144 1355 non
1165 1316 1344 1368 recipere
1363 1317 1571 1370 maenibus,

155 1372 227 1412 sed
245 1386 294 1412 ne
313 1373 537 1413 societatem
559 1373 715 1426 quidem
735 1373 857 1412 ullam
871 1373 1043 1426 pacisci,
1060 1372 1140 1413 nisi
1161 1386 1209 1412 ex
1224 1374 1467 1414 auctoritate
1491 1375 1570 1416 Ro-

157 1443 377 1469 manorum.

214 1486 411 1527 XLVII.
444 1488 550 1528 Haec
580 1487 822 1528 renunciata
856 1503 943 1543 legl
979 1486 1033 1529 ad
1067 1502 1208 1538 naves,
1239 1487 1312 1528 ubi
1342 1488 1566 1553 restiterat,

156 1558 289 1598 quum
317 1552 476 1591 essent3
510 1544 552 1584 in
572 1543 793 1600 praesentia
822 1544 976 1599 (neque
1005 1544 1114 1585 enim
1143 1544 1194 1586 iis
1222 1553 1391 1585 venerat
1422 1545 1566 1601 copiis,

153 1607 203 1640 ut
223 1600 265 1640 vi
286 1615 408 1663 agere
432 1600 667 1656 quidquam
696 1602 855 1657 posset)
876 1601 1029 1642 reverti
1051 1600 1363 1641 Demetriadem
1393 1600 1564 1657 placuit.

153 1656 228 1706 ibi,
251 1672 447 1712 quonlam
476 1658 661 1714 primum
689 1672 844 1698 vanum
870 1657 1109 1713 inceptumx
1129 1656 1338 1707 evasisset,
1360 1657 1567 1699 consulta-

153 1728 198 1754 re
219 1728 315 1754 cum
336 1712 493 1755 AEtolis
521 1729 611 1765 rex,
634 1714 738 1769 quid
770 1713 919 1754 deinde
949 1714 1078 1755 fieret.
1138 1713 1361 1764 ⁵⁴¹Placuit,
1383 1714 1565 1756 Achaeos

152 1777 194 1811 et
224 1770 565 1826 Amynandrum,
586 1786 726 1825 regem
757 1771 1061 1836 Athamanum,
1084 1778 1256 1812 tentare.
1318 1772 1564 1813 Boeotorum

146 1835 314 1882 gentem
330 1843 515 1869 aversam
537 1828 590 1868 ab
608 1827 808 1868 Romanis
832 1828 922 1883 jam
943 1827 1040 1869 inde
1060 1843 1085 1869 a
1099 1827 1133 1851 ⁵⁵
1144 1827 1382 1883 Brachyllae
1412 1837 1562 1879 morte,

150 1891 191 1925 et
222 1899 318 1939 quae
349 1893 490 1925 secuta
519 1899 605 1925 eam
638 1884 820 1935 fuerant,
841 1884 1074 1926 censebant.
1135 1884 1391 1925 Achaeorum
1422 1884 1564 1926 Philo-

148 1955 379 1995 poemenem
409 1941 655 1997 principem,
676 1941 940 1982 aemulatione
969 1940 1143 1997 gloriae'
1133 1957 1175 1982 ln
1196 1941 1306 1982 bello
1329 1941 1561 1992 Laconum,

147 1997 346 2038 infestum
381 1997 646 2053 invlsumque
680 2013 766 2039 esse
808 1998 1005 2048 Quinctio
1036 1998 1272 2039 ciedebant.
1349 1999 1562 2053 Amynan-

148 2053 223 2094 der
251 2069 426 2095 uxorem
447 2055 688 2120 Apamiam,
708 2054 836 2095 filiam
865 2054 1099 2096 Alexandri
1131 2053 1349 2110 cujusdam
1372 2055 1561 2110 lVIegalo-

146 2110 336 2166 politani,
368 2111 572 2152 habebat:
617 2112 706 2167 qui,
739 2127 780 2152 se
809 2111 1033 2152 oriundum
1064 2127 1088 2152 a
1121 2112 1282 2166 Magno
1315 2110 1560 2153 Alexandro

146 2167 297 2217 ferens,
318 2167 413 2208 filiis
443 2167 609 2209 duobus
632 2167 876 2224 Philippum
905 2176 1032 2223 atque
1062 2167 1370 2234 Alexandrum,
1392 2175 1433 2209 et
1462 2167 1560 2209 filiae

146 2224 372 2280 Apamiam
393 2225 560 2266 nomina
578 2225 844 2281 inposuerzat
877 2240 1020 2281 quam,
1035 2224 1160 2280 regiis
1180 2224 1363 2266 inclitam
1384 2225 1557 2280 nuptiis,

143 2281 277 2337 major
306 2296 358 2322 ex
393 2281 595 2322 fratribus
630 2281 854 2346 Philippus
886 2289 1053 2322 secutus
1087 2297 1130 2322 ln
1165 2281 1463 2323 Athamaniam
1491 2281 1558 2323 fu-

146 2346 246 2379 erat.
298 2338 441 2389 Hunc,
458 2338 589 2380 forte
578 2338 745 2394 mgenio
758 2353 928 2389 vanum,
943 2338 1077 2380 AEtoli
1090 2346 1132 2380 et
1146 2338 1383 2379 Antiochus
1396 2337 1557 2401 inpule-

146 2402 239 2435 rant
258 2393 301 2435 in
325 2410 455 2451 spem,
476 2394 664 2451 ⁵⁶·qu0d
652 2409 687 2436 is
707 2410 803 2435 vere
831 2410 980 2451 regum
1010 2394 1151 2451 stirpis
1180 2402 1300 2445 esset,
1321 2410 1439 2450 regnl
1462 2395 1555 2436 Ma-

189 2484 200 2504 ²
214 2488 373 2561 trnj‘igiss?
395 2488 552 2518 liberandoe
567 2499 630 2518 vero
644 2498 676 2518 re
691 2487 788 2519 Gron.
804 2488 892 2520 Crev.
1033 2491 1048 2508 ¹¹
1060 2488 1191 2529 indigere
1207 2487 1296 2520 Eaed.
1431 2498 1449 2517 x
1465 2489 1552 2518 inane

143 2532 265 2566 coeptum
305 2539 329 2559 ae

190 2605 456 2645 53*Idpt1'mum
483 2609 542 2650 eos]
587 2607 663 2640 Vid.
689 2614 752 2639 not.
785 2606 825 2638 ad
867 2608 906 2638 rit
935 2608 1068 2643 AEtolos,
1105 2612 1139 2638 ut
1170 2608 1309 2641 Boeotos,
1345 2605 1488 2640 Achaeos,
1519 2610 1550 2635 et

146 2647 272 2677 XXIV.
285 2617 348 2677 473⁰
868 2650 1107 2691 Amynandrum
1129 2655 1294 2685 tentarent,
1316 2654 1347 2679 et
1369 2648 1443 2689 quid
1466 2647 1549 2689 apud

189 2689 232 2718 54
280 2690 398 2720 Placuit
441 2693 556 2723 Achaeos
599 2700 626 2724 et
670 2694 823 2733 Amynan·
867 2693 1006 2733 singulos
1020 2704 1126 2725 eorum
1141 2692 1309 2724 effecerint.

147 2731 250 2772 ‹lv-um]
297 2732 506 2765 Certissimum
533 2741 588 2770 est,
613 2736 697 2777 quod
720 2736 823 2767 obser·
910 2738 951 2767 55
965 2736 1249 2777 Bmchylloemorte]
1269 2732 1343 2764 Vid.
1354 2733 1375 2763 l.
1388 2732 1548 2763 XXXIII.

145 2773 228 2803 vavit
252 2773 437 2812 Perizonius,
451 2777 603 2809 excidisse
613 2747 676 2809 qhic
701 2780 824 2809 Boeoros.
868 2788 896 2810 e.
911 2780 963 2810 27
981 2784 1012 2809 et
1023 2790 1090 2821 seq.

147 2815 217 2846 Hoc
231 2817 363 2857 probant
376 2827 414 2849 ea
428 2829 496 2859 quae
511 2827 691 2862 sequuntur,
706 2821 737 2851 in
753 2822 822 2862 qui-
910 2822 952 2852 56
977 2822 1061 2856 Quod
1082 2823 1106 2851 is
1130 2831 1195 2850 tere
1219 2829 1323 2859 regum
1344 2819 1443 2857 stirpis
1464 2818 1547 2858 esset]

143 2858 202 2890 bus
218 2858 361 2892 distincte
384 2867 532 2899 narratur,
548 2863 668 2905 etquid
689 2864 820 2906 impule-
866 2864 926 2894 His
946 2864 1048 2894 verbis
1070 2873 1132 2895 non
1154 2872 1201 2895 res
1224 2861 1401 2896 affirmatur,
1426 2859 1481 2891 sed
1502 2869 1549 2891 re-

939 2908 1012 2949 <23
