1947 3222
167 229 203 261 C.
217 230 291 260 555.

168 273 203 304 C.

113 231 152 261 U.

111 273 154 304 A.
221 273 291 304 197.

113 563 201 594 Coss.
215 563 302 595 alteri

110 606 284 648 triumphus

109 649 298 686 conceditur,

107 690 197 723 alteri
210 702 304 734 nega-

105 738 163 765 tur.

334 116 405 151 108
845 114 992 154 ΤῙΤῙ
1041 115 1221 154 LIVII

326 234 408 261 mos
441 221 682 271 nudaverat,
714 224 771 263 ad
784 224 1063 276 finitimorum
1093 231 1220 266 motus
1249 230 1602 267 consurrecturam.
1663 227 1745 269 His

326 276 456 318 literis
483 276 528 319 ¹a
558 279 644 319 Μ,“
672 280 816 335 Sergio
848 282 1049 331 Praetore,
1081 283 1203 339 cujus
1226 282 1466 339 jurisdictio
1495 282 1605 324 inter
1634 283 1744 326 cives

326 342 430 384 erat,
465 335 664 386 recitatis,
700 336 976 379 decreverunt
1013 340 1175 389 Patres,
1213 348 1275 388 ut,
1305 338 1481 380 comitiis
1511 347 1740 394 praetorum

325 390 534 446 perfectis,
575 392 642 433 cui
682 393 853 448 praetori
903 394 1116 449 provincia
1167 395 1374 451 Hispania
1417 395 1666 446 obvenisset,
1706 397 1742 438 is

325 447 462 502 primo
490 464 662 504 quoque
692 457 878 505 tempore
909 450 961 491 de
990 451 1101 492 bello
1126 451 1344 508 Hispaniae
1374 452 1429 493 ad
1459 461 1648 494 senatum
1678 469 1742 494 re-

324 503 465 545 ferret.

384 562 548 602 XXII.
589 562 676 603 Sub
716 561 826 603 idem
867 570 1034 620 tempus
1072 565 1262 606 consules
1302 566 1482 607 Romam
1522 575 1739 609 venerunt.

326 618 481 673 quibus
510 619 552 659 in
577 618 667 659 aede
689 619 875 660 Bellonae
906 629 1095 662 senatum
1124 622 1391 672 habentibus,
1412 623 1742 678 postulantibus-

326 690 408 730 que
443 675 706 731 triumphum
740 676 795 716 ob
826 692 891 717 res
925 692 1122 732 prospere
1155 678 1266 719 bello
1296 687 1448 734 gestas,
1487 681 1533 720 C.
1566 679 1742 722 Atinius

327 731 470 772 Labeo
492 740 533 773 et
561 733 608 772 C.
627 732 834 774 Ursanius
854 733 1013 774 tribuni
1033 733 1182 790 plebis,
1204 743 1251 775 ut
1279 735 1499 791 separatim
1520 736 1572 778 de
1593 737 1742 778 trium-

322 788 409 844 pho
438 797 609 844 agerent
639 789 841 840 consules,
863 790 1143 846 postularunt.
1174 805 1409 831 communem
1438 806 1480 833 se
1504 794 1741 835 relationem

323 847 373 885 de
393 860 440 885 ea
457 860 500 885 re
498 846 607 900 fieri
620 860 701 886 non
713 861 922 900 passuros,
940 861 990 887 ne
998 862 1084 901 par
1099 848 1220 888 honos
1236 849 1279 888 in
1295 849 1457 901 dispari
1470 851 1612 891 merito
1629 857 1739 892 esset.

325 903 552 959 Quumque
588 903 805 945 Minucius
840 904 1010 960 utrique
1044 904 1301 960 provinciam
1339 904 1507 946 Italiam
1540 907 1741 963 obtigisse

323 958 493 1010 diceret,
534 961 743 1001 communi
787 961 926 1002 animo
974 961 1229 1017 consilioque
1270 977 1312 1002 se
1351 970 1393 1003 et
1433 962 1634 1018 collegam
1673 979 1740 1007 res

321 1016 520 1071 gessisse;
556 1017 774 1058 Cornelius
804 1017 1016 1074 adjiceret,
1040 1017 1165 1059 Boios
1195 1018 1395 1060 adversus
1423 1035 1464 1060 se
1486 1021 1740 1076 transgredi-

321 1081 435 1114 entes
467 1073 649 1123 Padum,
674 1083 719 1116 ut
752 1074 1004 1116 Insubribus
1036 1076 1370 1131 Cenomanisque
1399 1076 1556 1117 auxilio
1586 1086 1737 1129 essent,

321 1128 604 1186 depopulante
634 1131 746 1172 vicos
781 1147 924 1172 eorum
960 1139 1088 1188 atque
1123 1147 1245 1187 agros
1278 1132 1451 1188 collega,
1483 1133 1536 1173 ad
1567 1149 1642 1174 sua
1672 1142 1739 1176 tu-

321 1186 429 1227 enda
458 1202 622 1228 aversos
643 1204 754 1236 esse;
790 1188 973 1229 Tribuni
1001 1203 1064 1229 res
1094 1195 1233 1230 tantas
1262 1189 1364 1230 bello
1389 1191 1559 1243 gessisse
1591 1192 1740 1232 Corne-

320 1245 418 1284 lium
447 1244 585 1295 fateri,
607 1252 650 1285 ut
671 1260 750 1285 non
781 1248 910 1299 magis
936 1247 984 1285 cle
1013 1247 1217 1298 triumpho
1245 1246 1341 1300 ejus,
1364 1261 1481 1301 quam
1512 1249 1561 1288 de
1590 1248 1740 1289 honore

321 1301 423 1342 Diis
452 1303 734 1343 inmortalibus
754 1303 936 1343 hahendo
964 1303 1146 1344 dubitari
1169 1305 1298 1356 possit
1311 1303 1336 1344 ¹³.
1397 1304 1494 1344 Non
1515 1310 1647 1345 tamen
1669 1319 1740 1345 nec

321 1358 445 1406 illum,
469 1373 539 1399 nec
559 1374 789 1414 quemquam
811 1361 936 1400 alium
960 1362 1081 1400 civem
1111 1367 1266 1400 tantum
1292 1363 1437 1415 gratia
1459 1368 1579 1415 atque
1598 1362 1738 1414 opibus

320 1417 506 1466 valuisse,
547 1423 602 1465 ut,
641 1432 757 1470 quum
797 1418 953 1458 sibimet
992 1418 1235 1470 triumphum
1277 1420 1540 1471 impetrasset,
1577 1420 1740 1474 collegae

320 1474 493 1512 eumdem
523 1474 709 1514 honorem
740 1475 982 1527 inpudenter
994 1475 1150 1527 petenti
1177 1476 1306 1515 daret.
1371 1474 1420 1523 Q.
1443 1476 1672 1516 Minucium
1695 1478 1740 1517 in

319 1530 544 1584 Liguribus
574 1531 681 1572 levia
704 1533 873 1584 proelia,
896 1532 965 1572 vix
986 1533 1113 1585 digna
1145 1532 1269 1580 dictu,
1283 1532 1456 1585 fecisse:
1487 1531 1560 1573 ²in
1589 1532 1738 1574 Gallia

319 1601 504 1641 magnum
537 1602 740 1628 numerum
763 1590 931 1629 militum
963 1589 1154 1630 amisisse.
1215 1589 1500 1630 Nominabant
1520 1588 1643 1631 etiam
1666 1589 1740 1631 tri-

319 1644 454 1685 bunos
489 1645 671 1685 militum
709 1646 762 1685 T.
786 1646 1053 1696 Juventiu1n‚
1084 1654 1126 1686 et
1158 1646 1226 1686 Cf
1260 1646 1500 1687 Labeonem
1535 1646 1626 1702 ejus
1654 1647 1738 1687 fra-

320 1709 442 1751 trem,
464 1701 537 1756 qui
559 1701 732 1742 adversa
762 1717 906 1758 pugna
930 1717 1025 1743 cuin
1046 1702 1191 1743 multis
1216 1701 1306 1743 aliis
1330 1703 1430 1743 viris
1459 1703 1655 1753 fortibus,
1678 1704 1734 1744 ci-

319 1757 443 1798 vibus
472 1774 519 1798 ac
551 1758 683 1809 sociis,
711 1760 966 1800 cecidissent.
1030 1761 1277 1812 Oppidorum
1300 1774 1523 1813 paucorum
1553 1774 1602 1800 ac
1630 1761 1736 1801 vico-

319 1828 406 1854 rum
419 1816 576 1868 falsas,
608 1822 647 1855 et
682 1817 726 1856 in
755 1822 906 1869 tempus
934 1816 1155 1865 simulatas,
1176 1815 1286 1857 ³sine
1314 1818 1396 1857 ullo
1419 1818 1596 1871 pignore
1624 1818 1737 1858 dedi-

319 1872 448 1912 tiones
466 1872 614 1924 factas
643 1887 735 1913 esse.
796 1874 879 1914 Hae
908 1873 1016 1914 inter
1043 1873 1231 1914 consules
1260 1872 1535 1929 tribunosque
1564 1873 1736 1915 alterca-

321 1927 452 1970 tiones
472 1929 652 1970 biduum
674 1938 914 1981 tenuerunt,
935 1930 1122 1986 victique
1142 1930 1448 1986 perseverantia
1468 1929 1734 1972 tribunorum

320 1985 508 2027 consules
529 1986 751 2043 separatim
772 1987 1020 2029 retulerunt.

394 2043 586 2084 XXIII.
621 2043 692 2085 C.‘¹
710 2043 904 2085 Cornelio
924 2043 1109 2085 omnium
1131 2059 1331 2085 consensu
1362 2043 1554 2086 decretus
1583 2044 1731 2086 trium-

319 2099 441 2154 phus.
464 2108 505 2142 et
523 2100 755 2142 Placentini
774 2102 1154 2157 Cremonensesque
1170 2100 1423 2142 addiderunt
1438 2101 1624 2142 favorem
1637 2117 1733 2142 con-

322 2155 416 2206 suli,
447 2157 603 2213 gratias
633 2166 802 2214 agentes
832 2167 1298 2214 commemorantesque,
1329 2158 1543 2199 obsidione
1573 2173 1615 2199 se
1645 2174 1731 2200 csse

320 2213 374 2254 ab
394 2229 442 2254 eo
463 2214 670 2256 liberatos.
702 2215 924 2272 plerosque
944 2216 1084 2266 etiam,
1107 2230 1240 2271 quum
1271 2214 1386 2270 apud
1415 2215 1554 2256 hostes
1580 2223 1731 2266 essent,

321 2268 551 2313 ⁴servitute
596 2280 805 2328 exceptos.
872 2274 920 2323 Q.
954 2272 1184 2323 Minucius,
1226 2280 1387 2314 tentata
1424 2280 1589 2313 tantum
1629 2271 1733 2312 rela-

440 2383 455 2400 ²
471 2380 529 2411 Μ’.
545 2381 643 2412 Gron.
660 2382 751 2413 Crev¹
837 2381 853 2405 b
865 2388 955 2422 posset
971 2382 1060 2414 Eaed.
1146 2385 1160 2403 ‘²
1174 2382 1230 2413 Cn.
1245 2379 1332 2413 Eaed.
1417 2380 1433 2403 d
1452 2380 1508 2412 Cn.
1522 2380 1621 2413 Gron-

367 2488 380 2517 l
406 2487 431 2516 Α
458 2486 515 2518 Μ’.
537 2487 638 2529 Sergio
659 2494 790 2528 proetore,
806 2490 891 2528 cujus
904 2489 1002 2527 juris·
1047 2487 1226 2530 praecedunt
1241 2486 1355 2518 mentio
1369 2486 1453 2518 sacta
1466 2494 1523 2517 est.

321 2531 410 2560 dictio
428 2532 505 2560 inter
523 2532 595 2561 cives
617 2532 695 2572 erat]
735 2531 797 2562 llic
820 2532 894 2562 olim
919 2531 1002 2572 lege·
1089 2531 1214 2561 3'Sine
1245 2531 1306 2560 ullo
1334 2529 1470 2572 pignore]
1518 2529 1569 2559 lta
1597 2533 1632 2559 ut
1659 2528 1726 2561 haec

321 2573 412 2604 batur
439 2575 517 2604 inter
545 2575 618 2604 cives
645 2581 671 2604 et
696 2576 871 2613 peregrinos.
923 2575 1002 2606 Gro-
1047 2572 1162 2614 oppida
1191 2582 1259 2614 quae
1289 2582 1354 2604 sese
1384 2572 1577 2617 dediderant,
1604 2572 1725 2603 nullum

322 2616 430 2647 novius
446 2616 524 2647 duas
545 2617 671 2647 ultimas
690 2614 779 2648 voces
795 2616 902 2648 merito
918 2616 1002 2648 dele·
1047 2615 1118 2646 fidei
1132 2615 1244 2657 pignus
1263 2614 1431 2646 dedissent.
1476 2614 1630 2645 N1mirum
1653 2615 1729 2656 quia

322 2659 385 2696 vit;
409 2670 505 2701 quum
519 2666 637 2690 constet
653 2670 691 2692 ex
706 2670 734 2691 c.
747 2662 800 2691 28.
815 2660 835 2689 l.
852 2660 996 2690 XXXII.
1040 2658 1193 2689 simulatae
1209 2663 1296 2689 erant
1318 2657 1379 2687 illae
1402 2657 1584 2691 deditiones,
1600 2657 1722 2688 nullum

321 2702 461 2743 Sergium
488 2702 638 2734 urbanam
669 2702 912 2745 jurisdictionem
943 2703 998 2733 ha·
1040 2711 1096 2731 nec
1135 2700 1269 2731 Romani
1305 2699 1426 2741 exigere
1462 2706 1636 2742 potuerant,
1664 2711 1721 2733 nec

321 2744 432 2776 buisse.
1041 2744 1170 2785 Ligures
1184 2743 1257 2774 dare
1272 2743 1431 2775 voluerant
1447 2742 1518 2774 fidei
1534 2743 1656 2785 pignus.

361 2789 382 2818 2
406 2789 441 2818 In
470 2789 573 2820 Gallia
598 2799 737 2831 magnum
765 2800 916 2819 numerum
943 2789 995 2818 mi·
1082 2788 1102 2817 4
1125 2787 1268 2818 Servitute
1288 2787 1414 2828 ncepta]
1454 2786 1572 2819 Melius
1597 2787 1720 2819 Grono-

321 2831 404 2860 h‘tnm
428 2833 566 2873 amisium]
598 2833 647 2863 De
663 2831 720 2863 hac
744 2831 871 2862 adversa
889 2831 994 2861 Minu·
1042 2829 1118 2865 vius,
1134 2836 1281 2869 exemptos.

320 2873 357 2903 cii
381 2884 449 2904 cum
467 2875 568 2905 Gallis
591 2886 693 2916 pugna
717 2875 799 2905 nulla
823 2874 853 2905 in
876 2875 911 2905 iis
925 2884 994 2914 quae
