<?xml version="1.0" encoding="UTF-8"?>
<!DOCTYPE html PUBLIC "-//W3C//DTD XHTML 1.0 Transitional//EN"
    "http://www.w3.org/TR/xhtml1/DTD/xhtml1-transitional.dtd">
<html xmlns="http://www.w3.org/1999/xhtml" xml:lang="en" lang="en">
 <head>
  <title>
</title>
<meta http-equiv="Content-Type" content="text/html;charset=utf-8" />
  <meta name='ocr-system' content='tesseract 3.04.00' />
  <meta name='ocr-capabilities' content='ocr_page ocr_carea ocr_par ocr_line ocrx_word'/>
</head>
<body>
  <div class='ocr_page' id='page_1' title='image "./historiarumaburb03livyuoft_0349.png"; bbox 0 0 1947 3222; ppageno 0'>
   <div class='ocr_carea' id='block_1_1' title="bbox 480 225 1508 272">
    <p class='ocr_par' dir='ltr' id='par_1_1' title="bbox 480 225 1508 272">
     <span class='ocr_line' id='line_1_1' title="bbox 480 225 1508 272; baseline 0 -7"><span class='ocrx_word' id='word_1_1' title='bbox 480 229 602 265; x_wconf 82' lang='lat' dir='ltr'>LIB.</span> <span class='ocrx_word' id='word_1_2' title='bbox 632 225 869 265; x_wconf 83' lang='lat' dir='ltr'>XXXVIII.</span> <span class='ocrx_word' id='word_1_3' title='bbox 914 226 987 262; x_wconf 79' lang='lat' dir='ltr'>CA</span> <span class='ocrx_word' id='word_1_4' title='bbox 1004 226 1042 262; x_wconf 90' lang='lat' dir='ltr'>P.</span> <span class='ocrx_word' id='word_1_5' title='bbox 1077 226 1121 262; x_wconf 89' lang='lat' dir='ltr'>V.</span> <span class='ocrx_word' id='word_1_6' title='bbox 1435 232 1508 272; x_wconf 79' lang='lat'>339</span> 
     </span>
    </p>
   </div>
   <div class='ocr_carea' id='block_1_2' title="bbox 81 333 1720 2377">
    <p class='ocr_par' dir='ltr' id='par_1_2' title="bbox 81 333 1720 1740">
     <span class='ocr_line' id='line_1_2' title="bbox 89 333 1720 395; baseline -0.002 -15"><span class='ocrx_word' id='word_1_7' title='bbox 89 340 292 395; x_wconf 79' lang='lat' dir='ltr'>pugnatio</span> <span class='ocrx_word' id='word_1_8' title='bbox 318 339 405 379; x_wconf 86' lang='lat' dir='ltr'>visa</span> <span class='ocrx_word' id='word_1_9' title='bbox 433 345 506 378; x_wconf 90' lang='lat' dir='ltr'>est.</span> <span class='ocrx_word' id='word_1_10' title='bbox 568 333 794 375; x_wconf 82' lang='lat' dir='ltr'>Ambracia</span> <span class='ocrx_word' id='word_1_11' title='bbox 824 333 988 375; x_wconf 87' lang='lat' dir='ltr'>tumulo</span> <span class='ocrx_word' id='word_1_12' title='bbox 1018 349 1163 390; x_wconf 89' lang='lat' dir='ltr'>aspero</span> <span class='ocrx_word' id='word_1_13' title='bbox 1194 335 1380 391; x_wconf 86' lang='lat' dir='ltr'>subjecta</span> <span class='ocrx_word' id='word_1_14' title='bbox 1407 346 1502 387; x_wconf 60' lang='lat' dir='ltr'>estc,</span> <span class='ocrx_word' id='word_1_15' title='bbox 1519 339 1607 371; x_wconf 85' lang='lat' dir='ltr'>U.C.</span> <span class='ocrx_word' id='word_1_16' title='bbox 1623 339 1696 385; x_wconf 77' lang='lat'>563.</span> <span class='ocrx_word' id='word_1_17' title='bbox 1718 346 1720 348; x_wconf 80' lang='grc'><strong>’</strong></span> 
     </span>
     <span class='ocr_line' id='line_1_3' title="bbox 93 383 1697 457; baseline -0.001 -22"><span class='ocrx_word' id='word_1_18' title='bbox 93 397 363 437; x_wconf 77' lang='lat' dir='ltr'>Perranthem</span> <span class='ocrx_word' id='word_1_19' title='bbox 394 393 539 435; x_wconf 88' lang='lat' dir='ltr'>incolae</span> <span class='ocrx_word' id='word_1_20' title='bbox 564 399 724 432; x_wconf 77' lang='lat' dir='ltr'>vocant.</span> <span class='ocrx_word' id='word_1_21' title='bbox 758 390 872 442; x_wconf 80' lang='lat' dir='ltr'>urbs,</span> <span class='ocrx_word' id='word_1_22' title='bbox 894 406 980 447; x_wconf 88' lang='lat' dir='ltr'>qua</span> <span class='ocrx_word' id='word_1_23' title='bbox 1002 405 1149 432; x_wconf 83' lang='lat' dir='ltr'>murus</span> <span class='ocrx_word' id='word_1_24' title='bbox 1179 393 1313 447; x_wconf 84' lang='lat' dir='ltr'>vergit</span> <span class='ocrx_word' id='word_1_25' title='bbox 1334 393 1375 434; x_wconf 90' lang='lat' dir='ltr'>in</span> <span class='ocrx_word' id='word_1_26' title='bbox 1397 409 1503 435; x_wconf 90' lang='lat' dir='ltr'>cam—</span> <span class='ocrx_word' id='word_1_27' title='bbox 1513 383 1556 455; x_wconf 44' lang='grc' dir='ltr'>ἵζ’</span> <span class='ocrx_word' id='word_1_28' title='bbox 1570 384 1697 457; x_wconf 49' lang='grc' dir='ltr'>(ζὲῗὲ</span> 
     </span>
     <span class='ocr_line' id='line_1_4' title="bbox 90 436 1651 507; baseline -0.002 -15"><span class='ocrx_word' id='word_1_29' title='bbox 90 467 166 507; x_wconf 85' lang='lat' dir='ltr'>pos</span> <span class='ocrx_word' id='word_1_30' title='bbox 187 463 226 494; x_wconf 86' lang='lat' dir='ltr'>et</span> <span class='ocrx_word' id='word_1_31' title='bbox 254 452 422 501; x_wconf 84' lang='lat' dir='ltr'>flumen,</span> <span class='ocrx_word' id='word_1_32' title='bbox 443 449 726 495; x_wconf 77' lang='lat' dir='ltr'>occidentem3</span> <span class='ocrx_word' id='word_1_33' title='bbox 760 463 849 497; x_wconf 82' lang='lat' dir='ltr'>arx,</span> <span class='ocrx_word' id='word_1_34' title='bbox 872 463 969 503; x_wconf 84' lang='lat' dir='ltr'>quae</span> <span class='ocrx_word' id='word_1_35' title='bbox 997 447 1179 503; x_wconf 89' lang='lat' dir='ltr'>inposita</span> <span class='ocrx_word' id='word_1_36' title='bbox 1207 457 1269 489; x_wconf 90' lang='lat' dir='ltr'>est</span> <span class='ocrx_word' id='word_1_37' title='bbox 1300 437 1613 500; x_wconf 54' lang='lat' dir='ltr'>tumulo‘¹‚531¹1¹2¹5‚r</span> <span class='ocrx_word' id='word_1_38' title='bbox 1636 436 1651 456; x_wconf 90' lang='lat' dir='ltr'>c</span> 
     </span>
     <span class='ocr_line' id='line_1_5' title="bbox 88 504 1502 563; baseline -0.002 -13"><span class='ocrx_word' id='word_1_39' title='bbox 88 510 290 550; x_wconf 79' lang='lat' dir='ltr'>orientem</span> <span class='ocrx_word' id='word_1_40' title='bbox 320 515 489 563; x_wconf 87' lang='lat' dir='ltr'>spectat.</span> <span class='ocrx_word' id='word_1_41' title='bbox 521 505 652 546; x_wconf 89' lang='lat' dir='ltr'>amnis</span> <span class='ocrx_word' id='word_1_42' title='bbox 685 504 863 553; x_wconf 83' lang='lat' dir='ltr'>Aretho,</span> <span class='ocrx_word' id='word_1_43' title='bbox 886 519 936 545; x_wconf 85' lang='lat' dir='ltr'>ex</span> <span class='ocrx_word' id='word_1_44' title='bbox 967 504 1245 545; x_wconf 83' lang='lat' dir='ltr'>Athamaniae</span> <span class='ocrx_word' id='word_1_45' title='bbox 1270 504 1417 556; x_wconf 87' lang='lat' dir='ltr'>fluens,</span> <span class='ocrx_word' id='word_1_46' title='bbox 1439 522 1502 547; x_wconf 87' lang='lat' dir='ltr'>ca-</span> 
     </span>
     <span class='ocr_line' id='line_1_6' title="bbox 89 561 1521 617; baseline -0.002 -11"><span class='ocrx_word' id='word_1_47' title='bbox 89 565 152 606; x_wconf 87' lang='lat' dir='ltr'>dit</span> <span class='ocrx_word' id='word_1_48' title='bbox 175 567 216 606; x_wconf 86' lang='lat' dir='ltr'>in</span> <span class='ocrx_word' id='word_1_49' title='bbox 239 566 372 606; x_wconf 90' lang='lat' dir='ltr'>sinum</span> <span class='ocrx_word' id='word_1_50' title='bbox 392 563 530 612; x_wconf 86' lang='lat' dir='ltr'>maris,</span> <span class='ocrx_word' id='word_1_51' title='bbox 554 563 606 603; x_wconf 89' lang='lat' dir='ltr'>ab</span> <span class='ocrx_word' id='word_1_52' title='bbox 627 561 790 602; x_wconf 90' lang='lat' dir='ltr'>nomine</span> <span class='ocrx_word' id='word_1_53' title='bbox 820 562 1070 617; x_wconf 86' lang='lat' dir='ltr'>propinquae</span> <span class='ocrx_word' id='word_1_54' title='bbox 1091 561 1206 602; x_wconf 87' lang='lat' dir='ltr'>urbis</span> <span class='ocrx_word' id='word_1_55' title='bbox 1227 562 1502 603; x_wconf 89' lang='lat' dir='ltr'>Ambracium</span> <span class='ocrx_word' id='word_1_56' title='bbox 1520 613 1521 616; x_wconf 11' lang='grc' dir='ltr'><strong>Ἰ</strong></span> 
     </span>
     <span class='ocr_line' id='line_1_7' title="bbox 90 618 1504 678; baseline -0.002 -15"><span class='ocrx_word' id='word_1_57' title='bbox 90 622 358 678; x_wconf 86' lang='lat' dir='ltr'>adpellatum.</span> <span class='ocrx_word' id='word_1_58' title='bbox 390 628 670 675; x_wconf 83' lang='lat' dir='ltr'>praeterquam</span> <span class='ocrx_word' id='word_1_59' title='bbox 702 618 818 674; x_wconf 90' lang='lat' dir='ltr'>quod</span> <span class='ocrx_word' id='word_1_60' title='bbox 849 618 943 658; x_wconf 90' lang='lat' dir='ltr'>hinc</span> <span class='ocrx_word' id='word_1_61' title='bbox 974 618 1104 658; x_wconf 88' lang='lat' dir='ltr'>amnis</span> <span class='ocrx_word' id='word_1_62' title='bbox 1133 618 1284 668; x_wconf 86' lang='lat' dir='ltr'>munit,</span> <span class='ocrx_word' id='word_1_63' title='bbox 1312 618 1408 659; x_wconf 89' lang='lat' dir='ltr'>hinc</span> <span class='ocrx_word' id='word_1_64' title='bbox 1439 628 1504 661; x_wconf 90' lang='lat' dir='ltr'>tu-</span> 
     </span>
     <span class='ocr_line' id='line_1_8' title="bbox 89 675 1502 732; baseline -0.001 -13"><span class='ocrx_word' id='word_1_65' title='bbox 89 679 218 725; x_wconf 78' lang='lat' dir='ltr'>muli3</span> <span class='ocrx_word' id='word_1_66' title='bbox 262 693 382 718; x_wconf 88' lang='lat' dir='ltr'>muro</span> <span class='ocrx_word' id='word_1_67' title='bbox 413 692 581 732; x_wconf 91' lang='lat' dir='ltr'>quoque</span> <span class='ocrx_word' id='word_1_68' title='bbox 612 676 731 716; x_wconf 88' lang='lat' dir='ltr'>firmo</span> <span class='ocrx_word' id='word_1_69' title='bbox 767 683 885 730; x_wconf 88' lang='lat' dir='ltr'>septa</span> <span class='ocrx_word' id='word_1_70' title='bbox 919 683 1021 723; x_wconf 84' lang='lat' dir='ltr'>erat,</span> <span class='ocrx_word' id='word_1_71' title='bbox 1054 683 1222 730; x_wconf 88' lang='lat' dir='ltr'>patente</span> <span class='ocrx_word' id='word_1_72' title='bbox 1252 675 1294 715; x_wconf 92' lang='lat' dir='ltr'>in</span> <span class='ocrx_word' id='word_1_73' title='bbox 1325 675 1502 718; x_wconf 86' lang='lat' dir='ltr'>circuitu</span> 
     </span>
     <span class='ocr_line' id='line_1_9' title="bbox 90 732 1504 791; baseline -0.001 -16"><span class='ocrx_word' id='word_1_74' title='bbox 90 734 231 791; x_wconf 90' lang='lat' dir='ltr'>paullo</span> <span class='ocrx_word' id='word_1_75' title='bbox 252 734 431 790; x_wconf 90' lang='lat' dir='ltr'>amplius</span> <span class='ocrx_word' id='word_1_76' title='bbox 459 733 539 775; x_wconf 90' lang='lat' dir='ltr'>tria</span> <span class='ocrx_word' id='word_1_77' title='bbox 558 733 688 773; x_wconf 88' lang='lat' dir='ltr'>millia</span> <span class='ocrx_word' id='word_1_78' title='bbox 716 747 926 788; x_wconf 85' lang='lat' dir='ltr'><strong>passuum.</strong></span> <span class='ocrx_word' id='word_1_79' title='bbox 989 732 1168 772; x_wconf 88' lang='lat' dir='ltr'>Fulvius</span> <span class='ocrx_word' id='word_1_80' title='bbox 1197 732 1296 772; x_wconf 93' lang='lat' dir='ltr'>bina</span> <span class='ocrx_word' id='word_1_81' title='bbox 1315 747 1340 772; x_wconf 91' lang='lat' dir='ltr'>a</span> <span class='ocrx_word' id='word_1_82' title='bbox 1359 733 1504 789; x_wconf 87' lang='lat' dir='ltr'>campo</span> 
     </span>
     <span class='ocr_line' id='line_1_10' title="bbox 90 788 1503 841; baseline -0.001 -9"><span class='ocrx_word' id='word_1_83' title='bbox 90 800 237 841; x_wconf 84' lang='lat' dir='ltr'>castra,</span> <span class='ocrx_word' id='word_1_84' title='bbox 259 791 422 832; x_wconf 91' lang='lat' dir='ltr'>modico</span> <span class='ocrx_word' id='word_1_85' title='bbox 451 792 560 831; x_wconf 89' lang='lat' dir='ltr'>inter</span> <span class='ocrx_word' id='word_1_86' title='bbox 581 805 622 830; x_wconf 91' lang='lat' dir='ltr'>se</span> <span class='ocrx_word' id='word_1_87' title='bbox 644 789 841 830; x_wconf 81' lang='lat' dir='ltr'>distantia</span> <span class='ocrx_word' id='word_1_88' title='bbox 869 788 1102 838; x_wconf 81' lang='lat' dir='ltr'>intervallo,</span> <span class='ocrx_word' id='word_1_89' title='bbox 1125 804 1257 830; x_wconf 90' lang='lat' dir='ltr'>unum</span> <span class='ocrx_word' id='word_1_90' title='bbox 1287 790 1503 830; x_wconf 86' lang='lat' dir='ltr'>castellum</span> 
     </span>
     <span class='ocr_line' id='line_1_11' title="bbox 91 845 1506 901; baseline -0.001 -13"><span class='ocrx_word' id='word_1_91' title='bbox 91 847 180 888; x_wconf 83' lang='lat' dir='ltr'>loco</span> <span class='ocrx_word' id='word_1_92' title='bbox 207 848 321 888; x_wconf 91' lang='lat' dir='ltr'>edito</span> <span class='ocrx_word' id='word_1_93' title='bbox 351 856 494 888; x_wconf 86' lang='lat' dir='ltr'>contra</span> <span class='ocrx_word' id='word_1_94' title='bbox 524 862 659 888; x_wconf 87' lang='lat' dir='ltr'>arcem</span> <span class='ocrx_word' id='word_1_95' title='bbox 681 845 846 901; x_wconf 83' lang='lat' dir='ltr'>objecit.</span> <span class='ocrx_word' id='word_1_96' title='bbox 876 861 926 886; x_wconf 91' lang='lat' dir='ltr'>ea</span> <span class='ocrx_word' id='word_1_97' title='bbox 945 846 1084 886; x_wconf 83' lang='lat' dir='ltr'>onmia</span> <span class='ocrx_word' id='word_1_98' title='bbox 1104 845 1214 886; x_wconf 85' lang='lat' dir='ltr'>vallo</span> <span class='ocrx_word' id='word_1_99' title='bbox 1243 861 1289 886; x_wconf 88' lang='lat' dir='ltr'>ac</span> <span class='ocrx_word' id='word_1_100' title='bbox 1319 846 1429 887; x_wconf 81' lang='lat' dir='ltr'>fossa</span> <span class='ocrx_word' id='word_1_101' title='bbox 1448 847 1506 887; x_wconf 88' lang='lat' dir='ltr'>ita</span> 
     </span>
     <span class='ocr_line' id='line_1_12' title="bbox 81 902 1508 960; baseline 0 -15"><span class='ocrx_word' id='word_1_102' title='bbox 81 905 264 960; x_wconf 84' lang='lat' dir='ltr'>jungere</span> <span class='ocrx_word' id='word_1_103' title='bbox 294 913 429 960; x_wconf 81' lang='lat' dir='ltr'>parat,</span> <span class='ocrx_word' id='word_1_104' title='bbox 451 919 502 944; x_wconf 92' lang='lat' dir='ltr'>ne</span> <span class='ocrx_word' id='word_1_105' title='bbox 523 904 662 945; x_wconf 84' lang='lat' dir='ltr'>exitus</span> <span class='ocrx_word' id='word_1_106' title='bbox 693 903 860 943; x_wconf 85' lang='lat' dir='ltr'><strong>inclusis</strong></span> <span class='ocrx_word' id='word_1_107' title='bbox 890 903 943 943; x_wconf 89' lang='lat' dir='ltr'>ab</span> <span class='ocrx_word' id='word_1_108' title='bbox 974 903 1092 952; x_wconf 86' lang='lat' dir='ltr'>urbe,</span> <span class='ocrx_word' id='word_1_109' title='bbox 1114 917 1217 942; x_wconf 89' lang='lat' dir='ltr'>neve</span> <span class='ocrx_word' id='word_1_110' title='bbox 1246 902 1387 944; x_wconf 91' lang='lat' dir='ltr'>aditus</span> <span class='ocrx_word' id='word_1_111' title='bbox 1407 903 1508 945; x_wconf 89' lang='lat' dir='ltr'>foris</span> 
     </span>
     <span class='ocr_line' id='line_1_13' title="bbox 89 958 1508 1015; baseline -0.001 -13"><span class='ocrx_word' id='word_1_112' title='bbox 89 961 143 1002; x_wconf 85' lang='lat' dir='ltr'>ad</span> <span class='ocrx_word' id='word_1_113' title='bbox 176 961 333 1002; x_wconf 86' lang='lat' dir='ltr'>auxilia</span> <span class='ocrx_word' id='word_1_114' title='bbox 362 960 679 1002; x_wconf 88' lang='lat' dir='ltr'>intromittenda</span> <span class='ocrx_word' id='word_1_115' title='bbox 712 967 829 1000; x_wconf 87' lang='lat' dir='ltr'>esset.</span> <span class='ocrx_word' id='word_1_116' title='bbox 891 958 963 999; x_wconf 89' lang='lat' dir='ltr'>Ad</span> <span class='ocrx_word' id='word_1_117' title='bbox 998 959 1152 999; x_wconf 86' lang='lat' dir='ltr'>famam</span> <span class='ocrx_word' id='word_1_118' title='bbox 1185 959 1508 1015; x_wconf 83' lang='lat' dir='ltr'>obpugnationis</span> 
     </span>
     <span class='ocr_line' id='line_1_14' title="bbox 90 1015 1508 1073; baseline -0.001 -14"><span class='ocrx_word' id='word_1_119' title='bbox 90 1018 327 1059; x_wconf 88' lang='lat' dir='ltr'>Ambraciae</span> <span class='ocrx_word' id='word_1_120' title='bbox 359 1020 547 1060; x_wconf 78' lang='lat' dir='ltr'>Stratum</span> <span class='ocrx_word' id='word_1_121' title='bbox 571 1018 659 1073; x_wconf 85' lang='lat' dir='ltr'>jam</span> <span class='ocrx_word' id='word_1_122' title='bbox 691 1016 827 1057; x_wconf 87' lang='lat' dir='ltr'>edicto</span> <span class='ocrx_word' id='word_1_123' title='bbox 858 1015 1058 1056; x_wconf 83' lang='lat' dir='ltr'>Nicandri</span> <span class='ocrx_word' id='word_1_124' title='bbox 1088 1017 1279 1072; x_wconf 86' lang='lat' dir='ltr'>praetoris</span> <span class='ocrx_word' id='word_1_125' title='bbox 1309 1032 1508 1058; x_wconf 85' lang='lat' dir='ltr'>convene-</span> 
     </span>
     <span class='ocr_line' id='line_1_15' title="bbox 91 1072 1507 1130; baseline -0.001 -14"><span class='ocrx_word' id='word_1_126' title='bbox 91 1083 183 1116; x_wconf 86' lang='lat' dir='ltr'>rant</span> <span class='ocrx_word' id='word_1_127' title='bbox 218 1075 365 1116; x_wconf 87' lang='lat' dir='ltr'>AEtoli.</span> <span class='ocrx_word' id='word_1_128' title='bbox 427 1075 533 1115; x_wconf 85' lang='lat' dir='ltr'>Inde</span> <span class='ocrx_word' id='word_1_129' title='bbox 564 1074 699 1130; x_wconf 88' lang='lat' dir='ltr'>primo</span> <span class='ocrx_word' id='word_1_130' title='bbox 735 1073 865 1129; x_wconf 86' lang='lat' dir='ltr'>copiis</span> <span class='ocrx_word' id='word_1_131' title='bbox 894 1072 1086 1113; x_wconf 81' lang='lat' dir='ltr'>omnibus</span> <span class='ocrx_word' id='word_1_132' title='bbox 1116 1072 1171 1113; x_wconf 87' lang='lat' dir='ltr'>ad</span> <span class='ocrx_word' id='word_1_133' title='bbox 1206 1072 1507 1128; x_wconf 84' lang='lat' dir='ltr'>prohibendam</span> 
     </span>
     <span class='ocr_line' id='line_1_16' title="bbox 90 1129 1506 1184; baseline -0.001 -12"><span class='ocrx_word' id='word_1_134' title='bbox 90 1131 346 1173; x_wconf 90' lang='lat' dir='ltr'>obsidionem</span> <span class='ocrx_word' id='word_1_135' title='bbox 367 1131 506 1172; x_wconf 82' lang='lat' dir='ltr'>venire</span> <span class='ocrx_word' id='word_1_136' title='bbox 526 1132 569 1171; x_wconf 93' lang='lat' dir='ltr'>in</span> <span class='ocrx_word' id='word_1_137' title='bbox 591 1130 728 1171; x_wconf 90' lang='lat' dir='ltr'>animo</span> <span class='ocrx_word' id='word_1_138' title='bbox 747 1130 897 1170; x_wconf 88' lang='lat' dir='ltr'>fuerat.</span> <span class='ocrx_word' id='word_1_139' title='bbox 930 1129 1094 1178; x_wconf 85' lang='lat' dir='ltr'>deinde,</span> <span class='ocrx_word' id='word_1_140' title='bbox 1116 1137 1338 1184; x_wconf 84' lang='lat' dir='ltr'>postquam</span> <span class='ocrx_word' id='word_1_141' title='bbox 1360 1130 1506 1171; x_wconf 88' lang='lat' dir='ltr'>urbem</span> 
     </span>
     <span class='ocr_line' id='line_1_17' title="bbox 86 1185 1506 1244; baseline -0.001 -15"><span class='ocrx_word' id='word_1_142' title='bbox 86 1189 174 1244; x_wconf 86' lang='lat' dir='ltr'>jam</span> <span class='ocrx_word' id='word_1_143' title='bbox 200 1203 351 1244; x_wconf 83' lang='lat' dir='ltr'>magna</span> <span class='ocrx_word' id='word_1_144' title='bbox 372 1203 423 1228; x_wconf 80' lang='lat' dir='ltr'>ex</span> <span class='ocrx_word' id='word_1_145' title='bbox 444 1196 563 1244; x_wconf 89' lang='lat' dir='ltr'>parte</span> <span class='ocrx_word' id='word_1_146' title='bbox 592 1186 788 1242; x_wconf 82' lang='lat' dir='ltr'>operibus</span> <span class='ocrx_word' id='word_1_147' title='bbox 818 1194 978 1241; x_wconf 84' lang='lat' dir='ltr'>septam</span> <span class='ocrx_word' id='word_1_148' title='bbox 999 1185 1210 1234; x_wconf 88' lang='lat' dir='ltr'>viderunt,</span> <span class='ocrx_word' id='word_1_149' title='bbox 1233 1185 1506 1241; x_wconf 83' lang='lat' dir='ltr'>Epirotarum</span> 
     </span>
     <span class='ocr_line' id='line_1_18' title="bbox 91 1241 1507 1299; baseline -0.001 -13"><span class='ocrx_word' id='word_1_150' title='bbox 91 1254 205 1287; x_wconf 89' lang='lat' dir='ltr'>trans</span> <span class='ocrx_word' id='word_1_151' title='bbox 234 1244 390 1286; x_wconf 90' lang='lat' dir='ltr'>flumen</span> <span class='ocrx_word' id='word_1_152' title='bbox 421 1244 510 1285; x_wconf 90' lang='lat' dir='ltr'>loco</span> <span class='ocrx_word' id='word_1_153' title='bbox 540 1244 663 1299; x_wconf 90' lang='lat' dir='ltr'>plano</span> <span class='ocrx_word' id='word_1_154' title='bbox 693 1251 828 1284; x_wconf 87' lang='lat' dir='ltr'>castra</span> <span class='ocrx_word' id='word_1_155' title='bbox 855 1243 992 1298; x_wconf 85' lang='lat' dir='ltr'>posita</span> <span class='ocrx_word' id='word_1_156' title='bbox 1021 1257 1122 1290; x_wconf 88' lang='lat' dir='ltr'>esse,</span> <span class='ocrx_word' id='word_1_157' title='bbox 1152 1241 1338 1283; x_wconf 88' lang='lat' dir='ltr'>dividere</span> <span class='ocrx_word' id='word_1_158' title='bbox 1368 1243 1507 1299; x_wconf 86' lang='lat' dir='ltr'>copias</span> 
     </span>
     <span class='ocr_line' id='line_1_19' title="bbox 90 1299 1504 1358; baseline -0.001 -16"><span class='ocrx_word' id='word_1_159' title='bbox 90 1302 260 1358; x_wconf 87' lang='lat' dir='ltr'>placuit.</span> <span class='ocrx_word' id='word_1_160' title='bbox 292 1317 385 1342; x_wconf 85' lang='lat' dir='ltr'>cum</span> <span class='ocrx_word' id='word_1_161' title='bbox 408 1300 520 1341; x_wconf 90' lang='lat' dir='ltr'>mille</span> <span class='ocrx_word' id='word_1_162' title='bbox 541 1300 748 1357; x_wconf 85' lang='lat' dir='ltr'>expeditis</span> <span class='ocrx_word' id='word_1_163' title='bbox 769 1299 1030 1355; x_wconf 88' lang='lat' dir='ltr'>Eupolemus</span> <span class='ocrx_word' id='word_1_164' title='bbox 1052 1299 1324 1340; x_wconf 87' lang='lat' dir='ltr'>Ambraciam</span> <span class='ocrx_word' id='word_1_165' title='bbox 1344 1300 1504 1355; x_wconf 86' lang='lat' dir='ltr'>profec-</span> 
     </span>
     <span class='ocr_line' id='line_1_20' title="bbox 90 1355 1503 1414; baseline -0.001 -15"><span class='ocrx_word' id='word_1_166' title='bbox 90 1367 173 1409; x_wconf 82' lang='lat' dir='ltr'>tus,</span> <span class='ocrx_word' id='word_1_167' title='bbox 195 1373 269 1414; x_wconf 88' lang='lat' dir='ltr'>per</span> <span class='ocrx_word' id='word_1_168' title='bbox 289 1359 474 1399; x_wconf 75' lang='lat' dir='ltr'>nondum</span> <span class='ocrx_word' id='word_1_169' title='bbox 502 1358 719 1398; x_wconf 87' lang='lat' dir='ltr'>commissa</span> <span class='ocrx_word' id='word_1_170' title='bbox 738 1357 846 1397; x_wconf 89' lang='lat' dir='ltr'>inter</span> <span class='ocrx_word' id='word_1_171' title='bbox 868 1371 908 1396; x_wconf 89' lang='lat' dir='ltr'>se</span> <span class='ocrx_word' id='word_1_172' title='bbox 929 1356 1189 1397; x_wconf 89' lang='lat' dir='ltr'>munimenta</span> <span class='ocrx_word' id='word_1_173' title='bbox 1209 1356 1356 1396; x_wconf 84' lang='lat' dir='ltr'>urbem</span> <span class='ocrx_word' id='word_1_174' title='bbox 1377 1355 1503 1397; x_wconf 88' lang='lat' dir='ltr'>intra-</span> 
     </span>
     <span class='ocr_line' id='line_1_21' title="bbox 91 1412 1504 1468; baseline -0.001 -13"><span class='ocrx_word' id='word_1_175' title='bbox 91 1416 164 1456; x_wconf 91' lang='lat' dir='ltr'>vit.</span> <span class='ocrx_word' id='word_1_176' title='bbox 228 1415 441 1457; x_wconf 85' lang='lat' dir='ltr'>Nicandro</span> <span class='ocrx_word' id='word_1_177' title='bbox 471 1430 565 1455; x_wconf 91' lang='lat' dir='ltr'>cum</span> <span class='ocrx_word' id='word_1_178' title='bbox 596 1422 732 1455; x_wconf 84' lang='lat' dir='ltr'>cetera</span> <span class='ocrx_word' id='word_1_179' title='bbox 752 1428 878 1453; x_wconf 90' lang='lat' dir='ltr'>manu</span> <span class='ocrx_word' id='word_1_180' title='bbox 909 1412 1043 1468; x_wconf 89' lang='lat' dir='ltr'>primo</span> <span class='ocrx_word' id='word_1_181' title='bbox 1065 1413 1335 1468; x_wconf 85' lang='lat' dir='ltr'>Epirotarum</span> <span class='ocrx_word' id='word_1_182' title='bbox 1368 1416 1504 1454; x_wconf 83' lang='lat' dir='ltr'>castra</span> 
     </span>
     <span class='ocr_line' id='line_1_22' title="bbox 88 1469 1504 1527; baseline -0.001 -14"><span class='ocrx_word' id='word_1_183' title='bbox 88 1481 208 1513; x_wconf 89' lang='lat' dir='ltr'>nocte</span> <span class='ocrx_word' id='word_1_184' title='bbox 238 1472 412 1527; x_wconf 85' lang='lat' dir='ltr'>adgredi</span> <span class='ocrx_word' id='word_1_185' title='bbox 445 1470 662 1512; x_wconf 87' lang='lat' dir='ltr'>consilium</span> <span class='ocrx_word' id='word_1_186' title='bbox 692 1471 844 1519; x_wconf 87' lang='lat' dir='ltr'>fuerat,</span> <span class='ocrx_word' id='word_1_187' title='bbox 866 1469 980 1510; x_wconf 85' lang='lat' dir='ltr'>haud</span> <span class='ocrx_word' id='word_1_188' title='bbox 1005 1469 1114 1510; x_wconf 87' lang='lat' dir='ltr'>facili</span> <span class='ocrx_word' id='word_1_189' title='bbox 1135 1470 1188 1509; x_wconf 89' lang='lat' dir='ltr'>ab</span> <span class='ocrx_word' id='word_1_190' title='bbox 1211 1469 1412 1509; x_wconf 89' lang='lat' dir='ltr'>Romanis</span> <span class='ocrx_word' id='word_1_191' title='bbox 1432 1485 1504 1511; x_wconf 90' lang='lat' dir='ltr'>au-</span> 
     </span>
     <span class='ocr_line' id='line_1_23' title="bbox 91 1526 1501 1584; baseline -0.002 -15"><span class='ocrx_word' id='word_1_192' title='bbox 91 1529 207 1579; x_wconf 83' lang='lat' dir='ltr'>xilio,</span> <span class='ocrx_word' id='word_1_193' title='bbox 239 1530 339 1584; x_wconf 92' lang='lat' dir='ltr'>quia</span> <span class='ocrx_word' id='word_1_194' title='bbox 367 1528 520 1569; x_wconf 88' lang='lat' dir='ltr'>flumen</span> <span class='ocrx_word' id='word_1_195' title='bbox 552 1528 760 1568; x_wconf 85' lang='lat' dir='ltr'>intererat.</span> <span class='ocrx_word' id='word_1_196' title='bbox 792 1526 956 1574; x_wconf 88' lang='lat' dir='ltr'>deinde,</span> <span class='ocrx_word' id='word_1_197' title='bbox 982 1526 1260 1581; x_wconf 88' lang='lat' dir='ltr'>periculosum</span> <span class='ocrx_word' id='word_1_198' title='bbox 1290 1526 1501 1581; x_wconf 87' lang='lat' dir='ltr'>inceptum</span> 
     </span>
     <span class='ocr_line' id='line_1_24' title="bbox 90 1582 1502 1640; baseline -0.002 -14"><span class='ocrx_word' id='word_1_199' title='bbox 90 1594 221 1636; x_wconf 86' lang='lat' dir='ltr'>ratus,</span> <span class='ocrx_word' id='word_1_200' title='bbox 243 1601 295 1626; x_wconf 89' lang='lat' dir='ltr'>ne</span> <span class='ocrx_word' id='word_1_201' title='bbox 325 1601 411 1640; x_wconf 90' lang='lat' dir='ltr'>qua</span> <span class='ocrx_word' id='word_1_202' title='bbox 440 1584 638 1626; x_wconf 82' lang='lat' dir='ltr'>sentirent</span> <span class='ocrx_word' id='word_1_203' title='bbox 667 1583 859 1632; x_wconf 82' lang='lat' dir='ltr'>Romani,</span> <span class='ocrx_word' id='word_1_204' title='bbox 882 1591 921 1623; x_wconf 90' lang='lat' dir='ltr'>et</span> <span class='ocrx_word' id='word_1_205' title='bbox 942 1597 1152 1637; x_wconf 82' lang='lat' dir='ltr'>regressus</span> <span class='ocrx_word' id='word_1_206' title='bbox 1182 1582 1277 1622; x_wconf 89' lang='lat' dir='ltr'>inde</span> <span class='ocrx_word' id='word_1_207' title='bbox 1297 1583 1339 1622; x_wconf 93' lang='lat' dir='ltr'>in</span> <span class='ocrx_word' id='word_1_208' title='bbox 1361 1591 1502 1623; x_wconf 88' lang='lat' dir='ltr'>tutum</span> 
     </span>
     <span class='ocr_line' id='line_1_25' title="bbox 89 1638 1501 1695; baseline -0.002 -13"><span class='ocrx_word' id='word_1_209' title='bbox 89 1657 170 1682; x_wconf 90' lang='lat' dir='ltr'>non</span> <span class='ocrx_word' id='word_1_210' title='bbox 211 1650 330 1691; x_wconf 89' lang='lat' dir='ltr'>esset,</span> <span class='ocrx_word' id='word_1_211' title='bbox 374 1642 597 1684; x_wconf 89' lang='lat' dir='ltr'>deterritus</span> <span class='ocrx_word' id='word_1_212' title='bbox 636 1642 690 1683; x_wconf 86' lang='lat' dir='ltr'>ab</span> <span class='ocrx_word' id='word_1_213' title='bbox 729 1640 807 1681; x_wconf 91' lang='lat' dir='ltr'>hoc</span> <span class='ocrx_word' id='word_1_214' title='bbox 847 1639 1030 1689; x_wconf 87' lang='lat' dir='ltr'>consilio,</span> <span class='ocrx_word' id='word_1_215' title='bbox 1071 1639 1124 1679; x_wconf 88' lang='lat' dir='ltr'>ad</span> <span class='ocrx_word' id='word_1_216' title='bbox 1164 1638 1501 1695; x_wconf 82' lang='lat' dir='ltr'>depopulandam</span> 
     </span>
     <span class='ocr_line' id='line_1_26' title="bbox 92 1699 708 1740; baseline 0.002 -2"><span class='ocrx_word' id='word_1_217' title='bbox 92 1699 372 1740; x_wconf 84' lang='lat' dir='ltr'>Acarnaniam</span> <span class='ocrx_word' id='word_1_218' title='bbox 393 1699 472 1740; x_wconf 88' lang='lat' dir='ltr'>iter</span> <span class='ocrx_word' id='word_1_219' title='bbox 492 1699 708 1740; x_wconf 88' lang='lat' dir='ltr'>convertit.</span> 
     </span>
    </p>

    <p class='ocr_par' dir='ltr' id='par_1_3' title="bbox 83 1754 1680 2377">
     <span class='ocr_line' id='line_1_27' title="bbox 150 1754 1499 1812; baseline -0.001 -17"><span class='ocrx_word' id='word_1_220' title='bbox 150 1756 196 1795; x_wconf 89' lang='lat' dir='ltr'>V.</span> <span class='ocrx_word' id='word_1_221' title='bbox 228 1756 402 1806; x_wconf 71' lang='lat' dir='ltr'>Consul,</span> <span class='ocrx_word' id='word_1_222' title='bbox 427 1757 515 1812; x_wconf 83' lang='lat' dir='ltr'>jam</span> <span class='ocrx_word' id='word_1_223' title='bbox 545 1755 826 1805; x_wconf 88' lang='lat' dir='ltr'>munimentis,</span> <span class='ocrx_word' id='word_1_224' title='bbox 857 1755 1012 1810; x_wconf 84' lang='lat' dir='ltr'>quibus</span> <span class='ocrx_word' id='word_1_225' title='bbox 1043 1754 1237 1811; x_wconf 88' lang='lat' dir='ltr'>sepienda</span> <span class='ocrx_word' id='word_1_226' title='bbox 1267 1754 1367 1795; x_wconf 89' lang='lat' dir='ltr'>urbs</span> <span class='ocrx_word' id='word_1_227' title='bbox 1397 1762 1499 1805; x_wconf 84' lang='lat' dir='ltr'>erat,</span> 
     </span>
     <span class='ocr_line' id='line_1_28' title="bbox 83 1811 1501 1868; baseline -0.001 -15"><span class='ocrx_word' id='word_1_228' title='bbox 83 1813 174 1868; x_wconf 78' lang='lat' dir='ltr'>jam</span> <span class='ocrx_word' id='word_1_229' title='bbox 194 1813 404 1868; x_wconf 85' lang='lat' dir='ltr'>operibus,</span> <span class='ocrx_word' id='word_1_230' title='bbox 426 1828 522 1868; x_wconf 88' lang='lat' dir='ltr'>quae</span> <span class='ocrx_word' id='word_1_231' title='bbox 542 1813 762 1853; x_wconf 87' lang='lat' dir='ltr'>admovere</span> <span class='ocrx_word' id='word_1_232' title='bbox 781 1812 911 1853; x_wconf 87' lang='lat' dir='ltr'>muris</span> <span class='ocrx_word' id='word_1_233' title='bbox 938 1812 1126 1867; x_wconf 85' lang='lat' dir='ltr'>parabat,</span> <span class='ocrx_word' id='word_1_234' title='bbox 1148 1811 1357 1867; x_wconf 84' lang='lat' dir='ltr'>perfectis,</span> <span class='ocrx_word' id='word_1_235' title='bbox 1380 1811 1501 1866; x_wconf 91' lang='lat' dir='ltr'>quin-</span> 
     </span>
     <span class='ocr_line' id='line_1_29' title="bbox 89 1867 1501 1924; baseline -0.002 -14"><span class='ocrx_word' id='word_1_236' title='bbox 89 1885 172 1924; x_wconf 89' lang='lat' dir='ltr'>que</span> <span class='ocrx_word' id='word_1_237' title='bbox 203 1869 325 1910; x_wconf 89' lang='lat' dir='ltr'>simul</span> <span class='ocrx_word' id='word_1_238' title='bbox 354 1869 454 1910; x_wconf 89' lang='lat' dir='ltr'>locis</span> <span class='ocrx_word' id='word_1_239' title='bbox 473 1869 625 1910; x_wconf 86' lang='lat' dir='ltr'>moenia</span> <span class='ocrx_word' id='word_1_240' title='bbox 649 1878 710 1910; x_wconf 87' lang='lat' dir='ltr'>est</span> <span class='ocrx_word' id='word_1_241' title='bbox 730 1869 962 1923; x_wconf 79' lang='lat' dir='ltr'>adgressus.</span> <span class='ocrx_word' id='word_1_242' title='bbox 995 1868 1098 1909; x_wconf 84' lang='lat' dir='ltr'>⁹tria</span> <span class='ocrx_word' id='word_1_243' title='bbox 1116 1868 1287 1924; x_wconf 85' lang='lat' dir='ltr'>paribus</span> <span class='ocrx_word' id='word_1_244' title='bbox 1306 1867 1501 1908; x_wconf 88' lang='lat' dir='ltr'>interval-</span> 
     </span>
     <span class='ocr_line' id='line_1_30' title="bbox 89 1924 1500 1981; baseline -0.001 -15"><span class='ocrx_word' id='word_1_245' title='bbox 89 1925 139 1966; x_wconf 89' lang='lat' dir='ltr'>lis</span> <span class='ocrx_word' id='word_1_246' title='bbox 168 1926 350 1967; x_wconf 86' lang='lat' dir='ltr'>faciliore</span> <span class='ocrx_word' id='word_1_247' title='bbox 379 1926 498 1968; x_wconf 87' lang='lat' dir='ltr'>aditu</span> <span class='ocrx_word' id='word_1_248' title='bbox 528 1942 553 1966; x_wconf 91' lang='lat' dir='ltr'>a</span> <span class='ocrx_word' id='word_1_249' title='bbox 572 1941 718 1981; x_wconf 89' lang='lat' dir='ltr'>campo</span> <span class='ocrx_word' id='word_1_250' title='bbox 747 1926 946 1967; x_wconf 88' lang='lat' dir='ltr'>adversus</span> <span class='ocrx_word' id='word_1_251' title='bbox 967 1925 1260 1980; x_wconf 79' lang='lat' dir='ltr'>1⁰Pyrrheum,</span> <span class='ocrx_word' id='word_1_252' title='bbox 1283 1924 1399 1980; x_wconf 92' lang='lat' dir='ltr'>quod</span> <span class='ocrx_word' id='word_1_253' title='bbox 1429 1939 1500 1964; x_wconf 89' lang='lat' dir='ltr'>vo-</span> 
     </span>
     <span class='ocr_line' id='line_1_31' title="bbox 90 1981 1680 2038; baseline -0.001 -16"><span class='ocrx_word' id='word_1_254' title='bbox 90 1992 200 2033; x_wconf 86' lang='lat' dir='ltr'>cant,</span> <span class='ocrx_word' id='word_1_255' title='bbox 221 1983 431 2031; x_wconf 77' lang='lat' dir='ltr'>admovit3</span> <span class='ocrx_word' id='word_1_256' title='bbox 465 1998 596 2023; x_wconf 87' lang='lat' dir='ltr'>unum</span> <span class='ocrx_word' id='word_1_257' title='bbox 624 1998 646 2022; x_wconf 89' lang='lat' dir='ltr'>e</span> <span class='ocrx_word' id='word_1_258' title='bbox 672 1982 839 2037; x_wconf 80' lang='lat' dir='ltr'>regione</span> <span class='ocrx_word' id='word_1_259' title='bbox 859 1981 1158 2038; x_wconf 77' lang='lat' dir='ltr'>¹¹AEsculapii3</span> <span class='ocrx_word' id='word_1_260' title='bbox 1194 1996 1323 2022; x_wconf 90' lang='lat' dir='ltr'>unum</span> <span class='ocrx_word' id='word_1_261' title='bbox 1352 1981 1496 2021; x_wconf 84' lang='lat' dir='ltr'>adver·</span> <span class='ocrx_word' id='word_1_262' title='bbox 1510 1988 1680 2034; x_wconf 61' lang='lat' dir='ltr'>obpugna-</span> 
     </span>
     <span class='ocr_line' id='line_1_32' title="bbox 89 2035 1558 2094; baseline -0.001 -16"><span class='ocrx_word' id='word_1_263' title='bbox 89 2054 158 2079; x_wconf 87' lang='lat' dir='ltr'>sus</span> <span class='ocrx_word' id='word_1_264' title='bbox 193 2055 339 2080; x_wconf 82' lang='lat' dir='ltr'>arcem.</span> <span class='ocrx_word' id='word_1_265' title='bbox 400 2039 618 2080; x_wconf 85' lang='lat' dir='ltr'>Arietibus</span> <span class='ocrx_word' id='word_1_266' title='bbox 650 2054 791 2079; x_wconf 86' lang='lat' dir='ltr'>muros</span> <span class='ocrx_word' id='word_1_267' title='bbox 826 2039 1056 2094; x_wconf 85' lang='lat' dir='ltr'>quatiebat,</span> <span class='ocrx_word' id='word_1_268' title='bbox 1092 2038 1297 2079; x_wconf 78' lang='lat' dir='ltr'>asseribus</span> <span class='ocrx_word' id='word_1_269' title='bbox 1335 2035 1558 2078; x_wconf 67' lang='lat' dir='ltr'>falcatisno.</span> 
     </span>
     <span class='ocr_line' id='line_1_33' title="bbox 89 2094 1497 2152; baseline -0.001 -17"><span class='ocrx_word' id='word_1_270' title='bbox 89 2095 331 2152; x_wconf 88' lang='lat' dir='ltr'>detergebat</span> <span class='ocrx_word' id='word_1_271' title='bbox 362 2096 520 2152; x_wconf 87' lang='lat' dir='ltr'>pinnas.</span> <span class='ocrx_word' id='word_1_272' title='bbox 581 2095 824 2151; x_wconf 87' lang='lat' dir='ltr'>Oppidanos</span> <span class='ocrx_word' id='word_1_273' title='bbox 853 2095 988 2151; x_wconf 90' lang='lat' dir='ltr'>primo</span> <span class='ocrx_word' id='word_1_274' title='bbox 1018 2103 1059 2135; x_wconf 90' lang='lat' dir='ltr'>et</span> <span class='ocrx_word' id='word_1_275' title='bbox 1091 2094 1145 2134; x_wconf 88' lang='lat' dir='ltr'>ad</span> <span class='ocrx_word' id='word_1_276' title='bbox 1175 2094 1349 2150; x_wconf 89' lang='lat' dir='ltr'>speciem</span> <span class='ocrx_word' id='word_1_277' title='bbox 1378 2102 1417 2134; x_wconf 91' lang='lat' dir='ltr'>et</span> <span class='ocrx_word' id='word_1_278' title='bbox 1443 2094 1497 2134; x_wconf 91' lang='lat' dir='ltr'>ad</span> 
     </span>
     <span class='ocr_line' id='line_1_34' title="bbox 88 2150 1499 2206; baseline -0.001 -14"><span class='ocrx_word' id='word_1_279' title='bbox 88 2152 197 2193; x_wconf 87' lang='lat' dir='ltr'>ictus</span> <span class='ocrx_word' id='word_1_280' title='bbox 217 2152 431 2202; x_wconf 64' lang='lat' dir='ltr'>maenium,</span> <span class='ocrx_word' id='word_1_281' title='bbox 453 2168 549 2193; x_wconf 91' lang='lat' dir='ltr'>cum</span> <span class='ocrx_word' id='word_1_282' title='bbox 569 2151 744 2194; x_wconf 88' lang='lat' dir='ltr'>terribili</span> <span class='ocrx_word' id='word_1_283' title='bbox 767 2152 904 2192; x_wconf 84' lang='lat' dir='ltr'>sonitu</span> <span class='ocrx_word' id='word_1_284' title='bbox 930 2150 1077 2199; x_wconf 73' lang='lat' dir='ltr'>editos,</span> <span class='ocrx_word' id='word_1_285' title='bbox 1098 2165 1228 2205; x_wconf 86' lang='lat' dir='ltr'>pavor</span> <span class='ocrx_word' id='word_1_286' title='bbox 1249 2166 1295 2191; x_wconf 88' lang='lat' dir='ltr'>ac</span> <span class='ocrx_word' id='word_1_287' title='bbox 1316 2150 1499 2206; x_wconf 71' lang='lat' dir='ltr'>trepida-</span> 
     </span>
     <span class='ocr_line' id='line_1_35' title="bbox 89 2207 1500 2265; baseline -0.001 -17"><span class='ocrx_word' id='word_1_288' title='bbox 89 2208 148 2249; x_wconf 85' lang='lat' dir='ltr'>tio</span> <span class='ocrx_word' id='word_1_289' title='bbox 168 2209 289 2265; x_wconf 84' lang='lat' dir='ltr'>cepit.</span> <span class='ocrx_word' id='word_1_290' title='bbox 322 2209 486 2259; x_wconf 82' lang='lat' dir='ltr'>deinde,</span> <span class='ocrx_word' id='word_1_291' title='bbox 509 2212 562 2250; x_wconf 80' lang='lat' dir='ltr'>ut&#39;</span> <span class='ocrx_word' id='word_1_292' title='bbox 577 2218 729 2265; x_wconf 87' lang='lat' dir='ltr'>praeter</span> <span class='ocrx_word' id='word_1_293' title='bbox 750 2223 864 2264; x_wconf 84' lang='lat' dir='ltr'>spem</span> <span class='ocrx_word' id='word_1_294' title='bbox 886 2217 994 2249; x_wconf 89' lang='lat' dir='ltr'>stare</span> <span class='ocrx_word' id='word_1_295' title='bbox 1014 2221 1156 2247; x_wconf 89' lang='lat' dir='ltr'>muros</span> <span class='ocrx_word' id='word_1_296' title='bbox 1176 2207 1388 2256; x_wconf 87' lang='lat' dir='ltr'>viderunt,</span> <span class='ocrx_word' id='word_1_297' title='bbox 1405 2222 1500 2247; x_wconf 90' lang='lat' dir='ltr'>con-</span> 
     </span>
     <span class='ocr_line' id='line_1_36' title="bbox 89 2263 1501 2316; baseline -0.001 -11"><span class='ocrx_word' id='word_1_298' title='bbox 89 2264 205 2306; x_wconf 84' lang='lat' dir='ltr'>lectis</span> <span class='ocrx_word' id='word_1_299' title='bbox 243 2281 388 2307; x_wconf 89' lang='lat' dir='ltr'>rursus</span> <span class='ocrx_word' id='word_1_300' title='bbox 427 2265 587 2316; x_wconf 89' lang='lat' dir='ltr'>animis,</span> <span class='ocrx_word' id='word_1_301' title='bbox 627 2265 670 2305; x_wconf 89' lang='lat' dir='ltr'>in</span> <span class='ocrx_word' id='word_1_302' title='bbox 710 2265 857 2306; x_wconf 88' lang='lat' dir='ltr'>arietes</span> <span class='ocrx_word' id='word_1_303' title='bbox 891 2264 924 2287; x_wconf 67' lang='lat'>¹²²</span> <span class='ocrx_word' id='word_1_304' title='bbox 937 2263 1214 2305; x_wconf 89' lang='lat' dir='ltr'>tollenonibus</span> <span class='ocrx_word' id='word_1_305' title='bbox 1254 2263 1501 2305; x_wconf 83' lang='lat' dir='ltr'>libramenta</span> 
     </span>
     <span class='ocr_line' id='line_1_37' title="bbox 92 2319 1500 2377; baseline -0.001 -16"><span class='ocrx_word' id='word_1_306' title='bbox 92 2321 253 2375; x_wconf 90' lang='lat' dir='ltr'>plumbi</span> <span class='ocrx_word' id='word_1_307' title='bbox 283 2331 356 2364; x_wconf 87' lang='lat' dir='ltr'>aut</span> <span class='ocrx_word' id='word_1_308' title='bbox 387 2337 581 2364; x_wconf 85' lang='lat' dir='ltr'>saxorum</span> <span class='ocrx_word' id='word_1_309' title='bbox 605 2321 856 2377; x_wconf 80' lang='lat' dir='ltr'>¹³stipitesve</span> <span class='ocrx_word' id='word_1_310' title='bbox 885 2321 1078 2362; x_wconf 90' lang='lat' dir='ltr'>robustos</span> <span class='ocrx_word' id='word_1_311' title='bbox 1107 2319 1391 2367; x_wconf 87' lang='lat' dir='ltr'>incutiebant;</span> <span class='ocrx_word' id='word_1_312' title='bbox 1425 2319 1500 2360; x_wconf 87' lang='lat' dir='ltr'>fal—</span> 
     </span>
    </p>
   </div>
   <div class='ocr_carea' id='block_1_3' title="bbox 133 2420 501 2454">
    <p class='ocr_par' dir='ltr' id='par_1_4' title="bbox 133 2420 501 2454">
     <span class='ocr_line' id='line_1_38' title="bbox 133 2420 501 2454; baseline 0.008 -5"><span class='ocrx_word' id='word_1_313' title='bbox 133 2422 149 2439; x_wconf 79' lang='lat' dir='ltr'>c</span> <span class='ocrx_word' id='word_1_314' title='bbox 163 2427 202 2450; x_wconf 87' lang='lat' dir='ltr'>est</span> <span class='ocrx_word' id='word_1_315' title='bbox 217 2420 280 2453; x_wconf 88' lang='lat' dir='ltr'>del.</span> <span class='ocrx_word' id='word_1_316' title='bbox 295 2422 392 2454; x_wconf 88' lang='lat' dir='ltr'>Gron.</span> <span class='ocrx_word' id='word_1_317' title='bbox 408 2422 501 2454; x_wconf 89' lang='lat' dir='ltr'>Crev.</span> 
     </span>
    </p>
   </div>
   <div class='ocr_carea' id='block_1_4' title="bbox 90 2504 776 2960">
    <p class='ocr_par' dir='ltr' id='par_1_5' title="bbox 93 2504 776 2790">
     <span class='ocr_line' id='line_1_39' title="bbox 134 2504 773 2545; baseline 0 -9"><span class='ocrx_word' id='word_1_318' title='bbox 134 2504 156 2534; x_wconf 88' lang='grc'><strong>9</strong></span> <span class='ocrx_word' id='word_1_319' title='bbox 181 2504 251 2536; x_wconf 76' lang='lat' dir='ltr'>Tria</span> <span class='ocrx_word' id='word_1_320' title='bbox 271 2509 388 2545; x_wconf 76' lang='lat' dir='ltr'>paribus</span> <span class='ocrx_word' id='word_1_321' title='bbox 410 2508 571 2538; x_wconf 76' lang='lat' dir='ltr'>intervallis</span> <span class='ocrx_word' id='word_1_322' title='bbox 595 2530 603 2538; x_wconf 84' lang='grc'><strong>.</strong></span> <span class='ocrx_word' id='word_1_323' title='bbox 628 2529 636 2537; x_wconf 89' lang='grc'><em>.</em></span> <span class='ocrx_word' id='word_1_324' title='bbox 659 2529 668 2538; x_wconf 87' lang='grc'><strong>.</strong></span> <span class='ocrx_word' id='word_1_325' title='bbox 689 2529 697 2537; x_wconf 92' lang='grc'><strong>.</strong></span> <span class='ocrx_word' id='word_1_326' title='bbox 720 2508 773 2537; x_wconf 80' lang='lat' dir='ltr'>ad-</span> 
     </span>
     <span class='ocr_line' id='line_1_40' title="bbox 94 2547 774 2592; baseline 0.004 -16"><span class='ocrx_word' id='word_1_327' title='bbox 94 2547 196 2588; x_wconf 79' lang='lat' dir='ltr'>movit]</span> <span class='ocrx_word' id='word_1_328' title='bbox 234 2549 376 2590; x_wconf 67' lang='lat' dir='ltr'>Intellige</span> <span class='ocrx_word' id='word_1_329' title='bbox 399 2561 436 2581; x_wconf 83' lang='lat' dir='ltr'>ex</span> <span class='ocrx_word' id='word_1_330' title='bbox 460 2561 489 2581; x_wconf 90' lang='lat' dir='ltr'>c.</span> <span class='ocrx_word' id='word_1_331' title='bbox 513 2560 579 2592; x_wconf 88' lang='lat' dir='ltr'>seq.</span> <span class='ocrx_word' id='word_1_332' title='bbox 600 2549 659 2580; x_wconf 85' lang='lat' dir='ltr'>tria</span> <span class='ocrx_word' id='word_1_333' title='bbox 681 2559 774 2591; x_wconf 86' lang='lat' dir='ltr'>opera</span> 
     </span>
     <span class='ocr_line' id='line_1_41' title="bbox 95 2589 774 2636; baseline 0.004 -17"><span class='ocrx_word' id='word_1_334' title='bbox 95 2589 242 2636; x_wconf 77' lang='lat' dir='ltr'>adyersus</span> <span class='ocrx_word' id='word_1_335' title='bbox 262 2602 358 2622; x_wconf 87' lang='lat' dir='ltr'>unum</span> <span class='ocrx_word' id='word_1_336' title='bbox 381 2593 552 2634; x_wconf 87' lang='lat' dir='ltr'>Pyrrheum</span> <span class='ocrx_word' id='word_1_337' title='bbox 575 2593 719 2624; x_wconf 86' lang='lat' dir='ltr'>admota:</span> <span class='ocrx_word' id='word_1_338' title='bbox 756 2602 774 2622; x_wconf 79' lang='lat' dir='ltr'>a</span> 
     </span>
     <span class='ocr_line' id='line_1_42' title="bbox 94 2631 776 2679; baseline 0.007 -17"><span class='ocrx_word' id='word_1_339' title='bbox 94 2631 209 2679; x_wconf 65' lang='lat' dir='ltr'>quibus</span> <span class='ocrx_word' id='word_1_340' title='bbox 244 2632 363 2665; x_wconf 81' lang='lat' dir='ltr'>diversa</span> <span class='ocrx_word' id='word_1_341' title='bbox 390 2635 515 2666; x_wconf 82' lang='lat' dir='ltr'>fuerunt</span> <span class='ocrx_word' id='word_1_342' title='bbox 542 2646 580 2666; x_wconf 88' lang='lat' dir='ltr'>ea</span> <span class='ocrx_word' id='word_1_343' title='bbox 607 2645 677 2676; x_wconf 84' lang='lat' dir='ltr'>quae</span> <span class='ocrx_word' id='word_1_344' title='bbox 707 2641 776 2677; x_wconf 77' lang='lat' dir='ltr'>post</span> 
     </span>
     <span class='ocr_line' id='line_1_43' title="bbox 94 2677 776 2719; baseline 0.007 -16"><span class='ocrx_word' id='word_1_345' title='bbox 94 2680 308 2706; x_wconf 74' lang='lat' dir='ltr'>nominantur:</span> <span class='ocrx_word' id='word_1_346' title='bbox 333 2677 377 2707; x_wconf 87' lang='lat' dir='ltr'>ita</span> <span class='ocrx_word' id='word_1_347' title='bbox 390 2683 425 2708; x_wconf 87' lang='lat' dir='ltr'>ut</span> <span class='ocrx_word' id='word_1_348' title='bbox 438 2679 574 2719; x_wconf 86' lang='lat' dir='ltr'>quinque</span> <span class='ocrx_word' id='word_1_349' title='bbox 589 2689 609 2710; x_wconf 85' lang='lat' dir='ltr'>a</span> <span class='ocrx_word' id='word_1_350' title='bbox 624 2678 776 2709; x_wconf 82' lang='lat' dir='ltr'>Romanis</span> 
     </span>
     <span class='ocr_line' id='line_1_44' title="bbox 93 2717 774 2763; baseline 0.009 -17"><span class='ocrx_word' id='word_1_351' title='bbox 93 2727 188 2763; x_wconf 74' lang='lat' dir='ltr'>opera</span> <span class='ocrx_word' id='word_1_352' title='bbox 202 2717 346 2750; x_wconf 85' lang='lat' dir='ltr'>adversus</span> <span class='ocrx_word' id='word_1_353' title='bbox 357 2719 555 2752; x_wconf 85' lang='lat' dir='ltr'>Ambraciam</span> <span class='ocrx_word' id='word_1_354' title='bbox 569 2721 693 2752; x_wconf 85' lang='lat' dir='ltr'>admota</span> <span class='ocrx_word' id='word_1_355' title='bbox 708 2721 774 2752; x_wconf 85' lang='lat' dir='ltr'>fue·</span> 
     </span>
     <span class='ocr_line' id='line_1_45' title="bbox 94 2764 166 2790; baseline -0.014 0"><span class='ocrx_word' id='word_1_356' title='bbox 94 2764 166 2790; x_wconf 83' lang='lat' dir='ltr'>nm.</span> 
     </span>
    </p>

    <p class='ocr_par' dir='ltr' id='par_1_6' title="bbox 90 2802 774 2960">
     <span class='ocr_line' id='line_1_46' title="bbox 140 2802 774 2843; baseline 0.011 -12"><span class='ocrx_word' id='word_1_357' title='bbox 140 2803 180 2832; x_wconf 89' lang='grc'>10</span> <span class='ocrx_word' id='word_1_358' title='bbox 202 2802 383 2843; x_wconf 72' lang='lat' dir='ltr'>Pyrrheum]</span> <span class='ocrx_word' id='word_1_359' title='bbox 422 2804 486 2841; x_wconf 86' lang='lat' dir='ltr'>Qui</span> <span class='ocrx_word' id='word_1_360' title='bbox 511 2806 598 2837; x_wconf 86' lang='lat' dir='ltr'>locus</span> <span class='ocrx_word' id='word_1_361' title='bbox 624 2806 666 2838; x_wconf 87' lang='lat' dir='ltr'>sic</span> <span class='ocrx_word' id='word_1_362' title='bbox 689 2806 774 2837; x_wconf 82' lang='lat' dir='ltr'>vide-</span> 
     </span>
     <span class='ocr_line' id='line_1_47' title="bbox 93 2843 774 2890; baseline 0.007 -15"><span class='ocrx_word' id='word_1_363' title='bbox 93 2850 143 2875; x_wconf 77' lang='lat' dir='ltr'>tur</span> <span class='ocrx_word' id='word_1_364' title='bbox 166 2843 266 2874; x_wconf 89' lang='lat' dir='ltr'>dictus</span> <span class='ocrx_word' id='word_1_365' title='bbox 286 2855 304 2875; x_wconf 89' lang='lat' dir='ltr'>a</span> <span class='ocrx_word' id='word_1_366' title='bbox 320 2845 438 2886; x_wconf 86' lang='lat' dir='ltr'>Pyrrho</span> <span class='ocrx_word' id='word_1_367' title='bbox 460 2856 539 2888; x_wconf 84' lang='lat' dir='ltr'>rege,</span> <span class='ocrx_word' id='word_1_368' title='bbox 556 2849 644 2890; x_wconf 87' lang='lat' dir='ltr'>cujus</span> <span class='ocrx_word' id='word_1_369' title='bbox 658 2849 774 2890; x_wconf 85' lang='lat' dir='ltr'>regiam</span> 
     </span>
     <span class='ocr_line' id='line_1_48' title="bbox 94 2886 774 2927; baseline 0.009 -11"><span class='ocrx_word' id='word_1_370' title='bbox 94 2886 127 2916; x_wconf 82' lang='lat' dir='ltr'>in</span> <span class='ocrx_word' id='word_1_371' title='bbox 153 2897 191 2917; x_wconf 87' lang='lat' dir='ltr'>ea</span> <span class='ocrx_word' id='word_1_372' title='bbox 217 2888 291 2918; x_wconf 89' lang='lat' dir='ltr'>urbe</span> <span class='ocrx_word' id='word_1_373' title='bbox 321 2887 414 2919; x_wconf 84' lang='lat' dir='ltr'>fuisse</span> <span class='ocrx_word' id='word_1_374' title='bbox 442 2888 531 2920; x_wconf 85' lang='lat' dir='ltr'>docet</span> <span class='ocrx_word' id='word_1_375' title='bbox 557 2891 661 2922; x_wconf 89' lang='lat' dir='ltr'>Livius</span> <span class='ocrx_word' id='word_1_376' title='bbox 683 2892 774 2927; x_wconf 78' lang='lat' dir='ltr'>insta,</span> 
     </span>
     <span class='ocr_line' id='line_1_49' title="bbox 90 2930 164 2960; baseline -0.014 0"><span class='ocrx_word' id='word_1_377' title='bbox 90 2939 119 2960; x_wconf 82' lang='lat' dir='ltr'>c.</span> <span class='ocrx_word' id='word_1_378' title='bbox 134 2930 164 2959; x_wconf 88' lang='lat'>9.</span> 
     </span>
    </p>
   </div>
   <div class='ocr_carea' id='block_1_5' title="bbox 139 2972 773 3013">
    <p class='ocr_par' dir='ltr' id='par_1_7' title="bbox 139 2972 773 3013">
     <span class='ocr_line' id='line_1_50' title="bbox 139 2972 773 3013; baseline 0.008 -12"><span class='ocrx_word' id='word_1_379' title='bbox 139 2973 174 3002; x_wconf 84' lang='lat'>11</span> <span class='ocrx_word' id='word_1_380' title='bbox 198 2972 378 3013; x_wconf 75' lang='lat' dir='ltr'>AEscnlapii]</span> <span class='ocrx_word' id='word_1_381' title='bbox 419 2973 488 3004; x_wconf 85' lang='lat' dir='ltr'>Hoc</span> <span class='ocrx_word' id='word_1_382' title='bbox 516 2973 631 3005; x_wconf 82' lang='lat' dir='ltr'>dictum</span> <span class='ocrx_word' id='word_1_383' title='bbox 661 2974 773 3006; x_wconf 77' lang='lat' dir='ltr'>intelli-</span> 
     </span>
    </p>
   </div>
   <div class='ocr_carea' id='block_1_6' title="bbox 557 2419 1085 2462">
    <p class='ocr_par' dir='ltr' id='par_1_8' title="bbox 557 2419 1085 2462">
     <span class='ocr_line' id='line_1_51' title="bbox 557 2419 1085 2462; baseline -0.004 -10"><span class='ocrx_word' id='word_1_384' title='bbox 557 2422 573 2445; x_wconf 66' lang='grc' dir='ltr'><strong>ἅ</strong></span> <span class='ocrx_word' id='word_1_385' title='bbox 589 2432 653 2462; x_wconf 81' lang='lat' dir='ltr'>quoe</span> <span class='ocrx_word' id='word_1_386' title='bbox 666 2423 756 2461; x_wconf 78' lang='lat' dir='ltr'>posita</span> <span class='ocrx_word' id='word_1_387' title='bbox 772 2423 800 2451; x_wconf 87' lang='lat' dir='ltr'>in</span> <span class='ocrx_word' id='word_1_388' title='bbox 816 2420 929 2451; x_wconf 76' lang='lat' dir='ltr'>tumulo</span> <span class='ocrx_word' id='word_1_389' title='bbox 942 2426 982 2450; x_wconf 62' lang='lat' dir='ltr'>est</span> <span class='ocrx_word' id='word_1_390' title='bbox 998 2419 1085 2450; x_wconf 89' lang='lat' dir='ltr'>Eaed.</span> 
     </span>
    </p>
   </div>
   <div class='ocr_carea' id='block_1_7' title="bbox 1151 2419 1458 2449">
    <p class='ocr_par' dir='ltr' id='par_1_9' title="bbox 1151 2419 1458 2449">
     <span class='ocr_line' id='line_1_52' title="bbox 1151 2419 1458 2449; baseline 0.003 -1"><span class='ocrx_word' id='word_1_391' title='bbox 1151 2423 1166 2440; x_wconf 63' lang='grc' dir='ltr'>θ</span> <span class='ocrx_word' id='word_1_392' title='bbox 1182 2419 1354 2449; x_wconf 75' lang='lat' dir='ltr'>Acarnania</span> <span class='ocrx_word' id='word_1_393' title='bbox 1370 2420 1458 2449; x_wconf 82' lang='lat' dir='ltr'>Eaed.</span> 
     </span>
    </p>
   </div>
   <div class='ocr_carea' id='block_1_8' title="bbox 814 2504 1503 3057">
    <p class='ocr_par' dir='ltr' id='par_1_10' title="bbox 816 2504 1502 2669">
     <span class='ocr_line' id='line_1_53' title="bbox 817 2504 1501 2547; baseline -0.001 -12"><span class='ocrx_word' id='word_1_394' title='bbox 817 2505 927 2547; x_wconf 84' lang='lat' dir='ltr'>gimus,</span> <span class='ocrx_word' id='word_1_395' title='bbox 949 2504 1037 2546; x_wconf 85' lang='lat' dir='ltr'>quasi</span> <span class='ocrx_word' id='word_1_396' title='bbox 1062 2505 1100 2535; x_wconf 86' lang='lat' dir='ltr'>ab</span> <span class='ocrx_word' id='word_1_397' title='bbox 1124 2505 1337 2543; x_wconf 72' lang='lat' dir='ltr'>AEsculapinm,</span> <span class='ocrx_word' id='word_1_398' title='bbox 1363 2507 1395 2539; x_wconf 77' lang='lat' dir='ltr'>ii,</span> <span class='ocrx_word' id='word_1_399' title='bbox 1419 2505 1501 2546; x_wconf 90' lang='lat' dir='ltr'>quod</span> 
     </span>
     <span class='ocr_line' id='line_1_54' title="bbox 816 2546 1502 2590; baseline 0.001 -12"><span class='ocrx_word' id='word_1_400' title='bbox 816 2555 862 2579; x_wconf 88' lang='lat' dir='ltr'>est</span> <span class='ocrx_word' id='word_1_401' title='bbox 871 2549 1018 2590; x_wconf 79' lang='lat' dir='ltr'>templum</span> <span class='ocrx_word' id='word_1_402' title='bbox 1032 2547 1218 2589; x_wconf 83' lang='lat' dir='ltr'>AEsculapii,</span> <span class='ocrx_word' id='word_1_403' title='bbox 1228 2546 1358 2582; x_wconf 79' lang='lat' dir='ltr'>Graecis,</span> <span class='ocrx_word' id='word_1_404' title='bbox 1368 2548 1502 2580; x_wconf 73' lang='grc' dir='ltr'>Ἀσκλη-</span> 
     </span>
     <span class='ocr_line' id='line_1_55' title="bbox 819 2589 1502 2622; baseline -0.003 -1"><span class='ocrx_word' id='word_1_405' title='bbox 819 2594 914 2622; x_wconf 67' lang='grc' dir='ltr'><strong><em>τιεῖον.</em></strong></span> <span class='ocrx_word' id='word_1_406' title='bbox 967 2590 1087 2621; x_wconf 86' lang='lat' dir='ltr'>Eadem</span> <span class='ocrx_word' id='word_1_407' title='bbox 1124 2589 1221 2620; x_wconf 85' lang='lat' dir='ltr'>forma</span> <span class='ocrx_word' id='word_1_408' title='bbox 1255 2589 1362 2620; x_wconf 83' lang='lat' dir='ltr'>dieunt</span> <span class='ocrx_word' id='word_1_409' title='bbox 1398 2591 1502 2620; x_wconf 87' lang='lat' dir='ltr'>Latini</span> 
     </span>
     <span class='ocr_line' id='line_1_56' title="bbox 819 2633 1186 2669; baseline -0.008 -4"><span class='ocrx_word' id='word_1_410' title='bbox 819 2635 976 2669; x_wconf 79' lang='lat' dir='ltr'>Dianium,</span> <span class='ocrx_word' id='word_1_411' title='bbox 994 2633 1186 2663; x_wconf 66' lang='lat' dir='ltr'>BIinerium.</span> 
     </span>
    </p>

    <p class='ocr_par' dir='ltr' id='par_1_11' title="bbox 821 2674 1501 2751">
     <span class='ocr_line' id='line_1_57' title="bbox 866 2674 1501 2716; baseline -0.005 -9"><span class='ocrx_word' id='word_1_412' title='bbox 866 2676 1158 2716; x_wconf 66' lang='lat' dir='ltr'>12³⁶T0llenonibus]</span> <span class='ocrx_word' id='word_1_413' title='bbox 1197 2675 1272 2716; x_wconf 65' lang='lat' dir='ltr'>Vid.</span> <span class='ocrx_word' id='word_1_414' title='bbox 1295 2680 1360 2705; x_wconf 92' lang='lat' dir='ltr'>not.</span> <span class='ocrx_word' id='word_1_415' title='bbox 1384 2675 1435 2705; x_wconf 79' lang='lat'>82.</span> <span class='ocrx_word' id='word_1_416' title='bbox 1462 2674 1501 2704; x_wconf 85' lang='lat' dir='ltr'>ad</span> 
     </span>
     <span class='ocr_line' id='line_1_58' title="bbox 821 2720 1015 2751; baseline -0.01 0"><span class='ocrx_word' id='word_1_417' title='bbox 821 2720 947 2751; x_wconf 82' lang='lat' dir='ltr'>XXIV.</span> <span class='ocrx_word' id='word_1_418' title='bbox 961 2720 1015 2750; x_wconf 79' lang='lat'>34.</span> 
     </span>
    </p>

    <p class='ocr_par' dir='ltr' id='par_1_12' title="bbox 814 2757 1503 2974">
     <span class='ocr_line' id='line_1_59' title="bbox 862 2757 1502 2801; baseline -0.009 -9"><span class='ocrx_word' id='word_1_419' title='bbox 862 2763 900 2793; x_wconf 91' lang='lat'>13</span> <span class='ocrx_word' id='word_1_420' title='bbox 924 2762 1042 2801; x_wconf 77' lang='lat' dir='ltr'>stipites</span> <span class='ocrx_word' id='word_1_421' title='bbox 1065 2782 1073 2792; x_wconf 89' lang='lat'>.</span> <span class='ocrx_word' id='word_1_422' title='bbox 1096 2784 1103 2791; x_wconf 93' lang='lat'>.</span> <span class='ocrx_word' id='word_1_423' title='bbox 1120 2783 1128 2791; x_wconf 94' lang='lat'>.</span> <span class='ocrx_word' id='word_1_424' title='bbox 1150 2759 1292 2799; x_wconf 81' lang='lat' dir='ltr'>robustos]</span> <span class='ocrx_word' id='word_1_425' title='bbox 1339 2757 1464 2798; x_wconf 84' lang='lat' dir='ltr'>Stipites</span> <span class='ocrx_word' id='word_1_426' title='bbox 1485 2767 1502 2787; x_wconf 89' lang='lat' dir='ltr'>e</span> 
     </span>
     <span class='ocr_line' id='line_1_60' title="bbox 817 2800 1502 2842; baseline -0.01 -7"><span class='ocrx_word' id='word_1_427' title='bbox 817 2805 935 2840; x_wconf 87' lang='lat' dir='ltr'>robore,</span> <span class='ocrx_word' id='word_1_428' title='bbox 959 2803 1120 2834; x_wconf 81' lang='lat' dir='ltr'>durissimo</span> <span class='ocrx_word' id='word_1_429' title='bbox 1142 2802 1237 2842; x_wconf 84' lang='lat' dir='ltr'>ligno.</span> <span class='ocrx_word' id='word_1_430' title='bbox 1282 2800 1444 2841; x_wconf 75' lang='lat' dir='ltr'>Polybius,</span> <span class='ocrx_word' id='word_1_431' title='bbox 1465 2809 1502 2829; x_wconf 87' lang='lat' dir='ltr'>ex</span> 
     </span>
     <span class='ocr_line' id='line_1_61' title="bbox 814 2845 1503 2888; baseline -0.01 -10"><span class='ocrx_word' id='word_1_432' title='bbox 814 2858 877 2888; x_wconf 90' lang='lat' dir='ltr'>quo</span> <span class='ocrx_word' id='word_1_433' title='bbox 903 2847 970 2877; x_wconf 85' lang='lat' dir='ltr'>haec</span> <span class='ocrx_word' id='word_1_434' title='bbox 999 2852 1122 2888; x_wconf 83' lang='lat' dir='ltr'>sumpta</span> <span class='ocrx_word' id='word_1_435' title='bbox 1152 2845 1284 2878; x_wconf 83' lang='lat' dir='ltr'>fuerant,</span> <span class='ocrx_word' id='word_1_436' title='bbox 1315 2849 1347 2872; x_wconf 91' lang='lat' dir='ltr'>ut</span> <span class='ocrx_word' id='word_1_437' title='bbox 1377 2847 1503 2884; x_wconf 80' lang='lat' dir='ltr'>apparet</span> 
     </span>
     <span class='ocr_line' id='line_1_62' title="bbox 817 2884 1502 2930; baseline -0.009 -10"><span class='ocrx_word' id='word_1_438' title='bbox 817 2901 855 2921; x_wconf 91' lang='lat' dir='ltr'>ex</span> <span class='ocrx_word' id='word_1_439' title='bbox 879 2889 992 2930; x_wconf 80' lang='lat' dir='ltr'>insigni</span> <span class='ocrx_word' id='word_1_440' title='bbox 1015 2889 1082 2930; x_wconf 78' lang='lat' dir='ltr'>ejus</span> <span class='ocrx_word' id='word_1_441' title='bbox 1103 2888 1283 2928; x_wconf 82' lang='lat' dir='ltr'>fragmentO,</span> <span class='ocrx_word' id='word_1_442' title='bbox 1308 2885 1401 2916; x_wconf 81' lang='lat' dir='ltr'>habet</span> <span class='ocrx_word' id='word_1_443' title='bbox 1425 2884 1502 2917; x_wconf 64' lang='grc' dir='ltr'>ςύτη</span> 
     </span>
     <span class='ocr_line' id='line_1_63' title="bbox 818 2931 923 2974; baseline -0.01 -12"><span class='ocrx_word' id='word_1_444' title='bbox 818 2931 923 2974; x_wconf 67' lang='grc' dir='ltr'><strong><em>δςῦἶνα.</em></strong></span> 
     </span>
    </p>

    <p class='ocr_par' dir='ltr' id='par_1_13' title="bbox 878 3018 946 3057">
     <span class='ocr_line' id='line_1_64' title="bbox 878 3018 946 3057; baseline 0 -14"><span class='ocrx_word' id='word_1_445' title='bbox 878 3030 898 3057; x_wconf 78' lang='lat' dir='ltr'>Z</span> <span class='ocrx_word' id='word_1_446' title='bbox 921 3018 946 3043; x_wconf 83' lang='lat' dir='ltr'>O</span> 
     </span>
    </p>
   </div>
   <div class='ocr_carea' id='block_1_9' title="bbox 922 3043 946 3055">
    <p class='ocr_par' dir='ltr' id='par_1_14' title="bbox 922 3043 946 3055">
     <span class='ocr_line' id='line_1_65' title="bbox 922 3043 946 3055; baseline 0 0"><span class='ocrx_word' id='word_1_447' title='bbox 922 3043 946 3055; x_wconf 63' lang='grc' dir='ltr'><strong>Ν</strong></span> 
     </span>
    </p>
   </div>
  </div>
 </body>
</html>
