1947 3222
383 91 456 131 322
913 86 1050 126 TITI
1096 86 1266 124 LIVI1

176 212 355 245 U.C.56·3.
389 195 595 244 Pictorem
627 193 831 239 flaminem
863 197 1133 248 Quirinalem,
1155 196 1278 253 quale
1312 203 1480 253 patrum
1510 193 1708 236 memoria
1735 192 1799 233 in«

178 257 218 286 A.
234 256 271 285 C.
286 255 356 286 189.
389 267 453 301 ter
475 258 525 299 L.
545 255 766 297 Metellum
788 263 827 295 et
847 255 1113 297 Postumium
1135 254 1340 296 Albinum
1361 254 1510 295 fuerat.
1573 249 1802 293 Consulem

200 1981 330 2009 Senatus

200 2022 331 2053 Eumeni

201 2066 301 2096 datus.

390 316 524 365 illum,
547 328 641 355 cum
674 314 723 353 C.
749 312 920 353 Lutatio
940 310 1099 366 collega
1117 312 1161 352 in
1184 311 1363 352 Siciliam
1393 311 1446 352 ad
1476 310 1644 351 classem
1674 305 1800 362 profi«

391 373 624 420 ciscmtem,
646 369 699 410 ad
730 384 845 414 sacra
864 367 1092 408 retinuerat
1114 368 1316 409 Metellus
1345 368 1534 424 pontifex
1563 365 1800 426 maximus:

392 437 613 486 praetorem
632 427 760 475 hunc,
781 440 832 465 ne
854 424 895 464 in
918 423 1152 464 Sardiniam
1173 424 1516 479 proficisceretur,
1541 426 1588 465 P.
1613 420 1805 482 Licimus

394 485 539 528 tenuit.
602 485 660 524 Et
690 483 732 522 in
764 488 923 530 senatu,
955 488 996 521 et
1027 479 1082 520 ad
1110 481 1315 536 populum
1344 482 1504 536 magnis
1534 476 1804 522 contentioni-

393 544 473 584 bus
502 548 707 582 certatum
738 546 824 585 est3
858 545 899 578 et
930 535 962 560 ‘²⁵
975 536 1150 592 imperia
1182 537 1361 579 inhibita
1390 539 1502 580 ultro
1532 540 1736 593 citroque,
1762 543 1804 574 et

394 600 427 623 ‘²⁵
439 599 614 655 pignora
648 602 784 651 capta,
813 602 854 635 et
895 593 1039 635 multae
1074 593 1213 643 dictae,
1245 603 1285 636 et
1320 594 1478 636 tribuni
1519 594 1732 652 adpellati,
1763 600 1805 632 et

395 661 668 713 provocatum
688 652 742 692 ad
771 651 976 707 populum
998 659 1072 691 est.
1133 649 1300 706 Religio
1330 651 1384 692 ad
1412 660 1669 708 postremum
1689 650 1804 700 vicit,

397 721 445 753 ut
467 711 580 752 dicto
600 709 773 750 audiens
802 716 907 749 esset
937 707 1087 748 flamen
1117 708 1330 763 pontifici;
1363 717 1404 750 et
1434 709 1578 750 multae
1608 725 1657 750 ex
1683 710 1807 764 jussu

398 767 543 825 populi
578 765 769 807 remissae.
832 766 903 806 Ira
936 765 1160 821 provinciae
1195 773 1370 821 ereptaeq
1404 774 1624 821 praetorem
1659 765 1810 821 magis-

399 834 515 866 tratu
535 823 728 865 abdicare
759 838 800 862 se
821 830 1037 863 conantem
1061 823 1207 863 Patres
1227 823 1477 864 auctoritate
1498 839 1573 864 sua
1601 822 1813 863 deterrue-

401 890 524 922 runt:
558 890 614 931 et,
636 889 684 921 ut
700 880 772 936 jus
792 878 901 920 inter
929 879 1168 935 peregrinos
1188 879 1358 929 diceret,
1381 879 1665 921 decreverunt.
1726 878 1813 919 De-

401 939 579 979 lectibus
599 936 749 978 deinde
777 935 888 977 intra
917 951 1072 992 paucos
1092 935 1179 977 dies
1203 936 1358 992 (neque
1378 936 1485 977 enim
1515 937 1638 978 multi
1661 935 1814 977 milites

402 995 567 1051 legendi
598 997 736 1048 erant)
758 993 967 1049 perfectiS,
989 993 1177 1034 consules
1206 1002 1489 1049 praetoresque
1510 993 1552 1035 in
1580 992 1816 1050 provincias

402 1052 735 1108 proficiscuntur.
797 1051 929 1090 Fama
949 1050 1098 1090 deinde
1119 1049 1171 1090 de
1191 1051 1316 1091 rebus
1336 1050 1379 1090 in
1395 1051 1499 1091 Asia
1519 1051 1646 1107 gestis
1661 1059 1817 1093 temere

403 1109 578 1164 vulgata
598 1108 683 1149 sine
713 1115 905 1148 auctore:
939 1115 979 1147 et
1009 1114 1103 1162 post
1124 1106 1211 1147 dies
1240 1122 1395 1163 paucos
1424 1107 1563 1148 nuncii
1594 1108 1696 1149 certi
1726 1107 1817 1150 lite·-

404 1181 547 1222 raeque
578 1164 837 1220 imperatoris
865 1165 1043 1204 Romam
1074 1163 1249 1210 adlatae;
1283 1179 1380 1220 quae
1407 1179 1489 1205 non
1519 1173 1684 1206 tantum
1714 1180 1817 1221 gaui-

404 1222 521 1264 dium
543 1222 596 1263 ab
616 1220 770 1262 recenti
791 1228 905 1261 metu
937 1220 1194 1270 adtulerunt,
1218 1220 1443 1272 (desierant
1464 1222 1574 1262 enim
1595 1221 1751 1263 victum
1774 1222 1815 1263 in

406 1279 570 1320 AEtolia
588 1280 792 1333 metuere)
815 1277 988 1333 4⁷quam
1016 1285 1254 1318 averterunt
1285 1277 1463 1318 famam:
1496 1278 1609 1334 quod
1640 1278 1820 1320 ineunti-

404 1338 486 1377 bus
515 1336 557 1377 id
588 1335 744 1376 bellum
775 1336 914 1391 gravis
943 1334 1074 1375 hostis
1094 1342 1134 1375 et
1157 1335 1240 1375 suis
1260 1334 1434 1384 viribus,
1457 1343 1497 1376 ct
1518 1335 1633 1390 quod
1656 1335 1818 1376 Hanni»-

404 1393 540 1435 halem
576 1400 776 1433 rectorem
812 1391 972 1432 militiae
1006 1391 1192 1441 haberet,
1224 1390 1337 1431 visus
1366 1391 1515 1432 fuerat.
1545 1391 1650 1432 nihil
1681 1400 1820 1446 tamen

406 1459 480 1492 aut
503 1450 554 1490 de
575 1449 743 1491 consule
772 1448 979 1490 mittendo
1008 1447 1049 1488 in
1071 1448 1217 1488 Asiam
1241 1448 1506 1498 mutandum,
1529 1455 1602 1488 aut
1632 1448 1820 1489 minuen-

408 1507 482 1548 das
516 1508 623 1563 ejus‘
658 1506 811 1562 copias,
843 1512 1120 1552 censuerunt3
1159 1513 1289 1554 metu,
1325 1520 1376 1545 ne
1411 1520 1505 1545 cum
1544 1504 1679 1546 Gallis
1712 1505 1820 1546 foret

409 1562 662 1605 bellandum.
1527 1570 1529 1573 '

468 1621 586 1661 LII:
608 1619 741 1660 Haud
775 1620 909 1660 multo
944 1627 1039 1676 post
1076 1620 1138 1659 Μ.
1162 1618 1363 1659 Aurelius
1401 1620 1540 1668 Cotta,
1572 1619 1735 1674 legatus
1767 1616 1817 1659 L.

412 1676 628 1733 Scipionis,
670 1692 765 1717 cum
806 1677 1007 1717 Antiochi
1057 1675 1165 1730 regis
1211 1675 1373 1729 legatis,
1414 1683 1456 1716 et
1497 1676 1708 1716 Eumenes
1747 1691 1820 1716 rex

409 1733 692 1789 ‘¹⁸Rhodiique
724 1735 903 1774 Romam
933 1741 1149 1773 venerunt.
1212 1733 1338 1772 Cotta
1367 1733 1409 1772 in
1441 1740 1583 1773 senatu
1620 1733 1819 1788 primum,

408 1791 559 1832 deinde
588 1792 631 1831 in
652 1790 845 1831 concione
869 1791 992 1845 jussu
1016 1790 1206 1838 Patrum,
1228 1803 1324 1844 quae
1354 1796 1446 1830 acta
1474 1790 1517 1829 in
1540 1789 1643 1829 Asia
1672 1797 1821 1838 essent,

410 1847 616 1904 exposuit.
694 1846 952 1903 Supplicatio
998 1845 1094 1886 inde
1144 1845 1184 1885 in
1229 1844 1418 1890 triduum
1459 1845 1625 1886 decreta
1664 1854 1740 1893 est,
1781 1854 1821 1886 et

411 1904 692 1961 quadraginta
711 1904 887 1959 majores
905 1902 1052 1944 hostiae
1082 1902 1271 1943 inmolari
1295 1902 1436 1958 jussae.
1500 1903 1614 1943 Tum
1636 1903 1821 1943 omnium

410 1962 593 2017 primum
625 1960 806 2001 Eumeni
842 1968 1008 2001 senatus
1038 1959 1162 2001 datus
1193 1966 1266 1999 cst.
1329 1959 1373 1999 Is
1403 1974 1534 2015 quum
1569 1959 1753 2001 breviter
1781 1967 1822 2000 et

409 2019 559 2074 egisset
579 2018 735 2073 gratias
758 2017 970 2067 Patribus,
993 2018 1098 2070 quod
1117 2016 1322 2057 obsidione
1339 2030 1379 2056 se
1400 2031 1448 2056 ac
1455 2017 1640 2071 fratrem
1659 2017 1824 2062 exemi&

410 2085 510 2125 sent,
533 2089 771 2128 regnumque
791 2075 842 2114 ab
862 2073 1026 2126 injuriis
1046 2073 1241 2114 Antiochi
1260 2074 1550 2114 vindicassent:
1581 2082 1621 2115 et
1641 2073 1826 2129 gratula-

413 2141 482 2174 tus
502 2140 621 2181 esset,
639 2133 745 2185 qnod
760 2133 867 2172 mari
886 2137 1072 2186 terraque
1087 2145 1282 2184 prospere
1302 2145 1364 2170 res
1378 2132 1591 2184 gessissent
1598 2153 1611 2177 ;
1646 2131 1826 2184 quodque

412 2203 543 2242 regem
565 2190 814 2237 Antiochum,
822 2188 963 2242 fusum
978 2233 984 2241 ¹
990 2189 1252 2243 fugatumque
1279 2194 1316 2227 et
1347 2194 1503 2227 exutum
1533 2189 1690 2236 castris,
1708 2188 1826 2240 prius

414 2248 600 2298 Europa,
619 2252 710 2298 post
740 2253 777 2286 el·
806 2247 922 2294 Asia,
948 2259 1036 2299 (June
1065 2247 1121 2286 cis
1153 2246 1329 2285 Taurum
1363 2253 1527 2285 montem
1558 2251 1627 2292 est,
1650 2245 1826 2297 expulis—

415 2310 520 2344 sent.-
551 2317 622 2343 sua
644 2302 793 2343 deinde
825 2304 965 2343 merila
988 2304 1106 2343 malle
1126 2317 1189 2343 eos
1210 2317 1258 2342 ea:
1282 2301 1588 2355 imperatoribus
1605 2303 1687 2342 suis
1716 2303 1825 2356 lega-

686 2407 702 2431 q
718 2402 766 2432 Ιια
780 2403 929 2442 provincia
944 2409 1040 2442 erepta
1057 2403 1154 2434 Gron.
1171 2403 1259 2432 Crev.
1388 2405 1400 2421 Υ
1414 2412 1459 2431 eas
1474 2400 1559 2431 Eaed.

464 2504 504 2535 45
515 2504 533 2521 '¹
547 2502 671 2542 Imperia
699 2504 822 2534 iuhibim
851 2504 930 2533 ultro
955 2503 1098 2544 citroque]
1144 2503 1252 2534 vendae
1282 2502 1445 2534 necessitas
1474 2501 1692 2543 injungeretur.
1750 2501 1827 2534 Vid.

422 2546 556 2577 Praetore
583 2545 736 2579 nimirum,
767 2556 821 2586 pro
851 2546 919 2586 jure
952 2545 1100 2587 pra-toria?
1145 2552 1208 2576 not.
1224 2546 1273 2575 70.
1291 2545 1330 2576 ad
1348 2546 1369 2576 l.
1387 2545 1452 2575 ΙΙΙ.
1469 2557 1496 2576 c.
1514 2548 1566 2576 38.

422 2588 590 2631 potestatis,
609 2589 737 2629 jubente
760 2588 934 2629 pontificem
957 2588 1102 2619 absistere
1190 2590 1227 2618 47
1245 2588 1338 2622 Quam
1357 2596 1525 2619 averna-unt
1540 2589 1664 2629 firmam]
1682 2587 1824 2629 Ingenio-

422 2632 563 2673 incepto;
600 2631 742 2673 pontifice
779 2630 924 2665 maximo,
954 2637 1101 2672 tanquam
1145 2642 1177 2662 se
1193 2636 1224 2660 et
1238 2641 1307 2661 vere
1323 2631 1398 2661 Alb.
1414 2626 1586 2667 Rubenius,
1602 2643 1685 2672 qnam
1700 2644 1717 2660 a
1734 2638 1827 2662 vetere

422 2685 541 2707 summo
592 2685 744 2705 sacrorum
788 2673 934 2708 antistite,
974 2673 1101 2713 jubente
1134 2673 1236 2715 filma.
1271 2674 1320 2705 Sic
1332 2674 1486 2715 scripsisse
1507 2675 1624 2705 Livium
1639 2674 1687 2706 vix
1703 2673 1826 2708 dubita-

423 2722 594 2758 prretorein,
609 2717 661 2757 qui
686 2716 814 2747 Flamen
837 2716 1005 2752 Quirinalis
1026 2722 1101 2751 erat,
1149 2716 1201 2749 bit¹
1215 2715 1307 2757 quiet
1322 2727 1359 2748 ea
1374 2727 1442 2758 ‹111ae
1456 2718 1645 2758 praecedunt,
1659 2722 1689 2747 et
1705 2727 1741 2747 ea
1757 2726 1825 2757 quae

425 2765 517 2800 atque
532 2759 600 2790 ideo
611 2759 703 2800 jussis
716 2757 868 2801 pontificis
890 2759 1013 2789 maximi
1030 2760 1101 2789 sub·
1146 2765 1323 2799 sequuntur,
1341 2761 1432 2801 paulo
1449 2761 1595 2792 attentius
1609 2759 1811 2803 perpenderit.

421 2801 533 2842 jectus‚
549 2802 606 2833 sibi
622 2802 703 2833 (licto
717 2801 892 2833 audientem
907 2810 983 2831 esse.
1190 2803 1229 2832 43
1263 2802 1434 2844 Rhodiique]
1484 2805 1542 2836 Vel
1585 2802 1734 2843 intellige,
1780 2801 1827 2832 vel

469 2845 509 2875 46
534 2845 663 2886 Pignora
691 2845 792 2885 capta]
830 2844 869 2874 Ut
897 2844 1018 2874 mulcta:
1042 2844 1101 2874 sol-
1148 2844 1226 2875 adde
1243 2846 1342 2885 legati,
