<?xml version="1.0" encoding="UTF-8"?>
<!DOCTYPE html PUBLIC "-//W3C//DTD XHTML 1.0 Transitional//EN"
    "http://www.w3.org/TR/xhtml1/DTD/xhtml1-transitional.dtd">
<html xmlns="http://www.w3.org/1999/xhtml" xml:lang="en" lang="en">
 <head>
  <title>
</title>
<meta http-equiv="Content-Type" content="text/html;charset=utf-8" />
  <meta name='ocr-system' content='tesseract 3.04.00' />
  <meta name='ocr-capabilities' content='ocr_page ocr_carea ocr_par ocr_line ocrx_word'/>
</head>
<body>
  <div class='ocr_page' id='page_1' title='image "./historiarumaburb03livyuoft_0122.png"; bbox 0 0 1947 3222; ppageno 0'>
   <div class='ocr_carea' id='block_1_1' title="bbox 150 228 332 304">
    <p class='ocr_par' dir='ltr' id='par_1_1' title="bbox 150 228 332 304">
     <span class='ocr_line' id='line_1_1' title="bbox 150 228 332 262; baseline -0.022 0"><span class='ocrx_word' id='word_1_1' title='bbox 150 229 195 262; x_wconf 88' lang='lat' dir='ltr'>U.</span> <span class='ocrx_word' id='word_1_2' title='bbox 209 228 332 261; x_wconf 83' lang='lat' dir='ltr'>C.556.</span> 
     </span>
     <span class='ocr_line' id='line_1_2' title="bbox 151 271 331 304; baseline -0.017 0"><span class='ocrx_word' id='word_1_3' title='bbox 151 272 194 304; x_wconf 81' lang='lat' dir='ltr'>A.</span> <span class='ocrx_word' id='word_1_4' title='bbox 207 271 247 303; x_wconf 87' lang='lat' dir='ltr'>C.</span> <span class='ocrx_word' id='word_1_5' title='bbox 261 271 331 303; x_wconf 87' lang='lat'><strong>196.</strong></span> 
     </span>
    </p>
   </div>
   <div class='ocr_carea' id='block_1_2' title="bbox 151 1253 354 1328">
    <p class='ocr_par' dir='ltr' id='par_1_2' title="bbox 151 1253 354 1328">
     <span class='ocr_line' id='line_1_3' title="bbox 151 1253 336 1295; baseline -0.005 -10"><span class='ocrx_word' id='word_1_6' title='bbox 151 1253 336 1295; x_wconf 82' lang='lat' dir='ltr'>Brachyllas</span> 
     </span>
     <span class='ocr_line' id='line_1_4' title="bbox 153 1296 354 1328; baseline 0 -1"><span class='ocrx_word' id='word_1_7' title='bbox 153 1296 354 1328; x_wconf 78' lang='lat' dir='ltr'>Boeotarclia.</span> 
     </span>
    </p>
   </div>
   <div class='ocr_carea' id='block_1_3' title="bbox 373 108 1267 149">
    <p class='ocr_par' dir='ltr' id='par_1_3' title="bbox 373 108 1267 149">
     <span class='ocr_line' id='line_1_5' title="bbox 373 108 1267 149; baseline -0.003 0"><span class='ocrx_word' id='word_1_8' title='bbox 373 116 447 149; x_wconf 79' lang='lat'>112</span> <span class='ocrx_word' id='word_1_9' title='bbox 894 108 1043 148; x_wconf 88' lang='lat' dir='ltr'>T1T1</span> <span class='ocrx_word' id='word_1_10' title='bbox 1089 109 1267 147; x_wconf 83' lang='lat' dir='ltr'>L1V11</span> 
     </span>
    </p>
   </div>
   <div class='ocr_carea' id='block_1_4' title="bbox 361 216 1793 1809">
    <p class='ocr_par' dir='ltr' id='par_1_4' title="bbox 361 216 1793 1809">
     <span class='ocr_line' id='line_1_6' title="bbox 367 216 1783 274; baseline -0.001 -14"><span class='ocrx_word' id='word_1_11' title='bbox 367 234 409 260; x_wconf 88' lang='lat' dir='ltr'>se</span> <span class='ocrx_word' id='word_1_12' title='bbox 428 218 561 260; x_wconf 69' lang='lat' dir='ltr'>²⁵auri</span> <span class='ocrx_word' id='word_1_13' title='bbox 591 217 703 259; x_wconf 90' lang='lat' dir='ltr'>mille</span> <span class='ocrx_word' id='word_1_14' title='bbox 733 225 775 260; x_wconf 90' lang='lat' dir='ltr'>et</span> <span class='ocrx_word' id='word_1_15' title='bbox 799 217 1032 273; x_wconf 79' lang='lat' dir='ltr'>quingenta</span> <span class='ocrx_word' id='word_1_16' title='bbox 1059 217 1299 274; x_wconf 83' lang='lat' dir='ltr'>quindecim</span> <span class='ocrx_word' id='word_1_17' title='bbox 1330 217 1484 274; x_wconf 88' lang='lat' dir='ltr'>pondo,</span> <span class='ocrx_word' id='word_1_18' title='bbox 1506 216 1707 274; x_wconf 75' lang='lat' dir='ltr'>²⁶argenti</span> <span class='ocrx_word' id='word_1_19' title='bbox 1729 218 1783 259; x_wconf 86' lang='lat' dir='ltr'>vi-</span> 
     </span>
     <span class='ocr_line' id='line_1_7' title="bbox 364 274 1788 332; baseline 0 -15"><span class='ocrx_word' id='word_1_20' title='bbox 364 276 472 332; x_wconf 88' lang='lat' dir='ltr'>ginti</span> <span class='ocrx_word' id='word_1_21' title='bbox 508 274 650 326; x_wconf 84' lang='lat' dir='ltr'>millia,</span> <span class='ocrx_word' id='word_1_22' title='bbox 682 275 834 331; x_wconf 88' lang='lat' dir='ltr'>signati</span> <span class='ocrx_word' id='word_1_23' title='bbox 864 274 1115 316; x_wconf 56' lang='lat' dir='ltr'>2⁷denarios&amp;</span> <span class='ocrx_word' id='word_1_24' title='bbox 1145 274 1319 330; x_wconf 87' lang='lat' dir='ltr'>triginta</span> <span class='ocrx_word' id='word_1_25' title='bbox 1352 282 1537 330; x_wconf 88' lang='lat' dir='ltr'>quatuor</span> <span class='ocrx_word' id='word_1_26' title='bbox 1571 274 1715 325; x_wconf 88' lang='lat' dir='ltr'>millia,</span> <span class='ocrx_word' id='word_1_27' title='bbox 1746 283 1788 317; x_wconf 87' lang='lat' dir='ltr'>et</span> 
     </span>
     <span class='ocr_line' id='line_1_8' title="bbox 364 331 1789 390; baseline -0.001 -17"><span class='ocrx_word' id='word_1_28' title='bbox 364 333 619 390; x_wconf 88' lang='lat' dir='ltr'>quingentos</span> <span class='ocrx_word' id='word_1_29' title='bbox 639 332 961 388; x_wconf 85' lang='lat' dir='ltr'>quinquaginta.</span> <span class='ocrx_word' id='word_1_30' title='bbox 1024 332 1075 371; x_wconf 93' lang='lat' dir='ltr'>L.</span> <span class='ocrx_word' id='word_1_31' title='bbox 1096 332 1320 373; x_wconf 83' lang='lat' dir='ltr'>Stertinius</span> <span class='ocrx_word' id='word_1_32' title='bbox 1341 347 1391 373; x_wconf 87' lang='lat' dir='ltr'>ex</span> <span class='ocrx_word' id='word_1_33' title='bbox 1414 331 1612 372; x_wconf 89' lang='lat' dir='ltr'>ulteriore</span> <span class='ocrx_word' id='word_1_34' title='bbox 1634 331 1789 387; x_wconf 81' lang='lat' dir='ltr'>Hispa.</span> 
     </span>
     <span class='ocr_line' id='line_1_9' title="bbox 362 387 1790 444; baseline -0.001 -14"><span class='ocrx_word' id='word_1_35' title='bbox 362 390 447 440; x_wconf 88' lang='lat' dir='ltr'>nia,</span> <span class='ocrx_word' id='word_1_36' title='bbox 468 406 520 431; x_wconf 91' lang='lat' dir='ltr'>ne</span> <span class='ocrx_word' id='word_1_37' title='bbox 551 397 711 431; x_wconf 86' lang='lat' dir='ltr'>tentata</span> <span class='ocrx_word' id='word_1_38' title='bbox 737 388 908 444; x_wconf 90' lang='lat' dir='ltr'>quidem</span> <span class='ocrx_word' id='word_1_39' title='bbox 938 387 1141 443; x_wconf 89' lang='lat' dir='ltr'>triumphi</span> <span class='ocrx_word' id='word_1_40' title='bbox 1169 403 1255 444; x_wconf 91' lang='lat' dir='ltr'>spe,</span> <span class='ocrx_word' id='word_1_41' title='bbox 1277 387 1631 444; x_wconf 72' lang='lat' dir='ltr'>²⁸quinquaginta</span> <span class='ocrx_word' id='word_1_42' title='bbox 1660 387 1790 429; x_wconf 88' lang='lat' dir='ltr'>millia</span> 
     </span>
     <span class='ocr_line' id='line_1_10' title="bbox 362 443 1789 503; baseline -0.001 -15"><span class='ocrx_word' id='word_1_43' title='bbox 362 446 504 503; x_wconf 92' lang='lat' dir='ltr'>pondo</span> <span class='ocrx_word' id='word_1_44' title='bbox 525 446 687 501; x_wconf 84' lang='lat' dir='ltr'>argenti</span> <span class='ocrx_word' id='word_1_45' title='bbox 718 445 760 485; x_wconf 91' lang='lat' dir='ltr'>in</span> <span class='ocrx_word' id='word_1_46' title='bbox 781 444 973 486; x_wconf 84' lang='lat' dir='ltr'>aerarium</span> <span class='ocrx_word' id='word_1_47' title='bbox 997 443 1120 486; x_wconf 84' lang='lat' dir='ltr'>tulit:</span> <span class='ocrx_word' id='word_1_48' title='bbox 1154 453 1196 486; x_wconf 90' lang='lat' dir='ltr'>et</span> <span class='ocrx_word' id='word_1_49' title='bbox 1216 445 1269 485; x_wconf 89' lang='lat' dir='ltr'>de</span> <span class='ocrx_word' id='word_1_50' title='bbox 1296 445 1504 486; x_wconf 89' lang='lat' dir='ltr'>manubiis</span> <span class='ocrx_word' id='word_1_51' title='bbox 1525 445 1632 487; x_wconf 90' lang='lat' dir='ltr'>duos</span> <span class='ocrx_word' id='word_1_52' title='bbox 1662 444 1789 486; x_wconf 88' lang='lat' dir='ltr'>forni-</span> 
     </span>
     <span class='ocr_line' id='line_1_11' title="bbox 362 501 1786 552; baseline -0.001 -8"><span class='ocrx_word' id='word_1_53' title='bbox 362 518 430 544; x_wconf 87' lang='lat' dir='ltr'>ces</span> <span class='ocrx_word' id='word_1_54' title='bbox 450 503 493 544; x_wconf 92' lang='lat' dir='ltr'>in</span> <span class='ocrx_word' id='word_1_55' title='bbox 522 504 615 544; x_wconf 87' lang='lat' dir='ltr'>foro</span> <span class='ocrx_word' id='word_1_56' title='bbox 642 501 794 542; x_wconf 85' lang='lat' dir='ltr'>Boario</span> <span class='ocrx_word' id='word_1_57' title='bbox 818 509 914 542; x_wconf 91' lang='lat' dir='ltr'>ante</span> <span class='ocrx_word' id='word_1_58' title='bbox 943 501 979 540; x_wconf 86' lang='lat' dir='ltr'>F</span> <span class='ocrx_word' id='word_1_59' title='bbox 982 509 1146 542; x_wconf 84' lang='lat' dir='ltr'>ortunae</span> <span class='ocrx_word' id='word_1_60' title='bbox 1176 501 1309 542; x_wconf 81' lang='lat' dir='ltr'>aedem</span> <span class='ocrx_word' id='word_1_61' title='bbox 1339 509 1379 543; x_wconf 89' lang='lat' dir='ltr'>et</span> <span class='ocrx_word' id='word_1_62' title='bbox 1410 502 1554 544; x_wconf 88' lang='lat' dir='ltr'>matris</span> <span class='ocrx_word' id='word_1_63' title='bbox 1586 503 1786 552; x_wconf 84' lang='lat' dir='ltr'>Matutae,</span> 
     </span>
     <span class='ocr_line' id='line_1_12' title="bbox 362 557 1790 614; baseline -0.001 -14"><span class='ocrx_word' id='word_1_64' title='bbox 362 575 496 602; x_wconf 90' lang='lat' dir='ltr'>unum</span> <span class='ocrx_word' id='word_1_65' title='bbox 526 560 570 600; x_wconf 87' lang='lat' dir='ltr'>in</span> <span class='ocrx_word' id='word_1_66' title='bbox 600 558 782 599; x_wconf 89' lang='lat' dir='ltr'>maximo</span> <span class='ocrx_word' id='word_1_67' title='bbox 803 557 912 598; x_wconf 92' lang='lat' dir='ltr'>circo</span> <span class='ocrx_word' id='word_1_68' title='bbox 932 557 1055 598; x_wconf 84' lang='lat' dir='ltr'>fecit:</span> <span class='ocrx_word' id='word_1_69' title='bbox 1088 566 1129 599; x_wconf 89' lang='lat' dir='ltr'>et</span> <span class='ocrx_word' id='word_1_70' title='bbox 1149 558 1215 598; x_wconf 88' lang='lat' dir='ltr'>his</span> <span class='ocrx_word' id='word_1_71' title='bbox 1234 558 1464 600; x_wconf 86' lang='lat' dir='ltr'>fornicibus</span> <span class='ocrx_word' id='word_1_72' title='bbox 1494 558 1613 614; x_wconf 88' lang='lat' dir='ltr'>signa</span> <span class='ocrx_word' id='word_1_73' title='bbox 1642 567 1790 600; x_wconf 87' lang='lat' dir='ltr'>aurata</span> 
     </span>
     <span class='ocr_line' id='line_1_13' title="bbox 362 613 1789 673; baseline -0.001 -16"><span class='ocrx_word' id='word_1_74' title='bbox 362 617 562 673; x_wconf 86' lang='lat' dir='ltr'>inposuit.</span> <span class='ocrx_word' id='word_1_75' title='bbox 626 616 733 656; x_wconf 84' lang='lat' dir='ltr'>Haec</span> <span class='ocrx_word' id='word_1_76' title='bbox 763 629 839 670; x_wconf 89' lang='lat' dir='ltr'>per</span> <span class='ocrx_word' id='word_1_77' title='bbox 868 613 1047 655; x_wconf 87' lang='lat' dir='ltr'>hiemem</span> <span class='ocrx_word' id='word_1_78' title='bbox 1075 614 1211 665; x_wconf 86' lang='lat' dir='ltr'>ferme</span> <span class='ocrx_word' id='word_1_79' title='bbox 1239 623 1342 656; x_wconf 86' lang='lat' dir='ltr'>acta.</span> <span class='ocrx_word' id='word_1_80' title='bbox 1402 615 1710 657; x_wconf 77' lang='lat' dir='ltr'>²⁹Hibernabat</span> <span class='ocrx_word' id='word_1_81' title='bbox 1740 630 1789 656; x_wconf 92' lang='lat' dir='ltr'>eo</span> 
     </span>
     <span class='ocr_line' id='line_1_14' title="bbox 362 670 1792 729; baseline -0.001 -14"><span class='ocrx_word' id='word_1_82' title='bbox 362 681 551 729; x_wconf 88' lang='lat' dir='ltr'>tempore</span> <span class='ocrx_word' id='word_1_83' title='bbox 581 671 764 713; x_wconf 87' lang='lat' dir='ltr'>Athenis</span> <span class='ocrx_word' id='word_1_84' title='bbox 796 670 1033 721; x_wconf 83' lang='lat' dir='ltr'>Quinctius,</span> <span class='ocrx_word' id='word_1_85' title='bbox 1055 686 1081 711; x_wconf 90' lang='lat' dir='ltr'>a</span> <span class='ocrx_word' id='word_1_86' title='bbox 1109 686 1196 727; x_wconf 92' lang='lat' dir='ltr'>quo</span> <span class='ocrx_word' id='word_1_87' title='bbox 1225 687 1358 727; x_wconf 90' lang='lat' dir='ltr'>quum</span> <span class='ocrx_word' id='word_1_88' title='bbox 1381 672 1518 714; x_wconf 85' lang='lat' dir='ltr'>multa</span> <span class='ocrx_word' id='word_1_89' title='bbox 1547 673 1644 714; x_wconf 90' lang='lat' dir='ltr'>socii</span> <span class='ocrx_word' id='word_1_90' title='bbox 1675 680 1792 729; x_wconf 91' lang='lat' dir='ltr'>pete-</span> 
     </span>
     <span class='ocr_line' id='line_1_15' title="bbox 361 727 1789 786; baseline 0 -16"><span class='ocrx_word' id='word_1_91' title='bbox 361 739 471 780; x_wconf 85' lang='lat' dir='ltr'>rent,</span> <span class='ocrx_word' id='word_1_92' title='bbox 514 728 652 770; x_wconf 91' lang='lat' dir='ltr'>Boeoti</span> <span class='ocrx_word' id='word_1_93' title='bbox 691 727 904 784; x_wconf 88' lang='lat' dir='ltr'>petierunt</span> <span class='ocrx_word' id='word_1_94' title='bbox 943 727 1373 784; x_wconf 85' lang='lat' dir='ltr'>impetraveruntque,</span> <span class='ocrx_word' id='word_1_95' title='bbox 1409 737 1458 770; x_wconf 90' lang='lat' dir='ltr'>ut</span> <span class='ocrx_word' id='word_1_96' title='bbox 1498 728 1558 779; x_wconf 89' lang='lat' dir='ltr'>hi,</span> <span class='ocrx_word' id='word_1_97' title='bbox 1592 729 1667 786; x_wconf 92' lang='lat' dir='ltr'>qui</span> <span class='ocrx_word' id='word_1_98' title='bbox 1702 744 1789 770; x_wconf 89' lang='lat' dir='ltr'>suae</span> 
     </span>
     <span class='ocr_line' id='line_1_16' title="bbox 362 784 1790 842; baseline -0.001 -15"><span class='ocrx_word' id='word_1_99' title='bbox 362 786 499 842; x_wconf 91' lang='lat' dir='ltr'>gentis</span> <span class='ocrx_word' id='word_1_100' title='bbox 529 785 777 827; x_wconf 82' lang='lat' dir='ltr'>militassent</span> <span class='ocrx_word' id='word_1_101' title='bbox 807 784 923 841; x_wconf 91' lang='lat' dir='ltr'>apud</span> <span class='ocrx_word' id='word_1_102' title='bbox 951 784 1215 841; x_wconf 85' lang='lat' dir='ltr'>Philippum,</span> <span class='ocrx_word' id='word_1_103' title='bbox 1237 784 1314 825; x_wconf 89' lang='lat' dir='ltr'>sibi</span> <span class='ocrx_word' id='word_1_104' title='bbox 1334 785 1668 827; x_wconf 86' lang='lat' dir='ltr'>restituerentur.</span> <span class='ocrx_word' id='word_1_105' title='bbox 1700 785 1745 827; x_wconf 93' lang='lat' dir='ltr'>id</span> <span class='ocrx_word' id='word_1_106' title='bbox 1765 801 1790 826; x_wconf 88' lang='lat' dir='ltr'>a</span> 
     </span>
     <span class='ocr_line' id='line_1_17' title="bbox 364 841 1784 898; baseline 0 -15"><span class='ocrx_word' id='word_1_107' title='bbox 364 842 563 893; x_wconf 81' lang='lat' dir='ltr'>Quinctio</span> <span class='ocrx_word' id='word_1_108' title='bbox 582 842 704 886; x_wconf 84' lang='lat' dir='ltr'>facile</span> <span class='ocrx_word' id='word_1_109' title='bbox 724 843 1024 898; x_wconf 78' lang='lat' dir='ltr'>impetratum3</span> <span class='ocrx_word' id='word_1_110' title='bbox 1057 856 1141 882; x_wconf 88' lang='lat' dir='ltr'>non</span> <span class='ocrx_word' id='word_1_111' title='bbox 1170 841 1271 898; x_wconf 89' lang='lat' dir='ltr'>quia</span> <span class='ocrx_word' id='word_1_112' title='bbox 1300 841 1400 882; x_wconf 89' lang='lat' dir='ltr'>satis</span> <span class='ocrx_word' id='word_1_113' title='bbox 1427 841 1577 898; x_wconf 92' lang='lat' dir='ltr'>dignos</span> <span class='ocrx_word' id='word_1_114' title='bbox 1601 858 1670 884; x_wconf 90' lang='lat' dir='ltr'>eos</span> <span class='ocrx_word' id='word_1_115' title='bbox 1699 857 1784 883; x_wconf 90' lang='lat' dir='ltr'>cre-</span> 
     </span>
     <span class='ocr_line' id='line_1_18' title="bbox 363 898 1793 955; baseline -0.001 -14"><span class='ocrx_word' id='word_1_116' title='bbox 363 900 505 951; x_wconf 88' lang='lat' dir='ltr'>debat,</span> <span class='ocrx_word' id='word_1_117' title='bbox 538 900 610 941; x_wconf 91' lang='lat' dir='ltr'>sed</span> <span class='ocrx_word' id='word_1_118' title='bbox 641 898 755 955; x_wconf 88' lang='lat' dir='ltr'>quia,</span> <span class='ocrx_word' id='word_1_119' title='bbox 787 898 1001 940; x_wconf 89' lang='lat' dir='ltr'>Antiocho</span> <span class='ocrx_word' id='word_1_120' title='bbox 1030 913 1128 954; x_wconf 89' lang='lat' dir='ltr'>rege</span> <span class='ocrx_word' id='word_1_121' title='bbox 1152 899 1241 955; x_wconf 84' lang='lat' dir='ltr'>jam</span> <span class='ocrx_word' id='word_1_122' title='bbox 1273 906 1480 954; x_wconf 85' lang='lat' dir='ltr'>suspecto,</span> <span class='ocrx_word' id='word_1_123' title='bbox 1510 898 1630 940; x_wconf 88' lang='lat' dir='ltr'>favor</span> <span class='ocrx_word' id='word_1_124' title='bbox 1658 899 1793 940; x_wconf 85' lang='lat' dir='ltr'>conci-</span> 
     </span>
     <span class='ocr_line' id='line_1_19' title="bbox 362 954 1788 1011; baseline -0.001 -13"><span class='ocrx_word' id='word_1_125' title='bbox 362 956 530 998; x_wconf 90' lang='lat' dir='ltr'>liandus</span> <span class='ocrx_word' id='word_1_126' title='bbox 570 955 726 998; x_wconf 91' lang='lat' dir='ltr'>nomini</span> <span class='ocrx_word' id='word_1_127' title='bbox 763 956 955 997; x_wconf 90' lang='lat' dir='ltr'>Romano</span> <span class='ocrx_word' id='word_1_128' title='bbox 989 955 1106 1011; x_wconf 89' lang='lat' dir='ltr'>apud</span> <span class='ocrx_word' id='word_1_129' title='bbox 1142 955 1333 997; x_wconf 87' lang='lat' dir='ltr'>civitates</span> <span class='ocrx_word' id='word_1_130' title='bbox 1368 963 1469 996; x_wconf 88' lang='lat' dir='ltr'>erat.</span> <span class='ocrx_word' id='word_1_131' title='bbox 1546 954 1788 1006; x_wconf 89' lang='lat' dir='ltr'>Restitutis,</span> 
     </span>
     <span class='ocr_line' id='line_1_20' title="bbox 363 1011 1792 1070; baseline -0.001 -15"><span class='ocrx_word' id='word_1_132' title='bbox 363 1013 582 1055; x_wconf 85' lang='lat' dir='ltr'>confestim</span> <span class='ocrx_word' id='word_1_133' title='bbox 613 1012 825 1070; x_wconf 87' lang='lat' dir='ltr'>adparuit,</span> <span class='ocrx_word' id='word_1_134' title='bbox 857 1027 983 1068; x_wconf 87' lang='lat' dir='ltr'>quam</span> <span class='ocrx_word' id='word_1_135' title='bbox 1019 1011 1136 1053; x_wconf 82' lang='lat' dir='ltr'>nulla</span> <span class='ocrx_word' id='word_1_136' title='bbox 1164 1012 1268 1054; x_wconf 88' lang='lat' dir='ltr'>inita</span> <span class='ocrx_word' id='word_1_137' title='bbox 1299 1012 1415 1068; x_wconf 90' lang='lat' dir='ltr'>apud</span> <span class='ocrx_word' id='word_1_138' title='bbox 1451 1013 1623 1054; x_wconf 85' lang='lat' dir='ltr'>Boeotos</span> <span class='ocrx_word' id='word_1_139' title='bbox 1654 1012 1792 1068; x_wconf 88' lang='lat' dir='ltr'>gratia</span> 
     </span>
     <span class='ocr_line' id='line_1_21' title="bbox 363 1069 1791 1126; baseline -0.001 -14"><span class='ocrx_word' id='word_1_140' title='bbox 363 1079 482 1112; x_wconf 91' lang='lat' dir='ltr'>esset.</span> <span class='ocrx_word' id='word_1_141' title='bbox 504 1086 601 1111; x_wconf 88' lang='lat' dir='ltr'>nam</span> <span class='ocrx_word' id='word_1_142' title='bbox 618 1079 659 1112; x_wconf 92' lang='lat' dir='ltr'>et</span> <span class='ocrx_word' id='word_1_143' title='bbox 680 1070 735 1111; x_wconf 88' lang='lat' dir='ltr'>ad</span> <span class='ocrx_word' id='word_1_144' title='bbox 757 1069 1001 1126; x_wconf 89' lang='lat' dir='ltr'>Philippum</span> <span class='ocrx_word' id='word_1_145' title='bbox 1019 1069 1176 1125; x_wconf 81' lang='lat' dir='ltr'>gratias</span> <span class='ocrx_word' id='word_1_146' title='bbox 1189 1077 1358 1125; x_wconf 86' lang='lat' dir='ltr'>agentes</span> <span class='ocrx_word' id='word_1_147' title='bbox 1373 1084 1451 1126; x_wconf 92' lang='lat' dir='ltr'>pro</span> <span class='ocrx_word' id='word_1_148' title='bbox 1466 1069 1642 1110; x_wconf 90' lang='lat' dir='ltr'>redditis</span> <span class='ocrx_word' id='word_1_149' title='bbox 1657 1069 1791 1110; x_wconf 90' lang='lat' dir='ltr'>homi-</span> 
     </span>
     <span class='ocr_line' id='line_1_22' title="bbox 363 1125 1790 1184; baseline -0.001 -15"><span class='ocrx_word' id='word_1_150' title='bbox 363 1127 503 1178; x_wconf 87' lang='lat' dir='ltr'>nibus,</span> <span class='ocrx_word' id='word_1_151' title='bbox 523 1127 738 1184; x_wconf 76' lang='lat' dir='ltr'>³⁰perinde</span> <span class='ocrx_word' id='word_1_152' title='bbox 765 1134 894 1182; x_wconf 89' lang='lat' dir='ltr'>atque</span> <span class='ocrx_word' id='word_1_153' title='bbox 923 1126 1003 1182; x_wconf 91' lang='lat' dir='ltr'>ipsi</span> <span class='ocrx_word' id='word_1_154' title='bbox 1024 1125 1068 1166; x_wconf 94' lang='lat' dir='ltr'>id</span> <span class='ocrx_word' id='word_1_155' title='bbox 1088 1141 1114 1167; x_wconf 87' lang='lat' dir='ltr'>a</span> <span class='ocrx_word' id='word_1_156' title='bbox 1135 1126 1333 1176; x_wconf 82' lang='lat' dir='ltr'>Quinctio</span> <span class='ocrx_word' id='word_1_157' title='bbox 1353 1134 1396 1167; x_wconf 87' lang='lat' dir='ltr'>et</span> <span class='ocrx_word' id='word_1_158' title='bbox 1417 1126 1621 1167; x_wconf 82' lang='lat' dir='ltr'>Romanis</span> <span class='ocrx_word' id='word_1_159' title='bbox 1641 1126 1790 1168; x_wconf 88' lang='lat' dir='ltr'>datum</span> 
     </span>
     <span class='ocr_line' id='line_1_23' title="bbox 365 1182 1788 1240; baseline -0.001 -14"><span class='ocrx_word' id='word_1_160' title='bbox 365 1193 486 1235; x_wconf 89' lang='lat' dir='ltr'>esset,</span> <span class='ocrx_word' id='word_1_161' title='bbox 520 1185 748 1226; x_wconf 86' lang='lat' dir='ltr'>miserunt:</span> <span class='ocrx_word' id='word_1_162' title='bbox 791 1191 833 1225; x_wconf 88' lang='lat' dir='ltr'>et</span> <span class='ocrx_word' id='word_1_163' title='bbox 867 1182 1043 1224; x_wconf 88' lang='lat' dir='ltr'>comitiis</span> <span class='ocrx_word' id='word_1_164' title='bbox 1078 1183 1280 1240; x_wconf 85' lang='lat' dir='ltr'>proximis</span> <span class='ocrx_word' id='word_1_165' title='bbox 1315 1183 1594 1224; x_wconf 90' lang='lat' dir='ltr'>Boeotarchen</span> <span class='ocrx_word' id='word_1_166' title='bbox 1628 1183 1788 1224; x_wconf 88' lang='lat' dir='ltr'>nullam</span> 
     </span>
     <span class='ocr_line' id='line_1_24' title="bbox 365 1239 1789 1296; baseline -0.001 -13"><span class='ocrx_word' id='word_1_167' title='bbox 365 1241 489 1283; x_wconf 86' lang='lat' dir='ltr'>aliam</span> <span class='ocrx_word' id='word_1_168' title='bbox 510 1242 565 1284; x_wconf 92' lang='lat' dir='ltr'>ob</span> <span class='ocrx_word' id='word_1_169' title='bbox 581 1256 768 1283; x_wconf 86' lang='lat' dir='ltr'>caussam</span> <span class='ocrx_word' id='word_1_170' title='bbox 790 1239 1058 1296; x_wconf 89' lang='lat' dir='ltr'>Brachyllam</span> <span class='ocrx_word' id='word_1_171' title='bbox 1079 1240 1318 1296; x_wconf 87' lang='lat' dir='ltr'>quemdam,</span> <span class='ocrx_word' id='word_1_172' title='bbox 1337 1254 1465 1296; x_wconf 90' lang='lat' dir='ltr'>quam</span> <span class='ocrx_word' id='word_1_173' title='bbox 1481 1239 1597 1295; x_wconf 91' lang='lat' dir='ltr'>quod</span> <span class='ocrx_word' id='word_1_174' title='bbox 1616 1239 1789 1296; x_wconf 85' lang='lat' dir='ltr'>praefec-</span> 
     </span>
     <span class='ocr_line' id='line_1_25' title="bbox 367 1296 1786 1354; baseline -0.002 -14"><span class='ocrx_word' id='word_1_175' title='bbox 367 1307 436 1340; x_wconf 89' lang='lat' dir='ltr'>tus</span> <span class='ocrx_word' id='word_1_176' title='bbox 469 1300 716 1340; x_wconf 90' lang='lat' dir='ltr'>Boeotorum</span> <span class='ocrx_word' id='word_1_177' title='bbox 749 1297 864 1354; x_wconf 90' lang='lat' dir='ltr'>apud</span> <span class='ocrx_word' id='word_1_178' title='bbox 898 1312 1039 1353; x_wconf 83' lang='lat' dir='ltr'>regem</span> <span class='ocrx_word' id='word_1_179' title='bbox 1071 1296 1343 1339; x_wconf 88' lang='lat' dir='ltr'>militantium</span> <span class='ocrx_word' id='word_1_180' title='bbox 1373 1297 1539 1346; x_wconf 90' lang='lat' dir='ltr'>fuisset,</span> <span class='ocrx_word' id='word_1_181' title='bbox 1569 1296 1786 1345; x_wconf 88' lang='lat' dir='ltr'>fecerunt;</span> 
     </span>
     <span class='ocr_line' id='line_1_26' title="bbox 363 1353 1790 1412; baseline -0.001 -16"><span class='ocrx_word' id='word_1_182' title='bbox 363 1356 589 1412; x_wconf 79' lang='lat' dir='ltr'>praeteritis</span> <span class='ocrx_word' id='word_1_183' title='bbox 612 1355 850 1410; x_wconf 87' lang='lat' dir='ltr'>Zeuxippo,</span> <span class='ocrx_word' id='word_1_184' title='bbox 873 1362 914 1395; x_wconf 88' lang='lat' dir='ltr'>et</span> <span class='ocrx_word' id='word_1_185' title='bbox 936 1354 1170 1404; x_wconf 83' lang='lat' dir='ltr'>Pisistrato,</span> <span class='ocrx_word' id='word_1_186' title='bbox 1192 1354 1383 1409; x_wconf 78' lang='lat' dir='ltr'>ahisque,</span> <span class='ocrx_word' id='word_1_187' title='bbox 1404 1353 1479 1410; x_wconf 89' lang='lat' dir='ltr'>qui</span> <span class='ocrx_word' id='word_1_188' title='bbox 1501 1354 1704 1395; x_wconf 88' lang='lat' dir='ltr'>Romanae</span> <span class='ocrx_word' id='word_1_189' title='bbox 1726 1368 1790 1394; x_wconf 93' lang='lat' dir='ltr'>so-</span> 
     </span>
     <span class='ocr_line' id='line_1_27' title="bbox 366 1410 1786 1467; baseline -0.002 -13"><span class='ocrx_word' id='word_1_190' title='bbox 366 1413 527 1455; x_wconf 86' lang='lat' dir='ltr'>cietatis</span> <span class='ocrx_word' id='word_1_191' title='bbox 547 1421 737 1454; x_wconf 87' lang='lat' dir='ltr'>auctores</span> <span class='ocrx_word' id='word_1_192' title='bbox 756 1411 976 1452; x_wconf 77' lang='lat' dir='ltr'>⁵²fuerant.</span> <span class='ocrx_word' id='word_1_193' title='bbox 1039 1411 1093 1452; x_wconf 91' lang='lat' dir='ltr'>Id</span> <span class='ocrx_word' id='word_1_194' title='bbox 1114 1426 1225 1466; x_wconf 74' lang='lat' dir='ltr'>aegre</span> <span class='ocrx_word' id='word_1_195' title='bbox 1241 1419 1282 1452; x_wconf 91' lang='lat' dir='ltr'>et</span> <span class='ocrx_word' id='word_1_196' title='bbox 1302 1411 1345 1451; x_wconf 90' lang='lat' dir='ltr'>in</span> <span class='ocrx_word' id='word_1_197' title='bbox 1364 1411 1587 1466; x_wconf 88' lang='lat' dir='ltr'>praesentia</span> <span class='ocrx_word' id='word_1_198' title='bbox 1600 1410 1645 1451; x_wconf 94' lang='lat' dir='ltr'>hi</span> <span class='ocrx_word' id='word_1_199' title='bbox 1660 1410 1786 1467; x_wconf 91' lang='lat' dir='ltr'>passi,</span> 
     </span>
     <span class='ocr_line' id='line_1_28' title="bbox 366 1467 1788 1524; baseline -0.001 -14"><span class='ocrx_word' id='word_1_200' title='bbox 366 1478 408 1512; x_wconf 89' lang='lat' dir='ltr'>et</span> <span class='ocrx_word' id='word_1_201' title='bbox 429 1470 471 1510; x_wconf 91' lang='lat' dir='ltr'>in</span> <span class='ocrx_word' id='word_1_202' title='bbox 492 1471 688 1511; x_wconf 86' lang='lat' dir='ltr'>futurum</span> <span class='ocrx_word' id='word_1_203' title='bbox 710 1468 836 1510; x_wconf 89' lang='lat' dir='ltr'>etiam</span> <span class='ocrx_word' id='word_1_204' title='bbox 856 1476 1015 1509; x_wconf 86' lang='lat' dir='ltr'>metum</span> <span class='ocrx_word' id='word_1_205' title='bbox 1037 1475 1252 1524; x_wconf 87' lang='lat' dir='ltr'>ceperunt,</span> <span class='ocrx_word' id='word_1_206' title='bbox 1270 1482 1404 1523; x_wconf 91' lang='lat' dir='ltr'>quum</span> <span class='ocrx_word' id='word_1_207' title='bbox 1424 1467 1479 1508; x_wconf 89' lang='lat' dir='ltr'>ad</span> <span class='ocrx_word' id='word_1_208' title='bbox 1493 1475 1636 1524; x_wconf 87' lang='lat' dir='ltr'>portas</span> <span class='ocrx_word' id='word_1_209' title='bbox 1656 1482 1788 1523; x_wconf 89' lang='lat' dir='ltr'>prope</span> 
     </span>
     <span class='ocr_line' id='line_1_29' title="bbox 367 1523 1789 1579; baseline -0.003 -11"><span class='ocrx_word' id='word_1_210' title='bbox 367 1526 537 1568; x_wconf 89' lang='lat' dir='ltr'>sedente</span> <span class='ocrx_word' id='word_1_211' title='bbox 572 1525 758 1567; x_wconf 82' lang='lat' dir='ltr'>exercitu</span> <span class='ocrx_word' id='word_1_212' title='bbox 792 1526 985 1566; x_wconf 86' lang='lat' dir='ltr'>Romano</span> <span class='ocrx_word' id='word_1_213' title='bbox 1015 1540 1064 1565; x_wconf 88' lang='lat' dir='ltr'>ea</span> <span class='ocrx_word' id='word_1_214' title='bbox 1097 1525 1258 1574; x_wconf 87' lang='lat' dir='ltr'>fierent,</span> <span class='ocrx_word' id='word_1_215' title='bbox 1289 1523 1492 1579; x_wconf 85' lang='lat' dir='ltr'>quidnam</span> <span class='ocrx_word' id='word_1_216' title='bbox 1523 1539 1564 1564; x_wconf 93' lang='lat' dir='ltr'>se</span> <span class='ocrx_word' id='word_1_217' title='bbox 1593 1524 1789 1565; x_wconf 88' lang='lat' dir='ltr'>futurum</span> 
     </span>
     <span class='ocr_line' id='line_1_30' title="bbox 367 1579 1790 1640; baseline -0.003 -15"><span class='ocrx_word' id='word_1_218' title='bbox 367 1592 487 1633; x_wconf 86' lang='lat' dir='ltr'>esset,</span> <span class='ocrx_word' id='word_1_219' title='bbox 509 1582 707 1640; x_wconf 87' lang='lat' dir='ltr'>profectis</span> <span class='ocrx_word' id='word_1_220' title='bbox 732 1582 775 1622; x_wconf 92' lang='lat' dir='ltr'>in</span> <span class='ocrx_word' id='word_1_221' title='bbox 807 1581 974 1623; x_wconf 86' lang='lat' dir='ltr'>Italiam</span> <span class='ocrx_word' id='word_1_222' title='bbox 997 1580 1223 1629; x_wconf 81' lang='lat' dir='ltr'>Romanis3</span> <span class='ocrx_word' id='word_1_223' title='bbox 1258 1580 1458 1637; x_wconf 90' lang='lat' dir='ltr'>Philippo</span> <span class='ocrx_word' id='word_1_224' title='bbox 1478 1596 1529 1622; x_wconf 83' lang='lat' dir='ltr'>ex</span> <span class='ocrx_word' id='word_1_225' title='bbox 1550 1579 1790 1637; x_wconf 88' lang='lat' dir='ltr'>propinquo</span> 
     </span>
     <span class='ocr_line' id='line_1_31' title="bbox 366 1637 1758 1696; baseline -0.004 -14"><span class='ocrx_word' id='word_1_226' title='bbox 366 1641 497 1682; x_wconf 90' lang='lat' dir='ltr'>socios</span> <span class='ocrx_word' id='word_1_227' title='bbox 517 1640 760 1696; x_wconf 82' lang='lat' dir='ltr'>adjuvante,</span> <span class='ocrx_word' id='word_1_228' title='bbox 783 1647 823 1680; x_wconf 85' lang='lat' dir='ltr'>et</span> <span class='ocrx_word' id='word_1_229' title='bbox 844 1638 994 1680; x_wconf 88' lang='lat' dir='ltr'>infesto</span> <span class='ocrx_word' id='word_1_230' title='bbox 1014 1638 1093 1688; x_wconf 91' lang='lat' dir='ltr'>his,</span> <span class='ocrx_word' id='word_1_231' title='bbox 1115 1639 1189 1694; x_wconf 89' lang='lat' dir='ltr'>qui</span> <span class='ocrx_word' id='word_1_232' title='bbox 1210 1638 1343 1694; x_wconf 89' lang='lat' dir='ltr'>partis</span> <span class='ocrx_word' id='word_1_233' title='bbox 1363 1638 1549 1678; x_wconf 82' lang='lat' dir='ltr'>adversae</span> <span class='ocrx_word' id='word_1_234' title='bbox 1569 1637 1758 1678; x_wconf 88' lang='lat' dir='ltr'>fuissent.</span> 
     </span>
     <span class='ocr_line' id='line_1_32' title="bbox 426 1694 1787 1751; baseline -0.002 -14"><span class='ocrx_word' id='word_1_235' title='bbox 426 1697 655 1737; x_wconf 89' lang='lat' dir='ltr'>XXVIII.</span> <span class='ocrx_word' id='word_1_236' title='bbox 708 1696 824 1736; x_wconf 90' lang='lat' dir='ltr'>Dum</span> <span class='ocrx_word' id='word_1_237' title='bbox 876 1696 1067 1736; x_wconf 88' lang='lat' dir='ltr'>Romana</span> <span class='ocrx_word' id='word_1_238' title='bbox 1105 1710 1221 1735; x_wconf 86' lang='lat' dir='ltr'>arma</span> <span class='ocrx_word' id='word_1_239' title='bbox 1268 1695 1509 1751; x_wconf 84' lang='lat' dir='ltr'>propinqua</span> <span class='ocrx_word' id='word_1_240' title='bbox 1557 1694 1787 1744; x_wconf 90' lang='lat' dir='ltr'>habebant,</span> 
     </span>
     <span class='ocr_line' id='line_1_33' title="bbox 365 1751 1786 1809; baseline -0.004 -13"><span class='ocrx_word' id='word_1_241' title='bbox 365 1754 550 1796; x_wconf 77' lang='lat' dir='ltr'>3²tollere</span> <span class='ocrx_word' id='word_1_242' title='bbox 582 1752 864 1809; x_wconf 90' lang='lat' dir='ltr'>Brachyllam,</span> <span class='ocrx_word' id='word_1_243' title='bbox 885 1752 1115 1809; x_wconf 88' lang='lat' dir='ltr'>principem</span> <span class='ocrx_word' id='word_1_244' title='bbox 1139 1751 1355 1793; x_wconf 80' lang='lat' dir='ltr'>fautorum</span> <span class='ocrx_word' id='word_1_245' title='bbox 1386 1751 1511 1806; x_wconf 87' lang='lat' dir='ltr'>regis,</span> <span class='ocrx_word' id='word_1_246' title='bbox 1533 1759 1786 1793; x_wconf 86' lang='lat' dir='ltr'>statuerunt.</span> 
     </span>
    </p>
   </div>
   <div class='ocr_carea' id='block_1_5' title="bbox 873 1833 1282 1865">
    <p class='ocr_par' dir='ltr' id='par_1_5' title="bbox 873 1833 1282 1865">
     <span class='ocr_line' id='line_1_34' title="bbox 873 1833 1282 1865; baseline 0.002 -2"><span class='ocrx_word' id='word_1_247' title='bbox 873 1837 890 1863; x_wconf 73' lang='lat'>8</span> <span class='ocrx_word' id='word_1_248' title='bbox 905 1834 1060 1865; x_wconf 77' lang='lat' dir='ltr'>denar-iiim</span> <span class='ocrx_word' id='word_1_249' title='bbox 1076 1834 1174 1865; x_wconf 86' lang='lat' dir='ltr'>Gron.</span> <span class='ocrx_word' id='word_1_250' title='bbox 1191 1833 1282 1865; x_wconf 91' lang='lat' dir='ltr'>Crev.</span> 
     </span>
    </p>
   </div>
   <div class='ocr_carea' id='block_1_6' title="bbox 1096 1919 1790 2132">
    <p class='ocr_par' dir='ltr' id='par_1_6' title="bbox 1096 1919 1790 1995">
     <span class='ocr_line' id='line_1_35' title="bbox 1139 1919 1790 1962; baseline -0.002 -12"><span class='ocrx_word' id='word_1_251' title='bbox 1139 1921 1180 1951; x_wconf 87' lang='lat'>28</span> <span class='ocrx_word' id='word_1_252' title='bbox 1207 1919 1431 1961; x_wconf 78' lang='lat' dir='ltr'>Quinquaginta</span> <span class='ocrx_word' id='word_1_253' title='bbox 1446 1920 1538 1950; x_wconf 81' lang='lat' dir='ltr'>millia</span> <span class='ocrx_word' id='word_1_254' title='bbox 1547 1920 1642 1959; x_wconf 82' lang='lat' dir='ltr'>pondo</span> <span class='ocrx_word' id='word_1_255' title='bbox 1655 1919 1790 1962; x_wconf 82' lang='lat' dir='ltr'>argenti]</span> 
     </span>
     <span class='ocr_line' id='line_1_36' title="bbox 1096 1963 1534 1995; baseline -0.005 0"><span class='ocrx_word' id='word_1_256' title='bbox 1096 1963 1233 1995; x_wconf 76' lang='lat' dir='ltr'>Selibras</span> <span class='ocrx_word' id='word_1_257' title='bbox 1252 1968 1401 1993; x_wconf 84' lang='lat' dir='ltr'>nostrates</span> <span class='ocrx_word' id='word_1_258' title='bbox 1416 1964 1534 1994; x_wconf 81' lang='grc'><strong>78125.</strong></span> 
     </span>
    </p>

    <p class='ocr_par' dir='ltr' id='par_1_7' title="bbox 1096 2005 1786 2132">
     <span class='ocr_line' id='line_1_37' title="bbox 1140 2005 1786 2044; baseline 0.002 -8"><span class='ocrx_word' id='word_1_259' title='bbox 1140 2007 1181 2037; x_wconf 80' lang='grc'>29</span> <span class='ocrx_word' id='word_1_260' title='bbox 1224 2005 1404 2036; x_wconf 76' lang='lat' dir='ltr'>Hibernabat</span> <span class='ocrx_word' id='word_1_261' title='bbox 1441 2017 1471 2036; x_wconf 88' lang='lat' dir='ltr'>eo</span> <span class='ocrx_word' id='word_1_262' title='bbox 1506 2012 1630 2044; x_wconf 80' lang='lat' dir='ltr'>tempore</span> <span class='ocrx_word' id='word_1_263' title='bbox 1665 2005 1786 2037; x_wconf 67' lang='lat' dir='ltr'>Athenis</span> 
     </span>
     <span class='ocr_line' id='line_1_38' title="bbox 1100 2046 1785 2090; baseline 0 -11"><span class='ocrx_word' id='word_1_264' title='bbox 1100 2049 1256 2090; x_wconf 72' lang='lat' dir='ltr'>Quintius]</span> <span class='ocrx_word' id='word_1_265' title='bbox 1297 2049 1365 2079; x_wconf 90' lang='lat' dir='ltr'>Imo</span> <span class='ocrx_word' id='word_1_266' title='bbox 1403 2048 1521 2079; x_wconf 76' lang='lat' dir='ltr'>Elatioe.</span> <span class='ocrx_word' id='word_1_267' title='bbox 1581 2046 1667 2078; x_wconf 85' lang='lat' dir='ltr'>Infra</span> <span class='ocrx_word' id='word_1_268' title='bbox 1701 2047 1785 2080; x_wconf 84' lang='lat' dir='ltr'>enim</span> 
     </span>
     <span class='ocr_line' id='line_1_39' title="bbox 1096 2090 1786 2132; baseline 0 -10"><span class='ocrx_word' id='word_1_269' title='bbox 1096 2102 1123 2122; x_wconf 94' lang='lat' dir='ltr'>c.</span> <span class='ocrx_word' id='word_1_270' title='bbox 1149 2093 1201 2124; x_wconf 84' lang='lat'>29.</span> <span class='ocrx_word' id='word_1_271' title='bbox 1236 2091 1385 2129; x_wconf 84' lang='lat' dir='ltr'>Quintius</span> <span class='ocrx_word' id='word_1_272' title='bbox 1411 2091 1517 2122; x_wconf 83' lang='lat' dir='ltr'>Elatia</span> <span class='ocrx_word' id='word_1_273' title='bbox 1541 2090 1694 2132; x_wconf 88' lang='lat' dir='ltr'>proficisci</span> <span class='ocrx_word' id='word_1_274' title='bbox 1720 2101 1786 2122; x_wconf 89' lang='lat' dir='ltr'>me-</span> 
     </span>
    </p>
   </div>
   <div class='ocr_carea' id='block_1_7' title="bbox 365 1920 1054 2136">
    <p class='ocr_par' dir='ltr' id='par_1_8' title="bbox 365 1920 1054 2136">
     <span class='ocr_line' id='line_1_40' title="bbox 365 1920 1051 1965; baseline -0.007 -10"><span class='ocrx_word' id='word_1_275' title='bbox 365 1925 464 1955; x_wconf 79' lang='lat' dir='ltr'>urbem</span> <span class='ocrx_word' id='word_1_276' title='bbox 480 1931 545 1955; x_wconf 78' lang='lat' dir='ltr'>esset</span> <span class='ocrx_word' id='word_1_277' title='bbox 570 1923 728 1965; x_wconf 80' lang='lat' dir='ltr'>ingressus]</span> <span class='ocrx_word' id='word_1_278' title='bbox 754 1923 871 1953; x_wconf 76' lang='lat' dir='ltr'>Verum</span> <span class='ocrx_word' id='word_1_279' title='bbox 894 1932 980 1951; x_wconf 71' lang='lat' dir='ltr'>arans</span> <span class='ocrx_word' id='word_1_280' title='bbox 995 1920 1051 1951; x_wconf 86' lang='lat' dir='ltr'>ad-</span> 
     </span>
     <span class='ocr_line' id='line_1_41' title="bbox 366 1964 1051 2008; baseline -0.006 -10"><span class='ocrx_word' id='word_1_281' title='bbox 366 1967 492 1998; x_wconf 88' lang='lat' dir='ltr'>modum</span> <span class='ocrx_word' id='word_1_282' title='bbox 515 1967 667 2008; x_wconf 80' lang='lat' dir='ltr'>probabili</span> <span class='ocrx_word' id='word_1_283' title='bbox 689 1965 865 2006; x_wconf 81' lang='lat' dir='ltr'>conjectura</span> <span class='ocrx_word' id='word_1_284' title='bbox 879 1975 897 1995; x_wconf 85' lang='lat' dir='ltr'>a</span> <span class='ocrx_word' id='word_1_285' title='bbox 920 1964 1051 1995; x_wconf 78' lang='lat' dir='ltr'>Glarea-</span> 
     </span>
     <span class='ocr_line' id='line_1_42' title="bbox 366 2007 1054 2051; baseline -0.006 -11"><span class='ocrx_word' id='word_1_286' title='bbox 366 2021 405 2041; x_wconf 92' lang='lat' dir='ltr'>no</span> <span class='ocrx_word' id='word_1_287' title='bbox 421 2009 576 2051; x_wconf 87' lang='lat' dir='ltr'>adjectum</span> <span class='ocrx_word' id='word_1_288' title='bbox 591 2015 647 2041; x_wconf 85' lang='lat' dir='ltr'>est.</span> <span class='ocrx_word' id='word_1_289' title='bbox 693 2010 758 2040; x_wconf 91' lang='lat' dir='ltr'>Cur</span> <span class='ocrx_word' id='word_1_290' title='bbox 781 2007 863 2039; x_wconf 86' lang='lat' dir='ltr'>enim</span> <span class='ocrx_word' id='word_1_291' title='bbox 877 2007 970 2049; x_wconf 88' lang='lat' dir='ltr'>paulo</span> <span class='ocrx_word' id='word_1_292' title='bbox 985 2012 1054 2048; x_wconf 87' lang='lat' dir='ltr'>post</span> 
     </span>
     <span class='ocr_line' id='line_1_43' title="bbox 366 2049 1053 2092; baseline -0.006 -8"><span class='ocrx_word' id='word_1_293' title='bbox 366 2053 519 2084; x_wconf 85' lang='lat' dir='ltr'>diceretur</span> <span class='ocrx_word' id='word_1_294' title='bbox 542 2054 579 2083; x_wconf 93' lang='lat' dir='ltr'>L.</span> <span class='ocrx_word' id='word_1_295' title='bbox 596 2052 759 2084; x_wconf 83' lang='lat' dir='ltr'>Stertinius</span> <span class='ocrx_word' id='word_1_296' title='bbox 781 2051 901 2092; x_wconf 85' lang='lat' dir='ltr'>collega</span> <span class='ocrx_word' id='word_1_297' title='bbox 926 2049 1053 2081; x_wconf 88' lang='lat' dir='ltr'>Lentuli</span> 
     </span>
     <span class='ocr_line' id='line_1_44' title="bbox 366 2093 1050 2136; baseline -0.006 -9"><span class='ocrx_word' id='word_1_298' title='bbox 366 2107 405 2127; x_wconf 85' lang='lat' dir='ltr'>ne</span> <span class='ocrx_word' id='word_1_299' title='bbox 433 2096 596 2127; x_wconf 81' lang='lat' dir='ltr'>tentavisse</span> <span class='ocrx_word' id='word_1_300' title='bbox 625 2095 750 2136; x_wconf 86' lang='lat' dir='ltr'>quidem</span> <span class='ocrx_word' id='word_1_301' title='bbox 779 2093 925 2136; x_wconf 85' lang='lat' dir='ltr'>triumphi</span> <span class='ocrx_word' id='word_1_302' title='bbox 953 2103 1050 2136; x_wconf 87' lang='lat' dir='ltr'>spem,</span> 
     </span>
    </p>
   </div>
   <div class='ocr_carea' id='block_1_8' title="bbox 1926 0 1947 1636">
    <p class='ocr_par' dir='ltr' id='par_1_9' title="bbox 1926 0 1947 1636">
     <span class='ocr_line' id='line_1_45' title="bbox 1926 0 1947 1636; baseline 0 0"><span class='ocrx_word' id='word_1_303' title='bbox 1926 0 1947 1636; x_wconf 95' lang='lat' dir='ltr'> </span> 
     </span>
    </p>
   </div>
   <div class='ocr_carea' id='block_1_9' title="bbox 362 2136 1055 2904">
    <p class='ocr_par' dir='ltr' id='par_1_10' title="bbox 364 2136 1055 2352">
     <span class='ocr_line' id='line_1_46' title="bbox 366 2136 1051 2180; baseline -0.004 -11"><span class='ocrx_word' id='word_1_304' title='bbox 366 2139 424 2170; x_wconf 87' lang='lat' dir='ltr'>nisi</span> <span class='ocrx_word' id='word_1_305' title='bbox 448 2150 519 2171; x_wconf 88' lang='lat' dir='ltr'>cum</span> <span class='ocrx_word' id='word_1_306' title='bbox 542 2139 645 2180; x_wconf 90' lang='lat' dir='ltr'>aliquo</span> <span class='ocrx_word' id='word_1_307' title='bbox 667 2136 853 2169; x_wconf 83' lang='lat' dir='ltr'>discriminis</span> <span class='ocrx_word' id='word_1_308' title='bbox 872 2136 911 2167; x_wconf 90' lang='lat' dir='ltr'>ad</span> <span class='ocrx_word' id='word_1_309' title='bbox 936 2137 1051 2167; x_wconf 87' lang='lat' dir='ltr'>Lentu-</span> 
     </span>
     <span class='ocr_line' id='line_1_47' title="bbox 366 2179 1055 2224; baseline -0.004 -12"><span class='ocrx_word' id='word_1_310' title='bbox 366 2183 431 2213; x_wconf 90' lang='lat' dir='ltr'>lum</span> <span class='ocrx_word' id='word_1_311' title='bbox 456 2184 616 2224; x_wconf 72' lang='lat' dir='ltr'>respectu‘t</span> <span class='ocrx_word' id='word_1_312' title='bbox 654 2180 759 2222; x_wconf 86' lang='lat' dir='ltr'>Magis</span> <span class='ocrx_word' id='word_1_313' title='bbox 786 2186 890 2211; x_wconf 86' lang='lat' dir='ltr'>tamen</span> <span class='ocrx_word' id='word_1_314' title='bbox 917 2179 1055 2221; x_wconf 86' lang='lat' dir='ltr'>placeret</span> 
     </span>
     <span class='ocr_line' id='line_1_48' title="bbox 366 2223 1053 2266; baseline -0.006 -10"><span class='ocrx_word' id='word_1_315' title='bbox 366 2236 437 2256; x_wconf 91' lang='lat' dir='ltr'>cum</span> <span class='ocrx_word' id='word_1_316' title='bbox 454 2225 564 2266; x_wconf 83' lang='lat' dir='ltr'>Pighio</span> <span class='ocrx_word' id='word_1_317' title='bbox 581 2226 700 2266; x_wconf 83' lang='lat' dir='ltr'>legere:</span> <span class='ocrx_word' id='word_1_318' title='bbox 728 2224 783 2254; x_wconf 87' lang='lat' dir='ltr'>Cn.</span> <span class='ocrx_word' id='word_1_319' title='bbox 801 2223 954 2253; x_wconf 80' lang='lat' dir='ltr'>Cornelius</span> <span class='ocrx_word' id='word_1_320' title='bbox 977 2223 1053 2253; x_wconf 76' lang='lat' dir='ltr'>Len-</span> 
     </span>
     <span class='ocr_line' id='line_1_49' title="bbox 365 2265 1054 2310; baseline -0.003 -11"><span class='ocrx_word' id='word_1_321' title='bbox 365 2270 457 2304; x_wconf 73' lang='lat' dir='ltr'>tulus,</span> <span class='ocrx_word' id='word_1_322' title='bbox 481 2270 530 2310; x_wconf 80' lang='lat' dir='ltr'>qui</span> <span class='ocrx_word' id='word_1_323' title='bbox 555 2291 563 2299; x_wconf 91' lang='lat'>.</span> <span class='ocrx_word' id='word_1_324' title='bbox 587 2290 595 2299; x_wconf 94' lang='lat'><strong>.</strong></span> <span class='ocrx_word' id='word_1_325' title='bbox 617 2269 791 2302; x_wconf 79' lang='lat' dir='ltr'>obtinuerat,</span> <span class='ocrx_word' id='word_1_326' title='bbox 814 2277 902 2297; x_wconf 77' lang='lat' dir='ltr'>ovans</span> <span class='ocrx_word' id='word_1_327' title='bbox 915 2277 948 2297; x_wconf 76' lang='lat' dir='ltr'>er</span> <span class='ocrx_word' id='word_1_328' title='bbox 970 2266 1000 2296; x_wconf 88' lang='lat' dir='ltr'>S.</span> <span class='ocrx_word' id='word_1_329' title='bbox 1019 2265 1054 2297; x_wconf 87' lang='lat' dir='ltr'>C.</span> 
     </span>
     <span class='ocr_line' id='line_1_50' title="bbox 364 2310 983 2352; baseline -0.006 -10"><span class='ocrx_word' id='word_1_330' title='bbox 364 2313 464 2342; x_wconf 83' lang='lat' dir='ltr'>urbem</span> <span class='ocrx_word' id='word_1_331' title='bbox 479 2317 519 2342; x_wconf 84' lang='lat' dir='ltr'>est</span> <span class='ocrx_word' id='word_1_332' title='bbox 533 2313 686 2352; x_wconf 60' lang='lat' dir='ltr'>ingressus</span> <span class='ocrx_word' id='word_1_333' title='bbox 734 2310 816 2340; x_wconf 72' lang='lat' dir='ltr'>Tulit</span> <span class='ocrx_word' id='word_1_334' title='bbox 828 2319 894 2349; x_wconf 84' lang='lat' dir='ltr'>proe</span> <span class='ocrx_word' id='word_1_335' title='bbox 908 2320 935 2339; x_wconf 77' lang='lat' dir='ltr'>se</span> <span class='ocrx_word' id='word_1_336' title='bbox 951 2330 959 2339; x_wconf 93' lang='lat'><strong>.</strong></span> <span class='ocrx_word' id='word_1_337' title='bbox 974 2330 983 2338; x_wconf 91' lang='lat'>.</span> 
     </span>
    </p>

    <p class='ocr_par' dir='ltr' id='par_1_11' title="bbox 362 2353 1055 2472">
     <span class='ocr_line' id='line_1_51' title="bbox 407 2353 1055 2394; baseline -0.006 -9"><span class='ocrx_word' id='word_1_338' title='bbox 407 2356 450 2386; x_wconf 79' lang='lat'>25</span> <span class='ocrx_word' id='word_1_339' title='bbox 474 2355 551 2384; x_wconf 83' lang='lat' dir='ltr'>Auri</span> <span class='ocrx_word' id='word_1_340' title='bbox 568 2355 645 2385; x_wconf 73' lang='lat' dir='ltr'>mille</span> <span class='ocrx_word' id='word_1_341' title='bbox 660 2359 687 2385; x_wconf 80' lang='lat' dir='ltr'>et</span> <span class='ocrx_word' id='word_1_342' title='bbox 706 2355 867 2394; x_wconf 80' lang='lat' dir='ltr'>quingenta</span> <span class='ocrx_word' id='word_1_343' title='bbox 889 2353 1055 2393; x_wconf 67' lang='lat' dir='ltr'>quindecim</span> 
     </span>
     <span class='ocr_line' id='line_1_52' title="bbox 362 2396 1055 2439; baseline -0.004 -11"><span class='ocrx_word' id='word_1_344' title='bbox 362 2398 471 2439; x_wconf 81' lang='lat' dir='ltr'>pondo]</span> <span class='ocrx_word' id='word_1_345' title='bbox 509 2397 643 2428; x_wconf 86' lang='lat' dir='ltr'>Selibras</span> <span class='ocrx_word' id='word_1_346' title='bbox 673 2401 824 2427; x_wconf 81' lang='lat' dir='ltr'>nostrates</span> <span class='ocrx_word' id='word_1_347' title='bbox 851 2396 948 2426; x_wconf 83' lang='lat'><strong>2367.</strong></span> <span class='ocrx_word' id='word_1_348' title='bbox 983 2405 1055 2426; x_wconf 89' lang='lat' dir='ltr'>cum</span> 
     </span>
     <span class='ocr_line' id='line_1_53' title="bbox 363 2439 649 2472; baseline 0 -2"><span class='ocrx_word' id='word_1_349' title='bbox 363 2440 460 2472; x_wconf 76' lang='lat' dir='ltr'>tribus</span> <span class='ocrx_word' id='word_1_350' title='bbox 474 2439 649 2471; x_wconf 87' lang='lat' dir='ltr'>semunciis.</span> 
     </span>
    </p>

    <p class='ocr_par' dir='ltr' id='par_1_12' title="bbox 365 2480 1054 2558">
     <span class='ocr_line' id='line_1_54' title="bbox 406 2480 1054 2525; baseline -0.005 -10"><span class='ocrx_word' id='word_1_351' title='bbox 406 2485 448 2515; x_wconf 81' lang='lat'>26</span> <span class='ocrx_word' id='word_1_352' title='bbox 483 2484 608 2525; x_wconf 78' lang='lat' dir='ltr'>Argenti</span> <span class='ocrx_word' id='word_1_353' title='bbox 635 2483 742 2525; x_wconf 81' lang='lat' dir='ltr'>viginti</span> <span class='ocrx_word' id='word_1_354' title='bbox 771 2482 881 2523; x_wconf 74' lang='lat' dir='ltr'>millia]</span> <span class='ocrx_word' id='word_1_355' title='bbox 918 2480 1054 2513; x_wconf 84' lang='lat' dir='ltr'>Selibras</span> 
     </span>
     <span class='ocr_line' id='line_1_55' title="bbox 365 2527 649 2558; baseline -0.004 -1"><span class='ocrx_word' id='word_1_356' title='bbox 365 2532 518 2558; x_wconf 85' lang='lat' dir='ltr'>nostrates</span> <span class='ocrx_word' id='word_1_357' title='bbox 533 2527 649 2557; x_wconf 81' lang='lat'>31250.</span> 
     </span>
    </p>

    <p class='ocr_par' dir='ltr' id='par_1_13' title="bbox 362 2568 1054 2904">
     <span class='ocr_line' id='line_1_56' title="bbox 406 2568 1053 2610; baseline -0.005 -10"><span class='ocrx_word' id='word_1_358' title='bbox 406 2571 447 2600; x_wconf 84' lang='lat'>27</span> <span class='ocrx_word' id='word_1_359' title='bbox 483 2569 647 2600; x_wconf 73' lang='lat' dir='ltr'>Denariiim</span> <span class='ocrx_word' id='word_1_360' title='bbox 679 2570 804 2610; x_wconf 78' lang='lat' dir='ltr'>triginta</span> <span class='ocrx_word' id='word_1_361' title='bbox 831 2574 957 2608; x_wconf 83' lang='lat' dir='ltr'>quatuor</span> <span class='ocrx_word' id='word_1_362' title='bbox 988 2568 1053 2597; x_wconf 83' lang='lat' dir='ltr'>mit-</span> 
     </span>
     <span class='ocr_line' id='line_1_57' title="bbox 364 2611 1052 2653; baseline -0.003 -11"><span class='ocrx_word' id='word_1_363' title='bbox 364 2614 415 2649; x_wconf 78' lang='lat' dir='ltr'>lr‘a,</span> <span class='ocrx_word' id='word_1_364' title='bbox 446 2619 473 2643; x_wconf 81' lang='lat' dir='ltr'>et</span> <span class='ocrx_word' id='word_1_365' title='bbox 499 2614 669 2653; x_wconf 70' lang='lat' dir='ltr'>quingentos</span> <span class='ocrx_word' id='word_1_366' title='bbox 697 2611 930 2652; x_wconf 76' lang='lat' dir='ltr'>quinquaginta]</span> <span class='ocrx_word' id='word_1_367' title='bbox 965 2611 1052 2640; x_wconf 82' lang='lat' dir='ltr'>Mar-</span> 
     </span>
     <span class='ocr_line' id='line_1_58' title="bbox 363 2653 1053 2697; baseline -0.006 -11"><span class='ocrx_word' id='word_1_368' title='bbox 363 2666 416 2686; x_wconf 76' lang='lat' dir='ltr'>cas</span> <span class='ocrx_word' id='word_1_369' title='bbox 432 2654 549 2697; x_wconf 83' lang='lat' dir='ltr'>argenti</span> <span class='ocrx_word' id='word_1_370' title='bbox 570 2655 630 2685; x_wconf 77' lang='lat' dir='ltr'>sere</span> <span class='ocrx_word' id='word_1_371' title='bbox 654 2655 727 2685; x_wconf 74' lang='lat'>540.</span> <span class='ocrx_word' id='word_1_372' title='bbox 774 2653 919 2684; x_wconf 81' lang='lat' dir='ltr'>Ceterum</span> <span class='ocrx_word' id='word_1_373' title='bbox 944 2663 1053 2683; x_wconf 90' lang='lat' dir='ltr'>nume-</span> 
     </span>
     <span class='ocr_line' id='line_1_59' title="bbox 363 2695 1054 2738; baseline -0.003 -10"><span class='ocrx_word' id='word_1_374' title='bbox 363 2709 430 2729; x_wconf 87' lang='lat' dir='ltr'>rum</span> <span class='ocrx_word' id='word_1_375' title='bbox 447 2698 529 2729; x_wconf 91' lang='lat' dir='ltr'>hunc</span> <span class='ocrx_word' id='word_1_376' title='bbox 548 2697 631 2738; x_wconf 87' lang='lat' dir='ltr'>justo</span> <span class='ocrx_word' id='word_1_377' title='bbox 653 2696 802 2727; x_wconf 88' lang='lat' dir='ltr'>minorem</span> <span class='ocrx_word' id='word_1_378' title='bbox 826 2705 891 2727; x_wconf 70' lang='lat' dir='ltr'>esse</span> <span class='ocrx_word' id='word_1_379' title='bbox 914 2705 975 2726; x_wconf 87' lang='lat' dir='ltr'>non</span> <span class='ocrx_word' id='word_1_380' title='bbox 991 2695 1054 2726; x_wconf 85' lang='lat' dir='ltr'>sine</span> 
     </span>
     <span class='ocr_line' id='line_1_60' title="bbox 363 2738 1051 2783; baseline -0.006 -13"><span class='ocrx_word' id='word_1_381' title='bbox 363 2742 479 2773; x_wconf 81' lang='lat' dir='ltr'>ratione</span> <span class='ocrx_word' id='word_1_382' title='bbox 497 2741 621 2783; x_wconf 82' lang='lat' dir='ltr'>judicat</span> <span class='ocrx_word' id='word_1_383' title='bbox 642 2740 788 2781; x_wconf 73' lang='lat' dir='ltr'>Scaliger,</span> <span class='ocrx_word' id='word_1_384' title='bbox 805 2739 826 2768; x_wconf 88' lang='grc'>1.</span> <span class='ocrx_word' id='word_1_385' title='bbox 843 2739 880 2768; x_wconf 86' lang='lat' dir='ltr'>de</span> <span class='ocrx_word' id='word_1_386' title='bbox 896 2749 926 2769; x_wconf 84' lang='lat' dir='ltr'>rc</span> <span class='ocrx_word' id='word_1_387' title='bbox 951 2738 1051 2768; x_wconf 80' lang='lat' dir='ltr'>Num-</span> 
     </span>
     <span class='ocr_line' id='line_1_61' title="bbox 363 2779 1053 2825; baseline -0.009 -10"><span class='ocrx_word' id='word_1_388' title='bbox 363 2784 469 2819; x_wconf 63' lang='lat' dir='ltr'>maria,</span> <span class='ocrx_word' id='word_1_389' title='bbox 501 2784 628 2825; x_wconf 84' lang='lat' dir='ltr'>vultque</span> <span class='ocrx_word' id='word_1_390' title='bbox 664 2783 725 2823; x_wconf 72' lang='lat' dir='ltr'>legi</span> <span class='ocrx_word' id='word_1_391' title='bbox 758 2788 888 2812; x_wconf 57' lang='lat' dir='ltr'>iri-ceum</span> <span class='ocrx_word' id='word_1_392' title='bbox 927 2779 1053 2821; x_wconf 74' lang='lat' dir='ltr'>quatuor</span> 
     </span>
     <span class='ocr_line' id='line_1_62' title="bbox 362 2823 1051 2868; baseline -0.004 -12"><span class='ocrx_word' id='word_1_393' title='bbox 362 2828 465 2857; x_wconf 77' lang='lat' dir='ltr'>mr‘llin.</span> <span class='ocrx_word' id='word_1_394' title='bbox 513 2828 600 2857; x_wconf 83' lang='lat' dir='ltr'>Idem</span> <span class='ocrx_word' id='word_1_395' title='bbox 627 2836 680 2868; x_wconf 90' lang='lat' dir='ltr'>pro</span> <span class='ocrx_word' id='word_1_396' title='bbox 702 2826 845 2859; x_wconf 66' lang='lat' dir='ltr'>dtnarios,</span> <span class='ocrx_word' id='word_1_397' title='bbox 871 2823 953 2865; x_wconf 84' lang='lat' dir='ltr'>quod</span> <span class='ocrx_word' id='word_1_398' title='bbox 979 2823 1051 2854; x_wconf 84' lang='lat' dir='ltr'>oiim</span> 
     </span>
     <span class='ocr_line' id='line_1_63' title="bbox 363 2867 996 2904; baseline -0.006 -5"><span class='ocrx_word' id='word_1_399' title='bbox 363 2869 436 2900; x_wconf 57' lang='lat' dir='ltr'>edi-„i</span> <span class='ocrx_word' id='word_1_400' title='bbox 456 2870 625 2904; x_wconf 50' lang='lat' dir='ltr'>habebant,</span> <span class='ocrx_word' id='word_1_401' title='bbox 640 2868 818 2900; x_wconf 85' lang='lat' dir='ltr'>emendavit</span> <span class='ocrx_word' id='word_1_402' title='bbox 831 2867 996 2898; x_wconf 69' lang='lat' dir='ltr'>denarium.</span> 
     </span>
    </p>
   </div>
   <div class='ocr_carea' id='block_1_10' title="bbox 1095 2133 1788 2906">
    <p class='ocr_par' dir='ltr' id='par_1_14' title="bbox 1095 2133 1788 2296">
     <span class='ocr_line' id='line_1_64' title="bbox 1095 2133 1783 2170; baseline -0.001 -4"><span class='ocrx_word' id='word_1_403' title='bbox 1095 2141 1232 2166; x_wconf 88' lang='lat' dir='ltr'>moratur</span> <span class='ocrx_word' id='word_1_404' title='bbox 1256 2133 1296 2164; x_wconf 89' lang='lat' dir='ltr'>ad</span> <span class='ocrx_word' id='word_1_405' title='bbox 1318 2134 1515 2165; x_wconf 88' lang='lat' dir='ltr'>ulciscendos</span> <span class='ocrx_word' id='word_1_406' title='bbox 1537 2134 1676 2170; x_wconf 85' lang='lat' dir='ltr'>Boeotos,</span> <span class='ocrx_word' id='word_1_407' title='bbox 1692 2139 1723 2164; x_wconf 87' lang='lat' dir='ltr'>et</span> <span class='ocrx_word' id='word_1_408' title='bbox 1738 2134 1783 2165; x_wconf 87' lang='lat' dir='ltr'>le-</span> 
     </span>
     <span class='ocr_line' id='line_1_65' title="bbox 1097 2176 1785 2219; baseline 0 -11"><span class='ocrx_word' id='word_1_409' title='bbox 1097 2183 1185 2219; x_wconf 86' lang='lat' dir='ltr'>gatos</span> <span class='ocrx_word' id='word_1_410' title='bbox 1208 2177 1350 2208; x_wconf 84' lang='lat' dir='ltr'>Athenas</span> <span class='ocrx_word' id='word_1_411' title='bbox 1375 2178 1508 2208; x_wconf 87' lang='lat' dir='ltr'>mittere.</span> <span class='ocrx_word' id='word_1_412' title='bbox 1552 2177 1593 2207; x_wconf 87' lang='lat' dir='ltr'>Et</span> <span class='ocrx_word' id='word_1_413' title='bbox 1614 2176 1785 2218; x_wconf 83' lang='lat' dir='ltr'>adstipula-</span> 
     </span>
     <span class='ocr_line' id='line_1_66' title="bbox 1097 2219 1788 2263; baseline -0.001 -12"><span class='ocrx_word' id='word_1_414' title='bbox 1097 2227 1148 2252; x_wconf 89' lang='lat' dir='ltr'>tur</span> <span class='ocrx_word' id='word_1_415' title='bbox 1166 2220 1317 2263; x_wconf 79' lang='lat' dir='ltr'>Polybius</span> <span class='ocrx_word' id='word_1_416' title='bbox 1330 2219 1363 2251; x_wconf 88' lang='lat' dir='ltr'>in</span> <span class='ocrx_word' id='word_1_417' title='bbox 1378 2222 1523 2262; x_wconf 83' lang='lat' dir='ltr'>Excerpt.</span> <span class='ocrx_word' id='word_1_418' title='bbox 1538 2220 1648 2260; x_wconf 84' lang='lat' dir='ltr'>Legat.</span> <span class='ocrx_word' id='word_1_419' title='bbox 1664 2220 1695 2251; x_wconf 92' lang='lat'>8.</span> <span class='ocrx_word' id='word_1_420' title='bbox 1709 2219 1788 2250; x_wconf 79' lang='lat' dir='ltr'>Haec</span> 
     </span>
     <span class='ocr_line' id='line_1_67' title="bbox 1099 2262 1362 2296; baseline 0 -2"><span class='ocrx_word' id='word_1_421' title='bbox 1099 2263 1160 2296; x_wconf 83' lang='lat' dir='ltr'>sere</span> <span class='ocrx_word' id='word_1_422' title='bbox 1177 2262 1362 2295; x_wconf 86' lang='lat' dir='ltr'>Perizonius.</span> 
     </span>
    </p>

    <p class='ocr_par' dir='ltr' id='par_1_15' title="bbox 1097 2305 1787 2735">
     <span class='ocr_line' id='line_1_68' title="bbox 1141 2305 1786 2347; baseline -0.003 -9"><span class='ocrx_word' id='word_1_423' title='bbox 1141 2308 1182 2338; x_wconf 89' lang='lat'>30</span> <span class='ocrx_word' id='word_1_424' title='bbox 1208 2307 1334 2338; x_wconf 76' lang='lat' dir='ltr'>Perinde</span> <span class='ocrx_word' id='word_1_425' title='bbox 1359 2313 1445 2346; x_wconf 79' lang='lat' dir='ltr'>atque</span> <span class='ocrx_word' id='word_1_426' title='bbox 1469 2305 1522 2344; x_wconf 78' lang='lat' dir='ltr'>ipsi</span> <span class='ocrx_word' id='word_1_427' title='bbox 1551 2306 1582 2335; x_wconf 83' lang='lat' dir='ltr'>id</span> <span class='ocrx_word' id='word_1_428' title='bbox 1604 2317 1623 2335; x_wconf 87' lang='lat' dir='ltr'>a</span> <span class='ocrx_word' id='word_1_429' title='bbox 1647 2305 1786 2347; x_wconf 76' lang='lat' dir='ltr'>Quintio]</span> 
     </span>
     <span class='ocr_line' id='line_1_69' title="bbox 1100 2347 1787 2391; baseline -0.003 -10"><span class='ocrx_word' id='word_1_430' title='bbox 1100 2350 1233 2382; x_wconf 90' lang='lat' dir='ltr'>Perinde</span> <span class='ocrx_word' id='word_1_431' title='bbox 1250 2355 1343 2391; x_wconf 90' lang='lat' dir='ltr'>atque</span> <span class='ocrx_word' id='word_1_432' title='bbox 1358 2349 1389 2379; x_wconf 90' lang='lat' dir='ltr'>id</span> <span class='ocrx_word' id='word_1_433' title='bbox 1405 2347 1436 2378; x_wconf 91' lang='lat' dir='ltr'>in</span> <span class='ocrx_word' id='word_1_434' title='bbox 1449 2348 1543 2378; x_wconf 90' lang='lat' dir='ltr'>solius</span> <span class='ocrx_word' id='word_1_435' title='bbox 1564 2347 1700 2390; x_wconf 86' lang='lat' dir='ltr'>Philippi</span> <span class='ocrx_word' id='word_1_436' title='bbox 1716 2358 1787 2389; x_wconf 81' lang='lat' dir='ltr'>gra-</span> 
     </span>
     <span class='ocr_line' id='line_1_70' title="bbox 1099 2390 1787 2430; baseline -0.003 -6"><span class='ocrx_word' id='word_1_437' title='bbox 1099 2393 1175 2424; x_wconf 82' lang='lat' dir='ltr'>tiam</span> <span class='ocrx_word' id='word_1_438' title='bbox 1191 2404 1210 2425; x_wconf 88' lang='lat' dir='ltr'>a</span> <span class='ocrx_word' id='word_1_439' title='bbox 1233 2391 1362 2430; x_wconf 86' lang='lat' dir='ltr'>Quintio</span> <span class='ocrx_word' id='word_1_440' title='bbox 1377 2396 1408 2422; x_wconf 81' lang='lat' dir='ltr'>et</span> <span class='ocrx_word' id='word_1_441' title='bbox 1433 2390 1585 2421; x_wconf 83' lang='lat' dir='ltr'>Romanis</span> <span class='ocrx_word' id='word_1_442' title='bbox 1607 2401 1787 2422; x_wconf 85' lang='lat' dir='ltr'>concessum</span> 
     </span>
     <span class='ocr_line' id='line_1_71' title="bbox 1097 2433 1785 2477; baseline -0.004 -9"><span class='ocrx_word' id='word_1_443' title='bbox 1097 2442 1178 2468; x_wconf 84' lang='lat' dir='ltr'>esset</span> <span class='ocrx_word' id='word_1_444' title='bbox 1189 2449 1197 2475; x_wconf 82' lang='lat'>3</span> <span class='ocrx_word' id='word_1_445' title='bbox 1219 2435 1308 2477; x_wconf 76' lang='lat' dir='ltr'>quasi</span> <span class='ocrx_word' id='word_1_446' title='bbox 1319 2445 1379 2466; x_wconf 87' lang='lat' dir='ltr'>non</span> <span class='ocrx_word' id='word_1_447' title='bbox 1389 2433 1446 2464; x_wconf 88' lang='lat' dir='ltr'>sibi</span> <span class='ocrx_word' id='word_1_448' title='bbox 1459 2433 1628 2474; x_wconf 75' lang='lat' dir='ltr'>(Boeotis),</span> <span class='ocrx_word' id='word_1_449' title='bbox 1640 2434 1695 2465; x_wconf 85' lang='lat' dir='ltr'>sed</span> <span class='ocrx_word' id='word_1_450' title='bbox 1710 2433 1785 2465; x_wconf 87' lang='lat' dir='ltr'>Phi-</span> 
     </span>
     <span class='ocr_line' id='line_1_72' title="bbox 1097 2476 1785 2527; baseline -0.003 -17"><span class='ocrx_word' id='word_1_451' title='bbox 1097 2479 1181 2527; x_wconf 83' lang='lat' dir='ltr'>lippo</span> <span class='ocrx_word' id='word_1_452' title='bbox 1204 2479 1259 2510; x_wconf 87' lang='lat' dir='ltr'>soli</span> <span class='ocrx_word' id='word_1_453' title='bbox 1281 2476 1446 2519; x_wconf 84' lang='lat' dir='ltr'>gratificari</span> <span class='ocrx_word' id='word_1_454' title='bbox 1473 2476 1639 2507; x_wconf 82' lang='lat' dir='ltr'>voluissent</span> <span class='ocrx_word' id='word_1_455' title='bbox 1664 2477 1785 2508; x_wconf 82' lang='lat' dir='ltr'>Roma-</span> 
     </span>
     <span class='ocr_line' id='line_1_73' title="bbox 1098 2519 1784 2561; baseline -0.004 -8"><span class='ocrx_word' id='word_1_456' title='bbox 1098 2533 1140 2553; x_wconf 84' lang='lat' dir='ltr'>ni.</span> <span class='ocrx_word' id='word_1_457' title='bbox 1185 2523 1253 2553; x_wconf 86' lang='lat' dir='ltr'>Hoc</span> <span class='ocrx_word' id='word_1_458' title='bbox 1277 2531 1337 2552; x_wconf 87' lang='lat' dir='ltr'>non</span> <span class='ocrx_word' id='word_1_459' title='bbox 1360 2530 1460 2551; x_wconf 88' lang='lat' dir='ltr'>rarum</span> <span class='ocrx_word' id='word_1_460' title='bbox 1479 2519 1667 2561; x_wconf 74' lang='lat' dir='ltr'>ingratorum</span> <span class='ocrx_word' id='word_1_461' title='bbox 1685 2519 1784 2551; x_wconf 89' lang='lat' dir='ltr'>homi-</span> 
     </span>
     <span class='ocr_line' id='line_1_74' title="bbox 1098 2562 1786 2603; baseline -0.003 -7"><span class='ocrx_word' id='word_1_462' title='bbox 1098 2576 1173 2596; x_wconf 87' lang='lat' dir='ltr'>num</span> <span class='ocrx_word' id='word_1_463' title='bbox 1195 2569 1402 2595; x_wconf 83' lang='lat' dir='ltr'>commentum</span> <span class='ocrx_word' id='word_1_464' title='bbox 1425 2568 1481 2597; x_wconf 81' lang='lat' dir='ltr'>est,</span> <span class='ocrx_word' id='word_1_465' title='bbox 1500 2569 1533 2592; x_wconf 88' lang='lat' dir='ltr'>ut</span> <span class='ocrx_word' id='word_1_466' title='bbox 1557 2572 1575 2592; x_wconf 88' lang='lat' dir='ltr'>a</span> <span class='ocrx_word' id='word_1_467' title='bbox 1597 2562 1710 2603; x_wconf 91' lang='lat' dir='ltr'>quibus</span> <span class='ocrx_word' id='word_1_468' title='bbox 1731 2563 1786 2594; x_wconf 79' lang='lat' dir='ltr'>be-</span> 
     </span>
     <span class='ocr_line' id='line_1_75' title="bbox 1097 2606 1784 2649; baseline -0.004 -11"><span class='ocrx_word' id='word_1_469' title='bbox 1097 2608 1240 2640; x_wconf 89' lang='lat' dir='ltr'>neficium</span> <span class='ocrx_word' id='word_1_470' title='bbox 1264 2606 1417 2649; x_wconf 77' lang='lat' dir='ltr'>accepisse</span> <span class='ocrx_word' id='word_1_471' title='bbox 1439 2615 1472 2636; x_wconf 88' lang='lat' dir='ltr'>se</span> <span class='ocrx_word' id='word_1_472' title='bbox 1496 2615 1608 2645; x_wconf 76' lang='lat' dir='ltr'>negare</span> <span class='ocrx_word' id='word_1_473' title='bbox 1632 2616 1693 2636; x_wconf 90' lang='lat' dir='ltr'>non</span> <span class='ocrx_word' id='word_1_474' title='bbox 1715 2615 1784 2647; x_wconf 83' lang='lat' dir='ltr'>pos-</span> 
     </span>
     <span class='ocr_line' id='line_1_76' title="bbox 1097 2647 1786 2691; baseline -0.004 -9"><span class='ocrx_word' id='word_1_475' title='bbox 1097 2656 1180 2687; x_wconf 84' lang='lat' dir='ltr'>sunt,</span> <span class='ocrx_word' id='word_1_476' title='bbox 1209 2660 1261 2681; x_wconf 90' lang='lat' dir='ltr'>eos</span> <span class='ocrx_word' id='word_1_477' title='bbox 1289 2655 1410 2691; x_wconf 87' lang='lat' dir='ltr'>gratum</span> <span class='ocrx_word' id='word_1_478' title='bbox 1438 2647 1496 2679; x_wconf 88' lang='lat' dir='ltr'>sibi</span> <span class='ocrx_word' id='word_1_479' title='bbox 1525 2649 1626 2680; x_wconf 82' lang='lat' dir='ltr'>facere</span> <span class='ocrx_word' id='word_1_480' title='bbox 1655 2648 1786 2679; x_wconf 79' lang='lat' dir='ltr'>voluisse</span> 
     </span>
     <span class='ocr_line' id='line_1_77' title="bbox 1098 2699 1221 2735; baseline -0.016 -10"><span class='ocrx_word' id='word_1_481' title='bbox 1098 2699 1221 2735; x_wconf 81' lang='lat' dir='ltr'>negent.</span> 
     </span>
    </p>

    <p class='ocr_par' dir='ltr' id='par_1_16' title="bbox 1097 2734 1784 2810">
     <span class='ocr_line' id='line_1_78' title="bbox 1139 2734 1784 2776; baseline -0.005 -9"><span class='ocrx_word' id='word_1_482' title='bbox 1139 2738 1177 2768; x_wconf 88' lang='lat'>31</span> <span class='ocrx_word' id='word_1_483' title='bbox 1207 2735 1354 2776; x_wconf 74' lang='lat' dir='ltr'>Fuerant]</span> <span class='ocrx_word' id='word_1_484' title='bbox 1383 2734 1636 2776; x_wconf 34' lang='lat' dir='ltr'>Vulgo-suerunt.</span> <span class='ocrx_word' id='word_1_485' title='bbox 1675 2735 1784 2764; x_wconf 84' lang='lat' dir='ltr'>Muta-</span> 
     </span>
     <span class='ocr_line' id='line_1_79' title="bbox 1097 2779 1471 2810; baseline -0.005 -1"><span class='ocrx_word' id='word_1_486' title='bbox 1097 2779 1139 2809; x_wconf 85' lang='lat' dir='ltr'>vit</span> <span class='ocrx_word' id='word_1_487' title='bbox 1162 2779 1268 2810; x_wconf 86' lang='lat' dir='ltr'>merito</span> <span class='ocrx_word' id='word_1_488' title='bbox 1285 2780 1403 2809; x_wconf 59' lang='lat' dir='ltr'>Gronov</span> <span class='ocrx_word' id='word_1_489' title='bbox 1415 2779 1471 2808; x_wconf 70' lang='lat' dir='ltr'>{u;.</span> 
     </span>
    </p>

    <p class='ocr_par' dir='ltr' id='par_1_17' title="bbox 1096 2821 1784 2906">
     <span class='ocr_line' id='line_1_80' title="bbox 1139 2821 1784 2861; baseline -0.008 -9"><span class='ocrx_word' id='word_1_490' title='bbox 1139 2823 1179 2853; x_wconf 73' lang='lat'>32</span> <span class='ocrx_word' id='word_1_491' title='bbox 1211 2821 1318 2851; x_wconf 63' lang='lat' dir='ltr'>Tollere</span> <span class='ocrx_word' id='word_1_492' title='bbox 1348 2821 1538 2861; x_wconf 59' lang='lat' dir='ltr'>Broc-hyllum</span> <span class='ocrx_word' id='word_1_493' title='bbox 1570 2842 1577 2850; x_wconf 91' lang='lat'><strong>.</strong></span> <span class='ocrx_word' id='word_1_494' title='bbox 1607 2842 1615 2850; x_wconf 89' lang='lat'>.</span> <span class='ocrx_word' id='word_1_495' title='bbox 1643 2842 1650 2850; x_wconf 92' lang='lat'>.</span> <span class='ocrx_word' id='word_1_496' title='bbox 1677 2825 1784 2851; x_wconf 81' lang='lat' dir='ltr'>statue-</span> 
     </span>
     <span class='ocr_line' id='line_1_81' title="bbox 1096 2861 1784 2906; baseline -0.003 -12"><span class='ocrx_word' id='word_1_497' title='bbox 1096 2865 1184 2906; x_wconf 73' lang='lat' dir='ltr'>mut]</span> <span class='ocrx_word' id='word_1_498' title='bbox 1211 2865 1323 2896; x_wconf 80' lang='lat' dir='ltr'>Cetera</span> <span class='ocrx_word' id='word_1_499' title='bbox 1346 2864 1441 2906; x_wconf 62' lang='lat' dir='ltr'>hujus,</span> <span class='ocrx_word' id='word_1_500' title='bbox 1460 2864 1519 2895; x_wconf 81' lang='lat' dir='ltr'>loci</span> <span class='ocrx_word' id='word_1_501' title='bbox 1541 2862 1671 2904; x_wconf 82' lang='lat' dir='ltr'>sumpsit</span> <span class='ocrx_word' id='word_1_502' title='bbox 1686 2873 1702 2893; x_wconf 87' lang='lat' dir='ltr'>e</span> <span class='ocrx_word' id='word_1_503' title='bbox 1725 2861 1784 2893; x_wconf 81' lang='lat' dir='ltr'>Po-</span> 
     </span>
    </p>
   </div>
  </div>
 </body>
</html>
