1947 3222
496 144 619 182 LIB.
645 143 859 181 XXXVII.
896 144 1028 181 CAP.
1057 144 1163 181 LIV.
1455 147 1530 181 325

131 251 302 306 Scipioni
330 252 476 294 consuli
504 258 633 294 vestro
665 252 832 301 obcurri,
865 259 908 292 ut
947 265 1034 291 eum
1073 252 1115 292 in
1157 250 1387 306 trajiciendo
1419 266 1529 292 erer-

127 311 208 351 citn
236 309 480 364 adjuvarem.
508 315 717 363 postquam
737 310 777 349 in
796 309 937 350 Asiam
957 309 1152 349 exercitus
1172 315 1299 349 vester
1320 316 1379 349 est
1401 315 1529 349 trans-

127 381 301 421 gressus,
328 380 541 421 numquam
573 380 598 406 a
628 366 779 406 consule
809 366 1002 406 abscessi:
1041 380 1154 406 nemo
1182 365 1294 406 miles
1323 367 1531 407 Romanus

131 426 261 480 magis
290 424 471 465 assiduus
503 424 545 463 in
579 424 718 464 castris
753 424 892 464 vestris
918 422 1020 475 fuit,
1051 437 1171 476 quam
1203 437 1276 477 ego
1302 422 1531 476 fratresque

131 483 220 521 mei.
262 482 371 522 nulla
404 481 611 533 expeditio,
647 481 793 520 nullum
829 487 1002 535 equestre
1033 479 1211 532 proelium
1238 479 1324 520 sine
1351 494 1414 519 me
1434 479 1531 531 sac-

133 545 216 578 tum
236 545 304 578 est.
363 538 412 578 In
443 538 526 578 acie
555 537 613 577 ibi
641 538 742 587 steti,
774 552 863 578 eam
889 544 1046 590 partem
1075 551 1162 577 sum
1194 543 1356 587 tutatus,
1386 537 1425 576 in
1454 550 1532 590 qua

132 610 194 635 me
223 595 353 636 consul
382 608 465 634 esse
493 595 628 635 voluit.
706 596 798 636 Non
829 610 913 635 sum
948 595 1018 634 hoc
1051 595 1232 643 dicimus,
1267 595 1415 634 Patres
1445 607 1535 634 con-⁴

132 652 278 704 scripti,
301 653 384 706 quis
415 652 487 692 hoc
516 652 615 692 bello
641 653 791 692 meritis
818 667 917 707 erga
944 667 1012 693 vos
1033 666 1180 692 mecum
1201 651 1424 704 comparari
1446 657 1532 703 pot-

134 708 219 749 est?
249 710 345 763 Ego
374 709 473 749 nulli
501 710 669 749 omnium
702 724 822 763 neque
848 710 1094 762 populorum,
1120 723 1242 763 neque
1270 723 1421 764 regum,
1443 720 1538 762 quos

132 767 172 806 in
201 780 348 821 magno
379 767 523 807 honore
553 767 716 815 habetis,
749 781 821 807 non
853 768 978 807 ausim
1008 781 1070 806 me
1100 780 1339 819 comparare.
1401 765 1541 806 Hostis

136 823 355 864 Masinissa
387 830 478 864 ante
507 825 643 873 vobisz,
666 838 783 878 quam
814 822 1068 876 socich,fuit:
1109 838 1179 864 nec
1207 823 1389 864 incolumi
1416 835 1540 876 regno

136 895 222 921 cum
244 881 401 921 auxiliis
421 881 520 931 suis,
541 882 611 921 sed
631 882 809 930 extorris,
828 882 1026 933 expulsus,
1044 881 1202 921 amissis
1220 880 1394 920 omnibus
1409 879 1542 932 copiis,

136 952 221 978 cum
245 945 374 978 turma
396 939 567 991 equitum
587 938 626 978 in
647 946 778 979 castra
798 938 978 992 conjugit
999 945 1147 979 vestra.
1179 944 1310 978 tamen
1331 952 1430 986 eum,
1451 937 1544 991 quia

136 997 178 1035 in
207 994 347 1047 Africa
378 997 564 1036 adversus
596 995 811 1049 Syphacem
842 1003 881 1035 et
910 995 1270 1050 Karthaginienses
1284 994 1461 1045 fideliter
1482 999 1545 1033 at-

138 1067 211 1107 que
230 1053 386 1107 inpigre
405 1053 602 1092 vobiscum
633 1053 751 1102 stetit,
774 1067 851 1093 non
877 1053 916 1093 in
944 1054 1116 1105 patrium
1145 1052 1271 1092 solum
1299 1065 1464 1106 regnum
1484 1065 1546 1092 re-

139 1110 335 1158 stituistis,
357 1111 438 1159 sed,
457 1108 611 1163 adjecta
633 1109 925 1162 opulentissima
943 1116 1063 1162 parte
1084 1109 1276 1163 Syphacis
1293 1109 1420 1163 regni,
1443 1121 1546 1160 prae-

134 1174 328 1220 potentem
350 1167 448 1207 inter
469 1165 622 1218 Africae
650 1181 765 1221 reges
782 1165 954 1218 fecistis.
1021 1167 1108 1213 Quo
1139 1167 1298 1206 tandem
1325 1166 1451 1219 igitur
1479 1179 1548 1205 nos

138 1224 298 1276 praemio
319 1230 436 1278 atque
456 1224 601 1263 honore
620 1224 733 1278 digni
754 1225 863 1276 apud
881 1237 951 1264 vos
975 1237 1119 1272 sumus,
1142 1224 1208 1278 qui
1228 1237 1441 1277 numquam·
1462 1223 1549 1263 hos-

143 1289 212 1330 tes,
244 1295 395 1333 semper
423 1281 519 1321 socii
536 1279 724 1331 ficimus?
766 1282 905 1330 Pater,
937 1295 1024 1335 ego,
1041 1279 1271 1334 fratresque
1299 1281 1376 1320 mei
1404 1294 1480 1320 non
1509 1280 1550 1319 in

141 1338 245 1379 Asia
282 1345 448 1385 tantum,
478 1339 548 1378 sed
580 1339 697 1378 etiam
729 1339 866 1390 procul
898 1338 950 1377 ab
981 1340 1097 1378 domo
1126 1338 1165 1378 in
1198 1338 1481 1390 Peloponneso,
1510 1337 1552 1376 in

141 1395 314 1445 Βεεοίία,
336 1395 377 1435 in
408 1395 577 1445 AEtolia,
616 1396 804 1448 Philippi,
841 1395 1044 1445 Antiochi,
1077 1395 1260 1435 AEtolico
1295 1395 1411 1445 bello,
1445 1401 1552 1435 terra.

143 1453 322 1506 marique
347 1467 421 1505 pro
441 1454 545 1493 vobis
566 1467 681 1493 arma
710 1453 883 1493 tulimus.
947 1454 1052 1499 Quid
1075 1467 1172 1506 ergo
1198 1450 1403 1504 postulas?
1442 1451 1553 1491 dicat

144 1510 300 1563 aliquis.
362 1510 468 1564 Ego,
491 1511 640 1550 Patres
660 1510 874 1562 conscripti,
897 1511 1079 1563 quoniam
1108 1511 1236 1550 dicere
1266 1510 1395 1562 utique
1421 1508 1553 1549 volen-

145 1568 247 1606 tibus
275 1567 380 1607 vobis
413 1568 631 1618 parendum
664 1574 731 1613 est,
765 1568 798 1607 si
826 1581 891 1607 vos
923 1580 971 1606 ea
1000 1573 1126 1607 mente
1155 1567 1262 1607 ultra
1305 1566 1429 1606 Tauri
1443 1565 1554 1620 juga

146 1623 304 1664 emostis
323 1624 554 1664 Antiochum
564 1629 590 1673 ³,
613 1631 656 1664 ut
676 1625 752 1676 ipsi
773 1624 956 1664 teneretis
978 1638 1045 1664 eas
1066 1631 1204 1671 terras,
1226 1624 1352 1664 nullos
1373 1623 1552 1672 adcolas,

147 1696 217 1722 nec
232 1680 431 1731 finitimos
460 1682 613 1729 habere,
646 1695 767 1735 quam
791 1695 874 1731 ros,
896 1680 1024 1729 malo;
1056 1695 1124 1720 nec
1153 1681 1234 1720 ulla
1257 1681 1338 1720 alia
1367 1695 1410 1721 re
1436 1680 1556 1720 tutius

145 1739 400 1791 stabiliusque
418 1753 584 1792 regnum
604 1753 728 1778 meum
748 1737 936 1790 futurum
963 1752 1088 1790 spe-ro.
1151 1739 1230 1778 Sed
1258 1738 1291 1777 si
1319 1737 1428 1779 vobis
1447 1738 1557 1778 dece-

149 1797 241 1836 dere
260 1796 362 1843 inde,
378 1802 498 1848 atque
517 1796 706 1836 exercitus
726 1797 919 1836 deducere
933 1796 974 1834 in
994 1795 1125 1835 animo
1146 1804 1224 1843 θεῖς
1256 1796 1445 1834 neminem
1468 1795 1557 1848 dig-

146 1853 291 1894 niorenz
319 1866 400 1892 esse
421 1867 470 1892 etr
489 1853 602 1893 sociis
629 1854 782 1902 vestris,
806 1853 872 1907 qui
893 1852 993 1892 bello
1015 1866 1040 1892 a
1062 1853 1170 1893 vobis
1195 1860 1315 1904 parta
1343 1852 1557 1904 possideat,

147 1924 264 1965 quam
286 1924 358 1958 me,
381 1910 510 1951 dicere
525 1911 665 1951 ausim.
727 1911 782 1951 At
802 1911 900 1950 enim
923 1910 1182 1964 magnificum
1204 1916 1260 1950 est
1283 1910 1446 1949 liberare
1467 1909 1559 1949 civi-

150 1974 251 2008 tates
271 1980 415 2008 servas.
477 1968 544 2007 Ita
567 1968 715 2020 opinor,
738 1968 771 2008 si
790 1967 887 2006 nihil
908 1967 1042 2007 hostile
1063 1968 1254 2007 adversus
1272 1980 1341 2007 vos
1350 1964 1559 2018 fecerunt.-

148 2024 212 2065 sin
237 2030 369 2064 antem
398 2025 586 2065 Antiochi
610 2025 737 2076 partis
765 2022 1009 2075 ⁵⁸sueruntb,-
1043 2030 1192 2078 quanto
1223 2030 1279 2063 est
1307 2030 1441 2064 vestra
1462 2038 1560 2075 pru-

152 2081 286 2122 dentia
311 2088 347 2122 et
373 2082 558 2135 (equitate
585 2082 756 2136 dignius,
778 2082 892 2122 sociis
919 2082 1011 2121 bene
1035 2081 1194 2133 meritis,
1223 2094 1345 2134 quam
1369 2081 1559 2128 hostibus,

151 2153 222 2180 vos
241 2137 468 2179 consulere?

211 2195 332 2236 LIV.
367 2196 500 2237 Grata
529 2196 661 2238 o'ratio
690 2196 799 2253 regis
821 2197 1020 2238 Patribus
1040 2195 1146 2236 fuit:
1180 2204 1221 2237 et
1251 2194 1370 2236 facile
1391 2194 1563 2251 adpare-

156 2253 246 2303 bat,
268 2252 462 2293 munifice
483 2253 621 2294 omnia
650 2262 691 2294 et
721 2268 927 2310 propenso
957 2253 1094 2294 animo
1114 2253 1310 2294 facturos.
1373 2252 1564 2307 Interpo-

156 2309 235 2351 sita
257 2311 567 2365 Smyrnaeorum
596 2310 732 2351 brevis
762 2310 915 2366 legatio
945 2318 1021 2359 est,
1044 2309 1144 2365 quia
1170 2324 1252 2350 non
1280 2308 1452 2349 aderant
1473 2307 1565 2363 qui-

157 2366 253 2407 dam
289 2367 566 2407 Rhodiorum.
643 2367 914 2407 Conlaudatis
949 2367 1113 2422 egregie
1151 2364 1389 2422 Smyrnaeis,
1410 2363 1565 2420 ⁵⁹quod

159 2423 295 2463 omnia
323 2423 473 2464 ultima
502 2424 605 2479 pati,
628 2439 754 2479 quam
785 2439 826 2464 se
852 2424 941 2479 regi
962 2423 1139 2473 tradere,
1161 2422 1417 2470 maluissent,
1439 2421 1566 2461 intro-

160 2477 277 2520 ducti
312 2479 469 2521 Rhodii
505 2489 614 2521 sunt.
655 2495 835 2536 quorum
875 2479 1067 2535 princeps
1100 2479 1332 2534 legationiS,
1369 2477 1565 2534 expositis

162 2533 290 2576 initiis
318 2536 508 2578 amicitiae
543 2553 638 2578 cum
669 2536 827 2593 popuJO
862 2537 1068 2587 Romano,
1102 2535 1344 2590 meritisque
1379 2533 1566 2575 Rhodio-

187 2675 192 2681 .
205 2635 224 2652 2
238 2633 398 2705 gasinissa
412 2636 496 2666 hostis
510 2637 584 2667 vobis
598 2642 666 2666 ante
682 2636 778 2667 Gron.
793 2635 887 2667 Crev.
965 2638 980 2655 ³
996 2635 1170 2665 Antiochum
1185 2636 1294 2665 emostis
1309 2633 1397 2664 Eaed.
1467 2632 1483 2655 b
1489 2631 1564 2672 fue-

164 2681 227 2704 ruit
275 2685 339 2705 ron.

209 2759 249 2789 58
273 2758 424 2801 Fuerunt]
457 2763 660 2794 Gronovianae
683 2763 844 2799 editiones,
887 2768 990 2793 tamen
1005 2764 1093 2794 nulla
1107 2768 1163 2794 est.
1208 2762 1285 2793 Ideo
1299 2760 1506 2791 revocavimus
1529 2768 1565 2790 ex

155 2799 291 2842 filei-int.
348 2804 440 2838 Quod
475 2806 575 2836 minus
608 2805 734 2847 placuit,
772 2807 845 2847 quia
887 2805 1249 2847 vetustioribus·fuerunt.

168 2844 295 2890 v'erbum
319 2845 504 2885 subjunctivi
529 2848 613 2879 modi
635 2848 684 2879 hic
709 2849 844 2890 aliquam
930 2850 970 2879 59
995 2850 1079 2883 Quod
1111 2849 1207 2878 omnia
1241 2847 1347 2876 ultima
1376 2845 1455 2886 pati]
1493 2843 1567 2875 Vid.

166 2886 338 2927 significare
354 2888 504 2920 videretur
526 2891 759 2928 dubitationem,
775 2902 844 2932 quae
888 2892 1050 2922 XXXIII.
1065 2893 1116 2922 38.
1130 2896 1160 2921 et
1175 2889 1311 2920 XXXV.
1328 2889 1377 2918 42.

949 2935 1025 2973 Yss

1542 256 1585 287 U.
1597 255 1634 287 C.
1645 255 1720 286 563.

1543 300 1582 330 A.
1597 300 1632 330 C.
1648 299 1720 328 189.
