1947 3222
455 130 575 168 LIB.
602 127 817 167 XXXVII.
857 127 990 165 CAP.
1018 127 1194 167 XXVII.
1451 135 1523 169 301

123 238 205 280 diae
235 238 373 280 classis
402 238 510 280 circa
531 239 683 279 Patara
702 251 803 285 esse,
825 244 865 277 et
888 237 1120 276 Eumenem
1150 250 1290 292 regem
1319 253 1414 280 cum
1443 254 1530 281 om·
1543 250 1584 282 U.
1597 250 1634 282 C.
1647 249 1720 280 562.

124 295 248 336 nibus
276 295 452 336 navibus
481 294 564 336 suis
585 293 743 334 consuli
769 293 935 334 obviam
955 293 998 333 in
1020 291 1341 348 Hellespontum
1372 296 1531 351 profec-
1543 293 1632 325 A.C.
1649 293 1721 323 190.

124 360 216 393 tum
237 352 436 393 audierat.
466 349 628 406 aliquid
655 349 780 390 etiam
800 349 972 391 inflabat,
1002 349 1159 390 animos
1189 349 1326 391 classis
1348 352 1531 404 Rhodia,

125 409 178 449 ad
217 410 385 450 Samum
425 422 499 464 per
531 406 786 448 occasionem
825 406 973 447 fraude
1013 414 1292 462 praeparatam
1327 408 1530 450 absumta.

127 465 209 505 His
237 465 383 514 fretus,
409 463 667 519 Polyxenida
687 479 782 504 cum
804 463 930 504 classe
950 463 1005 505 ad
1035 463 1275 504 tentandam
1307 465 1418 504 omni
1448 480 1534 506 mo-

126 522 181 562 do
211 520 440 563 certaminis
470 521 683 562 fortunam
713 519 851 571 misso,
880 520 967 576 ipse
998 521 1136 576 copias
1166 520 1220 560 ad
1250 520 1427 561 Notium
1457 521 1535 562 du-

125 578 204 620 cit:
237 578 280 619 id
313 577 514 634 oppidum
550 577 871 634 Colophonium,
893 578 997 618 mari
1027 578 1245 626 inminens,
1267 577 1382 618 abest
1413 593 1437 618 a
1466 592 1533 618 νεὶ-4

127 644 212 676 tere
235 634 474 690 Colophone
504 633 590 675 duo
619 634 747 674 ferme
779 634 907 675 millia
935 649 1160 690 passuum:
1193 633 1272 676 7⁹et
1302 635 1435 690 ipsam
1465 650 1535 675 ur-

125 692 219 733 bem
246 706 332 732 suae
359 706 445 732 esse
474 691 692 746 potestatis
713 690 893 741 volebat,
915 691 1018 732 adeo
1046 691 1327 747 propinquam
1348 691 1534 748 Epheso,

126 756 173 788 ut
206 747 311 788 nihil
350 757 461 789 terra
495 747 648 788 marive
681 756 836 804 ageret,
870 748 985 804 quod
1018 763 1101 789 non
1137 748 1372 803 subjectum
1405 748 1536 789 oculis

126 803 495 860 Colophoniorum,
518 820 564 845 ac
593 819 668 860 per
688 820 756 845 eos
785 813 931 845 notum
953 804 1162 860 extemplo
1185 804 1384 846 Romanis
1405 813 1534 846 esset:

125 876 246 916 quos,
277 862 422 903 audita
457 861 684 911 obsidione,
715 876 798 902 non
833 861 1055 903 dubitabat
1086 861 1140 902 ad
1169 876 1291 917 opem
1322 861 1536 903 ferendam

127 917 246 958 sociae
276 918 370 960 urbi
399 918 568 959 classem
598 933 622 959 a
645 919 767 959 Samo
786 927 985 959 moturos.
1018 933 1108 959 eam
1136 918 1390 960 occasionem
1413 919 1538 976 Poly-

126 974 291 1015 xenidae
321 975 374 1016 ad
408 990 495 1016 rem
530 974 753 1031 gerendam
782 974 882 1015 fore.
945 976 1102 1031 Igitur,
1147 975 1342 1030 operibus
1374 976 1537 1031 obpug-
1550 979 1703 1022 Colopho-

126 1046 224 1072 nare
244 1032 392 1073 urbem
422 1032 656 1087 adgressus,
679 1040 719 1072 et
741 1031 795 1071 ad
824 1046 936 1072 mare
965 1032 1157 1088 partibus
1187 1031 1352 1072 duabus
1381 1032 1537 1088 pariter
1549 1032 1619 1097 ἓὲξῃ
1632 1024 1749 1066 obpug-

128 1088 429 1130 munitionibus
464 1087 669 1137 deductis,
702 1089 916 1143 utrimque
945 1088 1084 1129 vineas
1115 1096 1155 1129 et
1191 1103 1385 1143 aggerem
1416 1104 1538 1130 muro
1605 1088 1614 1097 ”

127 1144 327 1201 injunxit,
349 1154 390 1187 et
420 1145 742 1186 8⁰testudinibus
773 1144 920 1186 arietes
951 1144 1148 1186 admovit.
1210 1144 1374 1194 Quibus
1405 1146 1539 1187 territi

128 1201 246 1243 malis
283 1201 529 1259 Colophonii
563 1210 746 1243 oratores
779 1202 948 1242 Samum
983 1201 1038 1242 ad
1068 1202 1119 1242 L.
1143 1200 1382 1252 AEmilium,
1414 1202 1540 1244 fidem

127 1259 318 1314 praetoris
351 1259 582 1315 populique
617 1258 796 1299 Romani
830 1257 1098 1314 inplorantes,
1134 1259 1347 1300 miserunt.
1409 1260 1540 1301 AEmi-

128 1315 230 1356 lium
252 1323 293 1356 et
317 1316 427 1357 Sami
459 1316 594 1371 segnis
623 1315 698 1356 diu
727 1330 842 1356 mora
871 1315 1139 1366 obfendebat,
1162 1315 1264 1356 nihil
1294 1317 1432 1357 minus
1452 1317 1541 1373 opi-

127 1380 310 1423 nantem,
332 1389 459 1429 quam
488 1372 805 1429 Polyxenidam,
827 1372 890 1413 bis
919 1372 1205 1428 nequidquam
1237 1372 1289 1413 ab
1321 1388 1362 1413 se
1391 1389 1541 1430 provo-

128 1437 282 1478 catum,
304 1439 552 1486 potestatem
577 1444 731 1485 pugnae
751 1430 963 1470 facturum
983 1444 1093 1470 esse:
1126 1439 1166 1471 et
1189 1439 1312 1484 turpe
1333 1430 1541 1471 existima-

127 1487 221 1537 bat,
239 1488 440 1528 Eumenis
470 1487 637 1528 classem
668 1487 868 1542 adjuvare
898 1486 1103 1526 consulem
1137 1487 1189 1527 ad
1214 1486 1476 1541 trajiciendas
1496 1487 1537 1529 in

130 1543 278 1584 Asiam
312 1543 516 1599 legiones3
557 1559 597 1584 se
629 1542 882 1598 Colophonis
911 1542 1086 1583 obsessae
1116 1543 1288 1592 auxilio,
1318 1542 1540 1584 incertamg

130 1599 254 1640 finem
273 1600 485 1651 habituro,
503 1600 691 1656 adligari.
724 1599 943 1640 Eudamus
965 1599 1174 1649 Rhodius,
1195 1600 1270 1656 qui
1286 1608 1326 1640 et
1348 1608 1539 1642 tenuerat

130 1671 225 1696 eum
250 1657 376 1708 Sami,
398 1658 634 1714 cupientem
663 1655 866 1713 proficisci
890 1657 933 1696 in
955 1656 1292 1712 Hellespontum,
1315 1656 1539 1713 cunctique

128 1712 280 1754 instare
301 1722 342 1755 et
363 1715 513 1765 dicere,
539 1714 702 1763 Quanto
721 1715 848 1754 satius
877 1727 970 1763 esse,
992 1714 1053 1754 vel
1081 1715 1205 1754 socios
1234 1713 1438 1754 obsidione
1457 1716 1540 1755 εκτέ-

128 1783 248 1821 mere,
271 1772 332 1812 vel
359 1773 503 1812 victam
519 1770 612 1825 jam
632 1771 749 1812 semel
767 1772 928 1811 classem
958 1771 1099 1811 iterum
1130 1770 1319 1819 vinem-eh,
1342 1777 1540 1825 totamque

127 1829 253 1869 maris
265 1830 544 1881 possessionem
569 1829 674 1870 hosti
699 1827 866 1882 eripere,
888 1842 1019 1881 quam,
1042 1829 1211 1869 desertis
1230 1829 1358 1876 sociis,
1381 1830 1540 1869 tradita

129 1887 325 1926 Antiocho
345 1886 449 1927 Asia
471 1893 582 1927 terra
610 1887 805 1939 marique,
828 1886 869 1925 in
894 1886 1214 1938 Hellespontum,
1235 1885 1303 1926 ubi
1321 1886 1422 1926 satis
1442 1893 1540 1927 esset

128 1943 323 1983 Eumenis
340 1944 492 1995 classis,
514 1944 565 1983 ab
585 1957 658 1984 sua
672 1949 797 1996 porte
815 1943 910 1982 belli
931 1944 1158 1983 discedere?

186 2000 390 2041 XXVII.
424 2000 606 2041 Profecti
626 2001 679 2041 ab
701 1999 826 2041 Samo
847 1999 901 2040 ad
928 1999 1130 2055 petendos
1156 2008 1423 2050 commeatus,
1445 2015 1539 2042 con-

129 2057 278 2097 sumtis
293 2057 381 2112 jam
401 2058 607 2108 omnibus,
632 2057 785 2098 Chium
805 2056 1008 2113 parabant
1029 2056 1228 2112 trajicere.
1258 2057 1303 2097 id
1333 2065 1421 2098 erat
1444 2057 1532 2097 hor-

132 2128 250 2154 reum
273 2114 498 2162 Romanis3
530 2130 663 2170 eoque
694 2129 834 2154 omnes
861 2128 912 2154 ex
936 2113 1060 2154 Italia
1088 2113 1224 2154 missae
1252 2113 1451 2154 onerariae
1477 2114 1539 2154 di-

132 2171 322 2226 rigebant
350 2186 529 2212 cursum.
552 2196 561 2201 -
593 2170 871 2212 Circumvecti
901 2171 954 2211 ab
984 2170 1088 2211 urbe
1108 2169 1201 2210 81ad
1220 2185 1364 2211 aversa
1392 2169 1539 2211 insulae

136 2226 318 2284 (objecta
346 2227 530 2283 aquiloni
559 2227 612 2268 ad
636 2227 789 2269 Chium
819 2235 860 2269 et
882 2227 1090 2282 Erythras
1120 2230 1236 2282 sunt)
1259 2242 1392 2284 quum
1421 2242 1540 2283 para—

134 2292 226 2326 rent
256 2284 460 2340 trajicere,
481 2284 612 2326 literis
641 2285 792 2326 certior
812 2284 859 2325 fit
888 2291 1057 2340 praetor,
1083 2284 1282 2325 frumenti
1312 2284 1397 2324 vim
1426 2299 1542 2340 mag-

135 2355 230 2381 nam
271 2340 425 2382 Chium
471 2356 522 2382 ex
570 2341 696 2382 Italia
734 2341 916 2389 venisse;
968 2340 1113 2381 vinum
1160 2348 1374 2397 portantes
1416 2356 1541 2381 naves

135 2399 453 2454 tempestatibus
481 2406 662 2439 retentas
686 2413 783 2439 esse.
846 2398 978 2439 Simul
1008 2398 1195 2440 adlatum
1224 2405 1301 2447 est,
1325 2397 1452 2438 Teios
1480 2413 1542 2438 re-

137 2453 216 2508 giae
249 2455 366 2496 classi
400 2455 578 2511 benigne
613 2462 865 2496 commeatus
898 2453 1150 2511 praebuisse3
1192 2454 1380 2510 quinque
1413 2453 1542 2494 millia

137 2524 328 2552 vasorum
349 2512 433 2553 vini
454 2528 540 2553 esse
560 2512 779 2567 pollicitos.
840 2512 979 2552 Teum
1000 2526 1051 2552 ex
1071 2511 1207 2552 medio
1228 2526 1352 2560 cursu
1374 2510 1542 2551 classem
1557 2517 1703 2548 AEmilius
1723 2561 1728 2565 -

138 2575 306 2622 repente
336 2568 499 2619 avertit,
521 2577 595 2610 aut
617 2568 851 2610 volentibus
880 2568 929 2609 iis
958 2583 1111 2610 usurus
1135 2576 1368 2612 commeatu
1397 2575 1543 2623 parato
1555 2561 1652 2591 Teum
1669 2564 1755 2602 pent.

390 2670 407 2695 ἔ
420 2670 562 2699 incertum
579 2669 672 2700 Crev.
799 2667 815 2692 h
830 2669 943 2699 vincere
957 2670 1063 2699 iterum
1080 2667 1177 2699 Gron.
1194 2667 1286 2698 Crev.

183 2750 223 2781 79
248 2750 286 2781 Et
305 2753 395 2792 ipsam
409 2754 523 2794 urbem]
547 2753 769 2796 Colophonem,
785 2760 819 2784 ut
860 2754 1027 2796 pellebant.

139 2797 225 2834 patet
235 2802 273 2823 ex
286 2793 322 2824 iis
335 2804 403 2835 quae
418 2801 596 2835 sequuntur.
904 2798 941 2827 81
967 2798 1013 2826 Ad
1035 2807 1132 2827 aversa
1147 2794 1265 2833 insuloe]
1290 2792 1340 2822 Ad
1363 2797 1480 2834 partem
1495 2792 1542 2825 in-

184 2837 251 2866 80*
263 2836 477 2878 Testudinibus]
522 2839 591 2880 Ope
618 2839 818 2874 testudinum,
860 2839 937 2871 sulae
954 2838 1036 2869 Sami
1054 2848 1191 2870 aversam
1209 2837 1247 2867 ab
1264 2835 1349 2867 urbe.

141 2878 198 2908 sub
219 2878 330 2919 quibus
351 2879 490 2911 latebant
504 2879 524 2910 ii
539 2881 593 2922 qui
615 2883 738 2913 arietem
760 2882 816 2912 im-
