1947 3222
2 134 10 215 ,ῆι

0 598 1 607 ⁴
0 220 8 586 -ῂ---ι---ι---μ---μν

532 67 652 105 LIB.
678 66 848 104 XXXV.
891 68 1024 105 cAP.
1055 69 1148 106 ΧΠ.
1467 75 1540 116 199

128 190 254 231 quam
277 175 516 217 AEtolorum
536 189 648 231 gens.
711 174 749 215 Ii
770 182 864 230 post
894 174 1132 238 deportatos
1153 191 1204 216 ex
1228 176 1391 219 Graecia
1420 194 1534 220 exer·
1549 197 1588 229 U
1603 197 1640 229 C
1651 198 1723 229 559

128 232 234 273 citus
250 233 384 296 primo
404 233 445 273 in
461 248 531 289 spe
552 232 645 272 fuer
646 238 731 281 ant,
748 239 790 272 et
812 231 1099 272 Antiochum
1090 246 1132 272 m
1153 247 1323 274 vacuam
1347 235 1532 298 Europae
1546 240 1584 271 A
1603 242 1641 273 C.
1655 241 1725 272 193.

128 304 420 344 possessionem
452 296 701 335 v·entulum;
748 302 822 328 nec
856 287 1115 351 Philippum,
1147 296 1219 329 aut
1253 290 1389 330 Nabin
1418 308 1533 346 qule-

127 354 254 386 turos.
316 345 403 386 Ubi
434 344 536 385 nihil
568 359 742 407 usquam
771 359 926 385 moven
956 344 1167 392 viderunt,
1188 343 1430 399 agitandum
1461 349 1533 389 ali-

129 402 233 456 quid
267 401 605 456 miscendumque
636 400 731 451 lati,
764 416 814 441 ne
849 400 1082 442 cunctando
1117 410 1370 443 senescerent
1405 406 1534 445 consi-

128 458 196 508 lia,
233 457 449 499 concilium
483 458 752 513 Naupactum
784 457 1037 499 indixerunt.
1100 457 1168 498 Ibi
1202 457 1345 498 'lhoas
1379 467 1534 514 praetor

130 530 286 564 eorum,
322 521 573 569 conquestus
607 514 780 570 injurias
816 515 1099 555 Romanorum
1136 522 1378 570 statumque
1415 516 1536 556 AEto-

129 571 209 621 liae,
251 573 356 624 quod
392 572 564 611 omnium
607 571 782 611 Grffeme
811 573 989 625 gentzun
1030 572 1332 625 civitatiumque
1367 572 1536 612 inhono-

129 628 325 668 7·”αΐ755ἱ7.ηἱ
355 634 443 680 post
475 642 560 668 eam
595 629 800 668 victoriam
834 635 972 676 essent,
1009 643 1116 682 cujus
1146 642 1286 668 caussa
1322 629 1403 681 ipsi
1419 629 1540 682 fiis-⁴

128 691 226 731 sent,
268 684 425 740 legatos
465 686 625 747 censuit
660 685 767 725 circa
806 700 922 740 reges
962 685 1199 735 mittendos,
1241 684 1315 740 qui
1354 699 1436 726 non
1477 701 1539 726 so-

128 741 214 781 lum
251 750 457 783 tentalent
493 741 649 782 animos
684 757 840 792 eorum,
878 742 949 783 sed
990 742 1073 782 suis
1113 756 1321 797 quemque
1362 742 1538 783 stimulis

129 807 341 839 moverent
376 798 431 838 ad
472 798 708 839 Romanum
748 798 916 840 bellum.
983 798 1250 839 Damocritus
1289 798 1342 839 ad
1384 798 1537 848 Nabin,
1552 807 1718 839 concitant

130 854 339 895 Nicander
378 854 431 895 ad
473 854 730 917 Philippum,
772 854 1041 896 Dicaearchus
1080 854 1209 895 frater
1257 855 1446 910 praetoris
1485 830 1605 896 adse&
1586 862 1639 924 gfs
1655 850 1716 924 adR

132 911 390 953 Antiochum
440 920 501 952 est
546 927 704 952 mlssus.
781 913 983 967 Tyranno
1028 911 1344 952 Lacedaemonio
1387 912 1541 953 Damo-
1552 895 1690 969 ἓξὲξ.
1719 904 1751 925 ⁰‘

131 967 274 1017 critus,
295 967 504 1008 ⁵⁵ademtis
525 969 740 1008 maritimis
759 968 990 1008 civitatibus
1019 974 1247 1008 enervatam
1268 970 1540 1022 tyrannidem,

133 1023 279 1065 dicere.
318 1025 412 1065 inde
441 1026 622 1075 militem,
655 1025 746 1065 inde
775 1039 897 1065 naves
926 1026 1165 1078 navalesque
1193 1025 1316 1064 socios
1344 1025 1540 1066 habuisse.

132 1081 320 1121 inclusum
341 1083 423 1122 suis
438 1096 570 1134 prope
589 1082 709 1123 muris
735 1081 903 1122 Achaeos
923 1082 1057 1123 videre
1078 1081 1326 1122 dominantes
1356 1083 1397 1122 in
1420 1084 1543 1122 Pelo-

123 1152 317 1191 ponneso.
340 1153 549 1192 numquam
569 1138 797 1178 habiturum
828 1139 1098 1192 recuperandi
1126 1152 1198 1179 sna
1228 1139 1483 1188 occasionem,
1506 1141 1544 1180 sz‘

133 1209 230 1243 eam,
254 1209 342 1248 quae
361 1203 442 1235 tum
463 1202 572 1244 esset,
590 1196 925 1248 praetermisisset.
976 1195 1142 1235 Millum
1163 1196 1376 1236 exercitum
1397 1197 1544 1237 Roma-

134 1266 224 1292 num
255 1253 295 1291 in
330 1251 497 1292 Graecia
526 1267 626 1293 esse:
657 1251 767 1293 5&nec
787 1259 957 1306 propter
990 1252 1198 1307 Gythium,
1221 1259 1292 1293 aut
1322 1254 1545 1295 maritimos

133 1311 237 1350 alios
260 1309 456 1358 Laconas,
472 1311 636 1364 dignam
655 1323 831 1350 caussam
853 1311 1150 1351 existimaturos
1174 1310 1386 1359 Romanos,
1404 1325 1475 1350 cur
1489 1311 1544 1351 le-

127 1367 270 1420 giones
291 1367 334 1407 in
358 1365 560 1407 Graeciam
583 1381 719 1407 rursus
727 1370 796 1407 utr
797 1368 1047 1407 ansmittant.
1093 1368 1199 1407 Haec
1215 1366 1267 1407 ad
1284 1367 1544 1408 incitandum

135 1422 316 1464 animum
345 1424 515 1487 tyranni
543 1423 802 1473 dicebantur,
828 1433 890 1474 ut,
922 1439 1053 1479 quum
1083 1423 1126 1463 in
1159 1423 1363 1464 Graeciam
1395 1423 1547 1465 Antio-

134 1479 236 1542 clius
277 1480 518 1535 trajecisset,
550 1479 837 1520 5700115010111151
874 1480 1039 1521 violatae
1079 1495 1152 1535 per
1193 1479 1396 1520 sociorum
1437 1481 1546 1536 inju-

136 1535 216 1576 rias
245 1537 445 1576 Romanae
476 1536 680 1585 amicitiae,
702 1537 971 1592 conjunc-emt
1004 1552 1044 1576 se
1074 1552 1167 1576 cum
1200 1536 1422 1577 Antiocho.
1484 1538 1544 1578 Et

139 1592 384 1648 Philippum
415 1593 623 1633 Nicander
652 1592 768 1633 haud
789 1593 975 1634 dissimili
996 1592 1179 1633 oratione
1208 1592 1423 1633 incitabat.
1455 1601 1544 1635 erat

137 1648 261 1689 etiam
295 1650 426 1705 major
456 1649 632 1690 orationi
666 1650 852 1699 materia,
883 1665 968 1705 quo
998 1664 1047 1689 ex
1078 1649 1224 1689 altiore
1258 1648 1424 1704 fastigio
1453 1664 1544 1700 rex,

137 1720 263 1760 quam
285 1714 500 1761 tyrannus,
531 1705 743 1747 detractus
772 1714 874 1756 erat,
897 1721 1065 1761 quoque
1095 1705 1235 1761 plures
1262 1705 1439 1746 ademtae
1466 1721 1543 1746 res.

137 1761 210 1802 Ad
231 1762 309 1802 hoc
329 1770 496 1803 vetusta
515 1777 661 1818 regum
685 1762 945 1803 Macedoniae
974 1763 1098 1812 fama,
1120 1769 1451 1818 peraglatusque
1481 1778 1546 1803 01·-

137 1818 200 1859 bis
221 1827 427 1860 terrarum
447 1819 629 1860 victoriis
650 1819 739 1875 ejus
759 1820 894 1874 gentis
924 1819 1194 1860 referebatur.
1255 1820 1314 1858 Et
1340 1825 1465 1859 tutum
1486 1821 1547 1860 vel

138 1877 309 1929 incepto,
332 1878 393 1917 vel
422 1884 561 1917 eventu
590 1891 631 1917 se
659 1878 864 1916 consilinm
895 1877 1074 1930 adferre.
1106 1890 1197 1915 nam
1230 1890 1367 1929 neque,
1389 1883 1433 1916 ut
1455 1883 1548 1916 ante

137 1947 177 1973 se
198 1939 350 1974 moveat
369 1935 603 1986 Philippus,
626 1947 745 1987 quam
766 1934 989 1974 Antiochus
1017 1947 1100 1973 cum
1128 1934 1304 1973 exercitu
1334 1934 1548 1975 transierit

140 1991 183 2030 in
209 1989 425 2040 Grceciam,
446 1992 613 2031 suadere
620 2006 635 2039 ,·
658 1997 710 2040 el,
733 1991 905 2044 quisine
924 1991 1124 2031 Antiocho
1139 1991 1327 2030 adversus
1344 1991 1549 2031 Romanos

139 2047 376 2101 AEtolosque
409 2054 490 2088 tam
524 2049 594 2088 diu
632 2049 866 2088 sustinuerit
900 2048 1055 2098 bellum,
1092 2048 1142 2095 ei,
1179 2045 1367 2100 adjuncto
1401 2047 1548 2087 Antio-

139 2105 224 2153 cho,
259 2105 378 2145 sociis
411 2104 581 2154 AEtolis,
617 2106 688 2158 qui
721 2111 801 2145 tum
829 2106 1038 2158 graviores
1071 2105 1212 2151 hostes,
1249 2117 1367 2156 quam
1399 2104 1547 2144 Roma-

140 2163 197 2210 ni,
213 2161 398 2215 fuerint,
421 2162 561 2215 quibus
588 2163 749 2202 tandem
780 2162 931 2203 viribus
961 2162 1145 2202 resisieie
1175 2161 1378 2200 Romanos
1401 2165 1547 2214 posse?

141 2217 381 2274 Adjiciebat
422 2218 473 2259 de
514 2218 645 2259 duce
661 2218 912 2267 Hannibale,
951 2227 1050 2260 nato
1089 2217 1287 2258 adversus
1338 2217 1548 2259 Romanos

141 2274 273 2325 hoste,
296 2290 369 2330 qul
390 2275 530 2330 plures
552 2283 592 2315 et
617 2275 742 2315 duces
764 2284 804 2316 et
834 2276 984 2317 milites
1005 2290 1148 2315 eorum
1169 2273 1398 2323 occidisset,
1421 2290 1547 2329 quam

140 2339 242 2386 quot
264 2341 534 2387 superessent.
596 2333 701 2372 Haec
733 2331 931 2388 Philippo
962 2331 1182 2372 Nicander.
1245 2330 1340 2371 Alia
1367 2331 1548 2372 Dicaear-

662 2428 677 2445 Π
691 2436 810 2455 rursum
825 2425 920 2455 Gron.
937 2425 1026 2455 Crev-

187 2510 410 2550 35*Aclemptis
448 2513 601 2541 maritimis
643 2510 823 2551 civitatibus]
869 2532 878 2540 .
904 2509 1022 2550 ..fuisse
1044 2521 1100 2539 non.
1123 2510 1298 2550 negaverim.
1344 2508 1407 2539 Ubi
1430 2506 1548 2538 monui-

147 2551 221 2582 Vid.
237 2558 299 2583 not.
313 2555 366 2585 25.
381 2554 422 2584 ad
436 2554 592 2584 XXXIV.
607 2555 658 2585 35.
673 2564 774 2595 supra.
868 2562 936 2582 mus
950 2551 1119 2583 tollendam
1134 2562 1200 2582 esse
1216 2552 1355 2582 voculam
1370 2553 1411 2582 ob.

190 2595 230 2624 36
255 2595 315 2625 Nec
336 2603 450 2635 propter
474 2597 618 2631 Guthium
642 2619 650 2627 .
674 2618 682 2626 .
705 2598 825 2638 dignam
912 2596 951 2625 37
977 2596 1157 2625 Conscientia
1179 2596 1289 2625 violatae
1313 2617 1321 2624 .
1345 2617 1353 2624 .
1377 2593 1550 2624 Romana·

146 2647 261 2666 causam
282 2632 509 2680 existimaturos]
536 2639 624 2669 Tolle
647 2649 718 2669 cum
746 2639 825 2670 Gro-
869 2639 1001 2668 amicitiae
1030 2640 1218 2678 conjungeret
1247 2648 1274 2667 se
1299 2649 1314 2667 c
1318 2648 1364 2666 17η
1394 2636 1549 2676 Antiocho]

148 2678 237 2709 novio
257 2680 384 2711 otiosum
406 2687 436 2712 et
456 2681 616 2722 inelegans
640 2681 825 2712 vocabulum
870 2680 979 2722 Scripti
994 2680 1043 2711 hic
1066 2680 1199 2721 corrupti
1221 2685 1302 2709 sunt.
1346 2677 1551 2708 Retineamus

148 2729 272 2760 propter.
329 2723 432 2753 Simile
461 2724 706 2756 additamentum
740 2723 828 2754 nobis
871 2723 1027 2763 vulgatam
1043 2722 1215 2756 lectionem,
1232 2732 1300 2762 qua·
1319 2719 1440 2760 jamdiu
1455 2720 1552 2751 editos

151 2764 189 2794 ab
213 2764 314 2795 aliena
335 2775 428 2795 manu
450 2766 618 2797 immissum
641 2777 706 2797 esse
730 2766 826 2797 visum
871 2766 997 2802 obtinet,
1012 2766 1109 2796 donee
1124 2764 1234 2795 melius
1247 2762 1322 2804 μι1ἃ
1342 2769 1393 2792 aut
1409 2763 1521 2793 certius
1534 2774 1550 2793 e

149 2812 193 2835 est
216 2806 237 2836 l.
263 2808 383 2838 XXIV.
407 2818 434 2838 0.
449 2809 479 2839 8.
503 2810 544 2838 Ob
566 2812 691 2840 eamdem
713 2819 827 2839 causam
873 2809 968 2839 MSS.
983 2814 1116 2838 exuatur.

941 2852 1012 2890 04
