<?xml version="1.0" encoding="UTF-8"?>
<!DOCTYPE html PUBLIC "-//W3C//DTD XHTML 1.0 Transitional//EN"
    "http://www.w3.org/TR/xhtml1/DTD/xhtml1-transitional.dtd">
<html xmlns="http://www.w3.org/1999/xhtml" xml:lang="en" lang="en">
 <head>
  <title>
</title>
<meta http-equiv="Content-Type" content="text/html;charset=utf-8" />
  <meta name='ocr-system' content='tesseract 3.04.00' />
  <meta name='ocr-capabilities' content='ocr_page ocr_carea ocr_par ocr_line ocrx_word'/>
</head>
<body>
  <div class='ocr_page' id='page_1' title='image "./historiarumaburb03livyuoft_0031.png"; bbox 0 0 1947 3222; ppageno 0'>
   <div class='ocr_carea' id='block_1_1' title="bbox 507 103 1529 144">
    <p class='ocr_par' dir='ltr' id='par_1_1' title="bbox 507 103 1529 144">
     <span class='ocr_line' id='line_1_1' title="bbox 507 103 1529 144; baseline -0.006 0"><span class='ocrx_word' id='word_1_1' title='bbox 507 106 624 144; x_wconf 92' lang='lat' dir='ltr'>LIB.</span> <span class='ocrx_word' id='word_1_2' title='bbox 655 105 806 143; x_wconf 83' lang='lat' dir='ltr'>XXXI.</span> <span class='ocrx_word' id='word_1_3' title='bbox 846 104 920 140; x_wconf 86' lang='lat' dir='ltr'>CA</span> <span class='ocrx_word' id='word_1_4' title='bbox 938 103 977 140; x_wconf 87' lang='grc' dir='ltr'>Ρ.</span> <span class='ocrx_word' id='word_1_5' title='bbox 1007 103 1154 141; x_wconf 85' lang='lat' dir='ltr'><strong>XXIV.</strong></span> <span class='ocrx_word' id='word_1_6' title='bbox 1484 106 1529 139; x_wconf 81' lang='lat'>21</span> 
     </span>
    </p>
   </div>
   <div class='ocr_carea' id='block_1_2' title="bbox 94 210 1727 1743">
    <p class='ocr_par' dir='ltr' id='par_1_2' title="bbox 122 210 1723 382">
     <span class='ocr_line' id='line_1_2' title="bbox 122 210 1721 271; baseline -0.006 -13"><span class='ocrx_word' id='word_1_7' title='bbox 122 216 381 258; x_wconf 82' lang='lat' dir='ltr'>committere</span> <span class='ocrx_word' id='word_1_8' title='bbox 415 223 558 271; x_wconf 87' lang='lat' dir='ltr'>aperto</span> <span class='ocrx_word' id='word_1_9' title='bbox 598 214 700 255; x_wconf 89' lang='lat' dir='ltr'>mari</span> <span class='ocrx_word' id='word_1_10' title='bbox 737 229 778 254; x_wconf 89' lang='lat' dir='ltr'>se</span> <span class='ocrx_word' id='word_1_11' title='bbox 812 212 1034 253; x_wconf 83' lang='lat' dir='ltr'>audebant.</span> <span class='ocrx_word' id='word_1_12' title='bbox 1098 212 1434 266; x_wconf 86' lang='lat' dir='ltr'>Supervenerunt</span> <span class='ocrx_word' id='word_1_13' title='bbox 1469 210 1533 251; x_wconf 83' lang='lat' dir='ltr'>his</span> <span class='ocrx_word' id='word_1_14' title='bbox 1549 219 1586 250; x_wconf 85' lang='grc' dir='ltr'>υ.</span> <span class='ocrx_word' id='word_1_15' title='bbox 1598 218 1635 251; x_wconf 79' lang='lat' dir='ltr'>c.</span> <span class='ocrx_word' id='word_1_16' title='bbox 1649 218 1721 250; x_wconf 72' lang='lat'>552.</span> 
     </span>
     <span class='ocr_line' id='line_1_3' title="bbox 123 261 1723 327; baseline -0.005 -13"><span class='ocrx_word' id='word_1_17' title='bbox 123 282 208 314; x_wconf 87' lang='lat' dir='ltr'>tres</span> <span class='ocrx_word' id='word_1_18' title='bbox 249 272 426 314; x_wconf 87' lang='lat' dir='ltr'>Rhodiae</span> <span class='ocrx_word' id='word_1_19' title='bbox 461 271 758 327; x_wconf 82' lang='lat' dir='ltr'>quadriremes,</span> <span class='ocrx_word' id='word_1_20' title='bbox 794 278 835 311; x_wconf 91' lang='lat' dir='ltr'>et</span> <span class='ocrx_word' id='word_1_21' title='bbox 875 277 991 309; x_wconf 86' lang='lat' dir='ltr'>erant</span> <span class='ocrx_word' id='word_1_22' title='bbox 1028 267 1184 309; x_wconf 80' lang='lat' dir='ltr'>Atticae</span> <span class='ocrx_word' id='word_1_23' title='bbox 1220 275 1302 307; x_wconf 85' lang='lat' dir='ltr'>tres</span> <span class='ocrx_word' id='word_1_24' title='bbox 1331 267 1363 290; x_wconf 74' lang='lat'>⁹4</span> <span class='ocrx_word' id='word_1_25' title='bbox 1378 275 1532 323; x_wconf 80' lang='lat' dir='ltr'>apertae</span> <span class='ocrx_word' id='word_1_26' title='bbox 1545 261 1585 292; x_wconf 79' lang='grc' dir='ltr'>Α·</span> <span class='ocrx_word' id='word_1_27' title='bbox 1600 263 1635 292; x_wconf 81' lang='lat' dir='ltr'>C·</span> <span class='ocrx_word' id='word_1_28' title='bbox 1649 262 1723 293; x_wconf 74' lang='lat'><strong>2⁰0·</strong></span> 
     </span>
     <span class='ocr_line' id='line_1_4' title="bbox 123 324 1533 382; baseline -0.004 -13"><span class='ocrx_word' id='word_1_29' title='bbox 123 344 262 380; x_wconf 82' lang='lat' dir='ltr'>naves,</span> <span class='ocrx_word' id='word_1_30' title='bbox 284 330 336 370; x_wconf 88' lang='lat' dir='ltr'>ad</span> <span class='ocrx_word' id='word_1_31' title='bbox 361 328 552 377; x_wconf 85' lang='lat' dir='ltr'>tuendos,</span> <span class='ocrx_word' id='word_1_32' title='bbox 573 327 801 368; x_wconf 86' lang='lat' dir='ltr'>maritimos</span> <span class='ocrx_word' id='word_1_33' title='bbox 830 341 952 382; x_wconf 85' lang='lat' dir='ltr'>agros</span> <span class='ocrx_word' id='word_1_34' title='bbox 972 332 1232 380; x_wconf 82' lang='lat' dir='ltr'>comparatae.</span> <span class='ocrx_word' id='word_1_35' title='bbox 1294 324 1386 363; x_wconf 90' lang='lat' dir='ltr'>Hac</span> <span class='ocrx_word' id='word_1_36' title='bbox 1408 324 1533 364; x_wconf 88' lang='lat' dir='ltr'>classe</span> 
     </span>
    </p>

    <p class='ocr_par' dir='ltr' id='par_1_3' title="bbox 123 380 1533 441">
     <span class='ocr_line' id='line_1_5' title="bbox 123 380 1533 441; baseline -0.006 -14"><span class='ocrx_word' id='word_1_37' title='bbox 123 387 155 427; x_wconf 88' lang='lat' dir='ltr'>si</span> <span class='ocrx_word' id='word_1_38' title='bbox 187 387 285 427; x_wconf 87' lang='lat' dir='ltr'>urbs</span> <span class='ocrx_word' id='word_1_39' title='bbox 315 384 486 441; x_wconf 84' lang='lat' dir='ltr'>agrique</span> <span class='ocrx_word' id='word_1_40' title='bbox 509 383 829 425; x_wconf 81' lang='lat' dir='ltr'>Atheniensium</span> <span class='ocrx_word' id='word_1_41' title='bbox 860 381 1197 430; x_wconf 81' lang='lat' dir='ltr'>defenderentur,</span> <span class='ocrx_word' id='word_1_42' title='bbox 1221 380 1318 420; x_wconf 86' lang='lat' dir='ltr'>satis</span> <span class='ocrx_word' id='word_1_43' title='bbox 1349 380 1391 419; x_wconf 89' lang='lat' dir='ltr'>in</span> <span class='ocrx_word' id='word_1_44' title='bbox 1429 395 1533 434; x_wconf 83' lang='lat' dir='ltr'>prae-</span> 
     </span>
    </p>

    <p class='ocr_par' dir='ltr' id='par_1_4' title="bbox 125 435 1534 495">
     <span class='ocr_line' id='line_1_6' title="bbox 125 435 1534 495; baseline -0.005 -11"><span class='ocrx_word' id='word_1_45' title='bbox 125 443 254 484; x_wconf 85' lang='lat' dir='ltr'>sentia</span> <span class='ocrx_word' id='word_1_46' title='bbox 285 440 537 482; x_wconf 82' lang='lat' dir='ltr'>existimanti</span> <span class='ocrx_word' id='word_1_47' title='bbox 575 440 752 482; x_wconf 89' lang='lat' dir='ltr'>Claudio</span> <span class='ocrx_word' id='word_1_48' title='bbox 787 455 886 489; x_wconf 84' lang='lat' dir='ltr'>esse,</span> <span class='ocrx_word' id='word_1_49' title='bbox 920 438 1086 495; x_wconf 84' lang='lat' dir='ltr'>majoris</span> <span class='ocrx_word' id='word_1_50' title='bbox 1117 436 1239 478; x_wconf 86' lang='lat' dir='ltr'>etiam</span> <span class='ocrx_word' id='word_1_51' title='bbox 1273 435 1330 476; x_wconf 89' lang='lat' dir='ltr'>rei</span> <span class='ocrx_word' id='word_1_52' title='bbox 1365 436 1534 477; x_wconf 83' lang='lat' dir='ltr'>fortuna</span> 
     </span>
    </p>

    <p class='ocr_par' dir='ltr' id='par_1_5' title="bbox 125 499 355 540">
     <span class='ocr_line' id='line_1_7' title="bbox 125 499 355 540; baseline -0.009 0"><span class='ocrx_word' id='word_1_53' title='bbox 125 499 264 540; x_wconf 86' lang='lat' dir='ltr'>oblata</span> <span class='ocrx_word' id='word_1_54' title='bbox 283 507 355 539; x_wconf 89' lang='lat' dir='ltr'>est.</span> 
     </span>
    </p>

    <p class='ocr_par' dir='ltr' id='par_1_6' title="bbox 121 549 1727 1060">
     <span class='ocr_line' id='line_1_8' title="bbox 182 549 1727 608; baseline -0.005 -12"><span class='ocrx_word' id='word_1_55' title='bbox 182 556 373 596; x_wconf 90' lang='lat' dir='ltr'>XXIII.</span> <span class='ocrx_word' id='word_1_56' title='bbox 406 554 586 595; x_wconf 79' lang='lat' dir='ltr'>Exsules</span> <span class='ocrx_word' id='word_1_57' title='bbox 625 555 677 595; x_wconf 87' lang='lat' dir='ltr'>ab</span> <span class='ocrx_word' id='word_1_58' title='bbox 721 553 933 603; x_wconf 82' lang='lat' dir='ltr'>Chalcide,</span> <span class='ocrx_word' id='word_1_59' title='bbox 967 553 1176 608; x_wconf 88' lang='lat' dir='ltr'>regiorum</span> <span class='ocrx_word' id='word_1_60' title='bbox 1211 550 1374 607; x_wconf 85' lang='lat' dir='ltr'>injuriis</span> <span class='ocrx_word' id='word_1_61' title='bbox 1407 549 1532 605; x_wconf 87' lang='lat' dir='ltr'>pulsi,</span> <span class='ocrx_word' id='word_1_62' title='bbox 1547 557 1727 589; x_wconf 74' lang='lat' dir='ltr'>Chalcidem</span> 
     </span>
     <span class='ocr_line' id='line_1_9' title="bbox 122 606 1697 674; baseline -0.003 -21"><span class='ocrx_word' id='word_1_63' title='bbox 122 612 380 661; x_wconf 80' lang='lat' dir='ltr'>adtulerunt,</span> <span class='ocrx_word' id='word_1_64' title='bbox 412 612 606 667; x_wconf 89' lang='lat' dir='ltr'>occupari</span> <span class='ocrx_word' id='word_1_65' title='bbox 640 611 880 652; x_wconf 84' lang='lat' dir='ltr'>Chalcidem</span> <span class='ocrx_word' id='word_1_66' title='bbox 912 609 996 650; x_wconf 90' lang='lat' dir='ltr'>sine</span> <span class='ocrx_word' id='word_1_67' title='bbox 1031 607 1252 650; x_wconf 83' lang='lat' dir='ltr'>certamine</span> <span class='ocrx_word' id='word_1_68' title='bbox 1284 607 1368 648; x_wconf 92' lang='lat' dir='ltr'>ullo</span> <span class='ocrx_word' id='word_1_69' title='bbox 1402 622 1532 662; x_wconf 81' lang='lat' dir='ltr'>posse.</span> <span class='ocrx_word' id='word_1_70' title='bbox 1545 606 1697 674; x_wconf 43' lang='lat' dir='ltr'>{cupam</span> 
     </span>
     <span class='ocr_line' id='line_1_10' title="bbox 124 655 1692 723; baseline -0.004 -14"><span class='ocrx_word' id='word_1_71' title='bbox 124 684 219 710; x_wconf 85' lang='lat' dir='ltr'>nam</span> <span class='ocrx_word' id='word_1_72' title='bbox 249 677 290 709; x_wconf 88' lang='lat' dir='ltr'>et</span> <span class='ocrx_word' id='word_1_73' title='bbox 322 668 589 718; x_wconf 87' lang='lat' dir='ltr'>Macedonas,</span> <span class='ocrx_word' id='word_1_74' title='bbox 619 668 717 723; x_wconf 89' lang='lat' dir='ltr'>quia</span> <span class='ocrx_word' id='word_1_75' title='bbox 753 667 893 708; x_wconf 90' lang='lat' dir='ltr'>nullus</span> <span class='ocrx_word' id='word_1_76' title='bbox 922 667 963 707; x_wconf 92' lang='lat' dir='ltr'>in</span> <span class='ocrx_word' id='word_1_77' title='bbox 995 666 1234 722; x_wconf 88' lang='lat' dir='ltr'>propinquo</span> <span class='ocrx_word' id='word_1_78' title='bbox 1268 665 1321 705; x_wconf 89' lang='lat' dir='ltr'>sit</span> <span class='ocrx_word' id='word_1_79' title='bbox 1351 664 1535 705; x_wconf 84' lang='lat' dir='ltr'>hostium</span> <span class='ocrx_word' id='word_1_80' title='bbox 1580 655 1692 675; x_wconf 84' lang='lat' dir='ltr'>omam.</span> 
     </span>
     <span class='ocr_line' id='line_1_11' title="bbox 124 721 1535 781; baseline -0.004 -15"><span class='ocrx_word' id='word_1_81' title='bbox 124 734 275 776; x_wconf 89' lang='lat' dir='ltr'>metus,</span> <span class='ocrx_word' id='word_1_82' title='bbox 307 725 450 781; x_wconf 85' lang='lat' dir='ltr'>vagari</span> <span class='ocrx_word' id='word_1_83' title='bbox 485 726 650 780; x_wconf 85' lang='lat' dir='ltr'>passim,</span> <span class='ocrx_word' id='word_1_84' title='bbox 676 733 717 765; x_wconf 88' lang='lat' dir='ltr'>et</span> <span class='ocrx_word' id='word_1_85' title='bbox 752 724 995 780; x_wconf 84' lang='lat' dir='ltr'>oppidanos,</span> <span class='ocrx_word' id='word_1_86' title='bbox 1025 722 1221 778; x_wconf 75' lang='lat' dir='ltr'>praesidio</span> <span class='ocrx_word' id='word_1_87' title='bbox 1252 721 1535 762; x_wconf 86' lang='lat' dir='ltr'>Macedonum</span> 
     </span>
     <span class='ocr_line' id='line_1_12' title="bbox 121 778 1536 837; baseline -0.004 -14"><span class='ocrx_word' id='word_1_88' title='bbox 121 783 265 833; x_wconf 87' lang='lat' dir='ltr'>fretos,</span> <span class='ocrx_word' id='word_1_89' title='bbox 296 781 526 823; x_wconf 85' lang='lat' dir='ltr'>custodiam</span> <span class='ocrx_word' id='word_1_90' title='bbox 558 781 672 822; x_wconf 90' lang='lat' dir='ltr'>urbis</span> <span class='ocrx_word' id='word_1_91' title='bbox 702 781 929 837; x_wconf 83' lang='lat' dir='ltr'>neglegere.</span> <span class='ocrx_word' id='word_1_92' title='bbox 992 779 1073 820; x_wconf 82' lang='lat' dir='ltr'>His</span> <span class='ocrx_word' id='word_1_93' title='bbox 1106 778 1346 820; x_wconf 88' lang='lat' dir='ltr'>auctoribus</span> <span class='ocrx_word' id='word_1_94' title='bbox 1377 778 1536 834; x_wconf 86' lang='lat' dir='ltr'>profec-</span> 
     </span>
     <span class='ocr_line' id='line_1_13' title="bbox 124 835 1537 894; baseline -0.004 -14"><span class='ocrx_word' id='word_1_95' title='bbox 124 846 207 889; x_wconf 85' lang='lat' dir='ltr'>tus,</span> <span class='ocrx_word' id='word_1_96' title='bbox 229 853 485 894; x_wconf 88' lang='lat' dir='ltr'>quamquam</span> <span class='ocrx_word' id='word_1_97' title='bbox 510 839 686 879; x_wconf 83' lang='lat' dir='ltr'>Sunium</span> <span class='ocrx_word' id='word_1_98' title='bbox 708 838 767 879; x_wconf 84' lang='lat' dir='ltr'>ita</span> <span class='ocrx_word' id='word_1_99' title='bbox 785 846 947 878; x_wconf 88' lang='lat' dir='ltr'>mature</span> <span class='ocrx_word' id='word_1_100' title='bbox 977 843 1236 891; x_wconf 87' lang='lat' dir='ltr'>pervenerat,</span> <span class='ocrx_word' id='word_1_101' title='bbox 1258 843 1306 876; x_wconf 91' lang='lat' dir='ltr'>ut</span> <span class='ocrx_word' id='word_1_102' title='bbox 1326 835 1422 875; x_wconf 90' lang='lat' dir='ltr'>inde</span> <span class='ocrx_word' id='word_1_103' title='bbox 1442 849 1537 890; x_wconf 90' lang='lat' dir='ltr'>pro-</span> 
     </span>
     <span class='ocr_line' id='line_1_14' title="bbox 124 894 1537 951; baseline -0.004 -15"><span class='ocrx_word' id='word_1_104' title='bbox 124 896 219 936; x_wconf 89' lang='lat' dir='ltr'>vehi</span> <span class='ocrx_word' id='word_1_105' title='bbox 239 896 333 936; x_wconf 84' lang='lat' dir='ltr'>⁹⁵ad</span> <span class='ocrx_word' id='word_1_106' title='bbox 352 895 505 951; x_wconf 88' lang='lat' dir='ltr'>primas</span> <span class='ocrx_word' id='word_1_107' title='bbox 527 894 738 949; x_wconf 80' lang='lat' dir='ltr'>angustias</span> <span class='ocrx_word' id='word_1_108' title='bbox 760 894 937 934; x_wconf 84' lang='lat' dir='ltr'>Euboeae</span> <span class='ocrx_word' id='word_1_109' title='bbox 957 900 1120 948; x_wconf 68' lang='lat' dir='ltr'>posset,</span> <span class='ocrx_word' id='word_1_110' title='bbox 1153 907 1204 931; x_wconf 89' lang='lat' dir='ltr'>ne</span> <span class='ocrx_word' id='word_1_111' title='bbox 1226 899 1420 947; x_wconf 86' lang='lat' dir='ltr'>superato</span> <span class='ocrx_word' id='word_1_112' title='bbox 1441 906 1537 947; x_wconf 89' lang='lat' dir='ltr'>pro-</span> 
     </span>
     <span class='ocr_line' id='line_1_15' title="bbox 123 948 1536 1007; baseline -0.003 -14"><span class='ocrx_word' id='word_1_113' title='bbox 123 952 328 993; x_wconf 89' lang='lat' dir='ltr'>montorio</span> <span class='ocrx_word' id='word_1_114' title='bbox 348 952 669 1007; x_wconf 78' lang='lat' dir='ltr'>conspiceretur,</span> <span class='ocrx_word' id='word_1_115' title='bbox 691 950 859 991; x_wconf 83' lang='lat' dir='ltr'>classem</span> <span class='ocrx_word' id='word_1_116' title='bbox 879 949 923 990; x_wconf 90' lang='lat' dir='ltr'>in</span> <span class='ocrx_word' id='word_1_117' title='bbox 944 948 1119 989; x_wconf 90' lang='lat' dir='ltr'>statione</span> <span class='ocrx_word' id='word_1_118' title='bbox 1141 963 1274 1003; x_wconf 87' lang='lat' dir='ltr'>usque</span> <span class='ocrx_word' id='word_1_119' title='bbox 1294 948 1348 988; x_wconf 89' lang='lat' dir='ltr'>ad</span> <span class='ocrx_word' id='word_1_120' title='bbox 1374 956 1536 990; x_wconf 89' lang='lat' dir='ltr'>noctem</span> 
     </span>
     <span class='ocr_line' id='line_1_16' title="bbox 124 1004 1539 1060; baseline -0.004 -10"><span class='ocrx_word' id='word_1_121' title='bbox 124 1010 271 1050; x_wconf 84' lang='lat' dir='ltr'>tenuit.</span> <span class='ocrx_word' id='word_1_122' title='bbox 324 1009 474 1049; x_wconf 86' lang='lat' dir='ltr'>Primis</span> <span class='ocrx_word' id='word_1_123' title='bbox 496 1008 675 1048; x_wconf 87' lang='lat' dir='ltr'>tenebris</span> <span class='ocrx_word' id='word_1_124' title='bbox 696 1007 838 1047; x_wconf 79' lang='lat' dir='ltr'>movit.</span> <span class='ocrx_word' id='word_1_125' title='bbox 862 1014 902 1047; x_wconf 89' lang='lat' dir='ltr'>et</span> <span class='ocrx_word' id='word_1_126' title='bbox 925 1004 1151 1060; x_wconf 89' lang='lat' dir='ltr'>tranquillo</span> <span class='ocrx_word' id='word_1_127' title='bbox 1172 1012 1392 1060; x_wconf 86' lang='lat' dir='ltr'>pervectus</span> <span class='ocrx_word' id='word_1_128' title='bbox 1416 1004 1539 1045; x_wconf 78' lang='lat' dir='ltr'>Chal-</span> 
     </span>
    </p>

    <p class='ocr_par' dir='ltr' id='par_1_7' title="bbox 94 1061 1714 1743">
     <span class='ocr_line' id='line_1_17' title="bbox 94 1061 1536 1120; baseline -0.001 -17"><span class='ocrx_word' id='word_1_129' title='bbox 94 1102 97 1103; x_wconf 13' lang='grc' dir='ltr'><em>γ</em></span> <span class='ocrx_word' id='word_1_130' title='bbox 123 1065 271 1115; x_wconf 82' lang='lat' dir='ltr'>cidem,</span> <span class='ocrx_word' id='word_1_131' title='bbox 292 1064 435 1120; x_wconf 89' lang='lat' dir='ltr'>paullo</span> <span class='ocrx_word' id='word_1_132' title='bbox 459 1072 553 1105; x_wconf 86' lang='lat' dir='ltr'>ante</span> <span class='ocrx_word' id='word_1_133' title='bbox 584 1064 733 1113; x_wconf 89' lang='lat' dir='ltr'>lucem,</span> <span class='ocrx_word' id='word_1_134' title='bbox 756 1079 841 1119; x_wconf 88' lang='lat' dir='ltr'>qua</span> <span class='ocrx_word' id='word_1_135' title='bbox 869 1062 1249 1117; x_wconf 80' lang='lat' dir='ltr'>infrequentissima</span> <span class='ocrx_word' id='word_1_136' title='bbox 1277 1061 1394 1102; x_wconf 89' lang='lat' dir='ltr'>urbis</span> <span class='ocrx_word' id='word_1_137' title='bbox 1425 1070 1536 1112; x_wconf 85' lang='lat' dir='ltr'>sunt,</span> 
     </span>
     <span class='ocr_line' id='line_1_18' title="bbox 124 1118 1537 1177; baseline -0.002 -15"><span class='ocrx_word' id='word_1_138' title='bbox 124 1123 267 1177; x_wconf 87' lang='lat' dir='ltr'>paucis</span> <span class='ocrx_word' id='word_1_139' title='bbox 287 1121 490 1162; x_wconf 83' lang='lat' dir='ltr'>militibus</span> <span class='ocrx_word' id='word_1_140' title='bbox 511 1120 661 1162; x_wconf 87' lang='lat' dir='ltr'>turrim</span> <span class='ocrx_word' id='word_1_141' title='bbox 682 1120 912 1176; x_wconf 80' lang='lat' dir='ltr'>proximam</span> <span class='ocrx_word' id='word_1_142' title='bbox 934 1133 1186 1173; x_wconf 90' lang='lat' dir='ltr'>murumque</span> <span class='ocrx_word' id='word_1_143' title='bbox 1208 1118 1316 1159; x_wconf 86' lang='lat' dir='ltr'>circa</span> <span class='ocrx_word' id='word_1_144' title='bbox 1336 1118 1454 1158; x_wconf 89' lang='lat' dir='ltr'>scalis</span> <span class='ocrx_word' id='word_1_145' title='bbox 1474 1133 1537 1159; x_wconf 85' lang='lat' dir='ltr'>ce-</span> 
     </span>
     <span class='ocr_line' id='line_1_19' title="bbox 123 1175 1536 1241; baseline -0.002 -23"><span class='ocrx_word' id='word_1_146' title='bbox 123 1179 201 1241; x_wconf 86' lang='lat' dir='ltr'>pit,</span> <span class='ocrx_word' id='word_1_147' title='bbox 216 1177 314 1219; x_wconf 85' lang='lat' dir='ltr'>alibi</span> <span class='ocrx_word' id='word_1_148' title='bbox 337 1178 482 1234; x_wconf 83' lang='lat' dir='ltr'>sopitis</span> <span class='ocrx_word' id='word_1_149' title='bbox 502 1177 760 1226; x_wconf 84' lang='lat' dir='ltr'>custodibus,</span> <span class='ocrx_word' id='word_1_150' title='bbox 783 1177 881 1218; x_wconf 91' lang='lat' dir='ltr'>alibi</span> <span class='ocrx_word' id='word_1_151' title='bbox 902 1176 1017 1216; x_wconf 91' lang='lat' dir='ltr'>nullo</span> <span class='ocrx_word' id='word_1_152' title='bbox 1039 1175 1309 1216; x_wconf 87' lang='lat' dir='ltr'>custodiente.</span> <span class='ocrx_word' id='word_1_153' title='bbox 1330 1175 1536 1230; x_wconf 86' lang='lat' dir='ltr'>progressi</span> 
     </span>
     <span class='ocr_line' id='line_1_20' title="bbox 122 1232 1538 1290; baseline -0.002 -15"><span class='ocrx_word' id='word_1_154' title='bbox 122 1235 219 1275; x_wconf 80' lang='lat' dir='ltr'>inde</span> <span class='ocrx_word' id='word_1_155' title='bbox 249 1235 303 1275; x_wconf 90' lang='lat' dir='ltr'>ad</span> <span class='ocrx_word' id='word_1_156' title='bbox 332 1234 568 1290; x_wconf 85' lang='lat' dir='ltr'>frequentia</span> <span class='ocrx_word' id='word_1_157' title='bbox 598 1234 784 1275; x_wconf 85' lang='lat' dir='ltr'>aedificiis</span> <span class='ocrx_word' id='word_1_158' title='bbox 816 1234 917 1283; x_wconf 89' lang='lat' dir='ltr'>loca,</span> <span class='ocrx_word' id='word_1_159' title='bbox 939 1232 1183 1274; x_wconf 86' lang='lat' dir='ltr'>custodibus</span> <span class='ocrx_word' id='word_1_160' title='bbox 1213 1232 1454 1281; x_wconf 88' lang='lat' dir='ltr'>interfectis,</span> <span class='ocrx_word' id='word_1_161' title='bbox 1476 1247 1538 1272; x_wconf 90' lang='lat' dir='ltr'>re-</span> 
     </span>
     <span class='ocr_line' id='line_1_21' title="bbox 120 1290 1538 1347; baseline -0.002 -15"><span class='ocrx_word' id='word_1_162' title='bbox 120 1291 335 1347; x_wconf 84' lang='lat' dir='ltr'>fractaque</span> <span class='ocrx_word' id='word_1_163' title='bbox 373 1300 507 1347; x_wconf 88' lang='lat' dir='ltr'>porta,</span> <span class='ocrx_word' id='word_1_164' title='bbox 538 1300 716 1332; x_wconf 86' lang='lat' dir='ltr'>ceteram</span> <span class='ocrx_word' id='word_1_165' title='bbox 747 1290 1059 1332; x_wconf 86' lang='lat' dir='ltr'>multitudinem</span> <span class='ocrx_word' id='word_1_166' title='bbox 1089 1298 1343 1330; x_wconf 87' lang='lat' dir='ltr'>armatorum</span> <span class='ocrx_word' id='word_1_167' title='bbox 1373 1304 1538 1344; x_wconf 88' lang='lat' dir='ltr'>accepe-</span> 
     </span>
     <span class='ocr_line' id='line_1_22' title="bbox 122 1345 1538 1389; baseline -0.003 0"><span class='ocrx_word' id='word_1_168' title='bbox 122 1356 233 1389; x_wconf 86' lang='lat' dir='ltr'>runt.</span> <span class='ocrx_word' id='word_1_169' title='bbox 296 1348 402 1389; x_wconf 90' lang='lat' dir='ltr'>Inde</span> <span class='ocrx_word' id='word_1_170' title='bbox 429 1347 470 1388; x_wconf 89' lang='lat' dir='ltr'>in</span> <span class='ocrx_word' id='word_1_171' title='bbox 492 1357 622 1389; x_wconf 87' lang='lat' dir='ltr'>totam</span> <span class='ocrx_word' id='word_1_172' title='bbox 645 1349 790 1389; x_wconf 90' lang='lat' dir='ltr'>urbem</span> <span class='ocrx_word' id='word_1_173' title='bbox 812 1347 1045 1388; x_wconf 89' lang='lat' dir='ltr'>discursum</span> <span class='ocrx_word' id='word_1_174' title='bbox 1066 1354 1151 1387; x_wconf 87' lang='lat' dir='ltr'>est:</span> <span class='ocrx_word' id='word_1_175' title='bbox 1184 1354 1307 1387; x_wconf 90' lang='lat' dir='ltr'>aucto</span> <span class='ocrx_word' id='word_1_176' title='bbox 1327 1345 1451 1386; x_wconf 87' lang='lat' dir='ltr'>etiam</span> <span class='ocrx_word' id='word_1_177' title='bbox 1473 1354 1538 1386; x_wconf 88' lang='lat' dir='ltr'>tu-</span> 
     </span>
     <span class='ocr_line' id='line_1_23' title="bbox 122 1402 1539 1461; baseline -0.002 -16"><span class='ocrx_word' id='word_1_178' title='bbox 122 1405 276 1455; x_wconf 90' lang='lat' dir='ltr'>multu,</span> <span class='ocrx_word' id='word_1_179' title='bbox 298 1404 414 1461; x_wconf 93' lang='lat' dir='ltr'>quod</span> <span class='ocrx_word' id='word_1_180' title='bbox 443 1405 552 1446; x_wconf 89' lang='lat' dir='ltr'>circa</span> <span class='ocrx_word' id='word_1_181' title='bbox 571 1405 709 1446; x_wconf 89' lang='lat' dir='ltr'>forum</span> <span class='ocrx_word' id='word_1_182' title='bbox 739 1404 846 1461; x_wconf 86' lang='lat' dir='ltr'>ignis</span> <span class='ocrx_word' id='word_1_183' title='bbox 867 1403 986 1445; x_wconf 88' lang='lat' dir='ltr'>tectis</span> <span class='ocrx_word' id='word_1_184' title='bbox 1015 1403 1193 1459; x_wconf 85' lang='lat' dir='ltr'>injectus</span> <span class='ocrx_word' id='word_1_185' title='bbox 1214 1411 1313 1444; x_wconf 89' lang='lat' dir='ltr'>erat.</span> <span class='ocrx_word' id='word_1_186' title='bbox 1376 1402 1539 1443; x_wconf 47' lang='lat' dir='ltr'>Conflae</span> 
     </span>
     <span class='ocr_line' id='line_1_24' title="bbox 121 1459 1540 1517; baseline -0.002 -15"><span class='ocrx_word' id='word_1_187' title='bbox 121 1470 297 1517; x_wconf 82' lang='lat' dir='ltr'>grarunt</span> <span class='ocrx_word' id='word_1_188' title='bbox 319 1470 360 1503; x_wconf 87' lang='lat' dir='ltr'>et</span> <span class='ocrx_word' id='word_1_189' title='bbox 387 1462 536 1502; x_wconf 88' lang='lat' dir='ltr'>horrea</span> <span class='ocrx_word' id='word_1_190' title='bbox 560 1463 689 1517; x_wconf 89' lang='lat' dir='ltr'>regia,</span> <span class='ocrx_word' id='word_1_191' title='bbox 711 1470 752 1503; x_wconf 93' lang='lat' dir='ltr'>et</span> <span class='ocrx_word' id='word_1_192' title='bbox 782 1461 1144 1502; x_wconf 86' lang='lat' dir='ltr'>armamentarium</span> <span class='ocrx_word' id='word_1_193' title='bbox 1167 1475 1262 1500; x_wconf 91' lang='lat' dir='ltr'>cum</span> <span class='ocrx_word' id='word_1_194' title='bbox 1289 1459 1447 1515; x_wconf 88' lang='lat' dir='ltr'>ingenti</span> <span class='ocrx_word' id='word_1_195' title='bbox 1469 1459 1540 1499; x_wconf 83' lang='lat' dir='ltr'>ad-</span> 
     </span>
     <span class='ocr_line' id='line_1_25' title="bbox 122 1516 1539 1573; baseline -0.003 -14"><span class='ocrx_word' id='word_1_196' title='bbox 122 1527 272 1573; x_wconf 89' lang='lat' dir='ltr'>paratu</span> <span class='ocrx_word' id='word_1_197' title='bbox 294 1518 579 1559; x_wconf 89' lang='lat' dir='ltr'>machinarum</span> <span class='ocrx_word' id='word_1_198' title='bbox 600 1526 999 1572; x_wconf 87' lang='lat' dir='ltr'>tormentorumque.</span> <span class='ocrx_word' id='word_1_199' title='bbox 1031 1517 1164 1557; x_wconf 83' lang='lat' dir='ltr'>caedes</span> <span class='ocrx_word' id='word_1_200' title='bbox 1185 1516 1280 1556; x_wconf 91' lang='lat' dir='ltr'>inde</span> <span class='ocrx_word' id='word_1_201' title='bbox 1300 1516 1453 1571; x_wconf 86' lang='lat' dir='ltr'>passim</span> <span class='ocrx_word' id='word_1_202' title='bbox 1473 1516 1539 1556; x_wconf 89' lang='lat' dir='ltr'>fu-</span> 
     </span>
     <span class='ocr_line' id='line_1_26' title="bbox 123 1572 1538 1630; baseline -0.002 -15"><span class='ocrx_word' id='word_1_203' title='bbox 123 1574 328 1629; x_wconf 87' lang='lat' dir='ltr'>gientium</span> <span class='ocrx_word' id='word_1_204' title='bbox 358 1575 514 1630; x_wconf 88' lang='lat' dir='ltr'>pariter</span> <span class='ocrx_word' id='word_1_205' title='bbox 544 1590 590 1615; x_wconf 88' lang='lat' dir='ltr'>ac</span> <span class='ocrx_word' id='word_1_206' title='bbox 620 1574 943 1630; x_wconf 89' lang='lat' dir='ltr'>repugnantium</span> <span class='ocrx_word' id='word_1_207' title='bbox 975 1573 1062 1613; x_wconf 89' lang='lat' dir='ltr'>fieri</span> <span class='ocrx_word' id='word_1_208' title='bbox 1092 1581 1231 1628; x_wconf 84' lang='lat' dir='ltr'>coepta</span> <span class='ocrx_word' id='word_1_209' title='bbox 1251 1581 1323 1613; x_wconf 85' lang='lat' dir='ltr'>est.</span> <span class='ocrx_word' id='word_1_210' title='bbox 1356 1587 1430 1612; x_wconf 89' lang='lat' dir='ltr'>nec</span> <span class='ocrx_word' id='word_1_211' title='bbox 1451 1572 1538 1612; x_wconf 91' lang='lat' dir='ltr'>ullo</span> 
     </span>
     <span class='ocr_line' id='line_1_27' title="bbox 118 1629 1539 1687; baseline -0.001 -16"><span class='ocrx_word' id='word_1_212' title='bbox 118 1632 223 1686; x_wconf 79' lang='lat' dir='ltr'>jam,</span> <span class='ocrx_word' id='word_1_213' title='bbox 245 1632 319 1687; x_wconf 94' lang='lat' dir='ltr'>qui</span> <span class='ocrx_word' id='word_1_214' title='bbox 340 1631 528 1671; x_wconf 90' lang='lat' dir='ltr'>militaris</span> <span class='ocrx_word' id='word_1_215' title='bbox 549 1631 683 1672; x_wconf 80' lang='lat' dir='ltr'>aetatis</span> <span class='ocrx_word' id='word_1_216' title='bbox 704 1639 824 1680; x_wconf 87' lang='lat' dir='ltr'>esset,</span> <span class='ocrx_word' id='word_1_217' title='bbox 846 1645 929 1670; x_wconf 88' lang='lat' dir='ltr'>non</span> <span class='ocrx_word' id='word_1_218' title='bbox 949 1638 1023 1671; x_wconf 88' lang='lat' dir='ltr'>aut</span> <span class='ocrx_word' id='word_1_219' title='bbox 1044 1644 1163 1679; x_wconf 89' lang='lat' dir='ltr'>caeso,</span> <span class='ocrx_word' id='word_1_220' title='bbox 1185 1637 1258 1669; x_wconf 89' lang='lat' dir='ltr'>aut</span> <span class='ocrx_word' id='word_1_221' title='bbox 1279 1629 1442 1684; x_wconf 81' lang='lat' dir='ltr'>fugatO,</span> <span class='ocrx_word' id='word_1_222' title='bbox 1468 1630 1539 1669; x_wconf 89' lang='lat' dir='ltr'>So-</span> 
     </span>
     <span class='ocr_line' id='line_1_28' title="bbox 123 1685 1714 1743; baseline -0.004 -15"><span class='ocrx_word' id='word_1_223' title='bbox 123 1696 243 1742; x_wconf 86' lang='lat' dir='ltr'>patro</span> <span class='ocrx_word' id='word_1_224' title='bbox 272 1688 397 1728; x_wconf 86' lang='lat' dir='ltr'>etiam</span> <span class='ocrx_word' id='word_1_225' title='bbox 432 1689 652 1728; x_wconf 87' lang='lat' dir='ltr'>Acarnane</span> <span class='ocrx_word' id='word_1_226' title='bbox 681 1687 880 1743; x_wconf 81' lang='lat' dir='ltr'>praefecto</span> <span class='ocrx_word' id='word_1_227' title='bbox 918 1686 1099 1743; x_wconf 80' lang='lat' dir='ltr'>praesidii</span> <span class='ocrx_word' id='word_1_228' title='bbox 1130 1685 1363 1735; x_wconf 73' lang='lat' dir='ltr'>interfecto,</span> <span class='ocrx_word' id='word_1_229' title='bbox 1395 1685 1539 1741; x_wconf 88' lang='lat' dir='ltr'>praeda</span> <span class='ocrx_word' id='word_1_230' title='bbox 1552 1692 1714 1734; x_wconf 81' lang='lat' dir='ltr'>Direptam</span> 
     </span>
    </p>
   </div>
   <div class='ocr_carea' id='block_1_3' title="bbox 122 1739 1738 1800">
    <p class='ocr_par' dir='ltr' id='par_1_8' title="bbox 122 1739 1738 1800">
     <span class='ocr_line' id='line_1_29' title="bbox 122 1739 1738 1800; baseline -0.003 -15"><span class='ocrx_word' id='word_1_231' title='bbox 122 1743 256 1784; x_wconf 88' lang='lat' dir='ltr'>omnis</span> <span class='ocrx_word' id='word_1_232' title='bbox 275 1743 410 1800; x_wconf 89' lang='lat' dir='ltr'>primo</span> <span class='ocrx_word' id='word_1_233' title='bbox 430 1744 473 1784; x_wconf 91' lang='lat' dir='ltr'>in</span> <span class='ocrx_word' id='word_1_234' title='bbox 493 1744 632 1785; x_wconf 90' lang='lat' dir='ltr'>forum</span> <span class='ocrx_word' id='word_1_235' title='bbox 653 1744 830 1794; x_wconf 89' lang='lat' dir='ltr'>conlata,</span> <span class='ocrx_word' id='word_1_236' title='bbox 852 1743 1002 1785; x_wconf 90' lang='lat' dir='ltr'>deinde</span> <span class='ocrx_word' id='word_1_237' title='bbox 1023 1743 1064 1783; x_wconf 90' lang='lat' dir='ltr'>in</span> <span class='ocrx_word' id='word_1_238' title='bbox 1085 1758 1210 1783; x_wconf 91' lang='lat' dir='ltr'>naves</span> <span class='ocrx_word' id='word_1_239' title='bbox 1230 1742 1420 1798; x_wconf 86' lang='lat' dir='ltr'>inposita.</span> <span class='ocrx_word' id='word_1_240' title='bbox 1452 1757 1539 1783; x_wconf 82' lang='lat' dir='ltr'>car-</span> <span class='ocrx_word' id='word_1_241' title='bbox 1551 1739 1738 1779; x_wconf 82' lang='lat' dir='ltr'>relinquunt.</span> 
     </span>
    </p>
   </div>
   <div class='ocr_carea' id='block_1_4' title="bbox 120 1799 1722 2482">
    <p class='ocr_par' dir='ltr' id='par_1_9' title="bbox 120 1799 1539 2311">
     <span class='ocr_line' id='line_1_30' title="bbox 121 1799 1539 1856; baseline -0.001 -16"><span class='ocrx_word' id='word_1_242' title='bbox 121 1815 190 1841; x_wconf 91' lang='lat' dir='ltr'>cer</span> <span class='ocrx_word' id='word_1_243' title='bbox 209 1799 334 1841; x_wconf 87' lang='lat' dir='ltr'>etiam</span> <span class='ocrx_word' id='word_1_244' title='bbox 354 1801 407 1842; x_wconf 88' lang='lat' dir='ltr'>ab</span> <span class='ocrx_word' id='word_1_245' title='bbox 429 1801 608 1842; x_wconf 86' lang='lat' dir='ltr'>Rhodiis</span> <span class='ocrx_word' id='word_1_246' title='bbox 628 1801 854 1842; x_wconf 87' lang='lat' dir='ltr'>refractus:</span> <span class='ocrx_word' id='word_1_247' title='bbox 878 1801 1099 1856; x_wconf 89' lang='lat' dir='ltr'>emissique</span> <span class='ocrx_word' id='word_1_248' title='bbox 1119 1799 1290 1855; x_wconf 87' lang='lat' dir='ltr'>captiv1,</span> <span class='ocrx_word' id='word_1_249' title='bbox 1312 1814 1418 1854; x_wconf 89' lang='lat' dir='ltr'>quos</span> <span class='ocrx_word' id='word_1_250' title='bbox 1440 1799 1539 1839; x_wconf 84' lang='lat' dir='ltr'>Phi-</span> 
     </span>
     <span class='ocr_line' id='line_1_31' title="bbox 122 1855 1538 1913; baseline -0.001 -16"><span class='ocrx_word' id='word_1_251' title='bbox 122 1857 262 1913; x_wconf 89' lang='lat' dir='ltr'>lippus</span> <span class='ocrx_word' id='word_1_252' title='bbox 282 1865 498 1913; x_wconf 88' lang='lat' dir='ltr'>tamquam</span> <span class='ocrx_word' id='word_1_253' title='bbox 518 1858 560 1898; x_wconf 91' lang='lat' dir='ltr'>in</span> <span class='ocrx_word' id='word_1_254' title='bbox 578 1857 826 1899; x_wconf 88' lang='lat' dir='ltr'>tutissimam</span> <span class='ocrx_word' id='word_1_255' title='bbox 842 1856 1073 1898; x_wconf 88' lang='lat' dir='ltr'>custodiam</span> <span class='ocrx_word' id='word_1_256' title='bbox 1089 1856 1342 1897; x_wconf 88' lang='lat' dir='ltr'>condiderat.</span> <span class='ocrx_word' id='word_1_257' title='bbox 1380 1855 1538 1897; x_wconf 85' lang='lat' dir='ltr'>Statuis</span> 
     </span>
     <span class='ocr_line' id='line_1_32' title="bbox 120 1912 1539 1970; baseline -0.001 -16"><span class='ocrx_word' id='word_1_258' title='bbox 120 1914 218 1954; x_wconf 91' lang='lat' dir='ltr'>inde</span> <span class='ocrx_word' id='word_1_259' title='bbox 250 1914 359 1970; x_wconf 88' lang='lat' dir='ltr'>regis</span> <span class='ocrx_word' id='word_1_260' title='bbox 391 1914 562 1970; x_wconf 81' lang='lat' dir='ltr'>dejectis</span> <span class='ocrx_word' id='word_1_261' title='bbox 594 1914 896 1970; x_wconf 88' lang='lat' dir='ltr'>truncatisque,</span> <span class='ocrx_word' id='word_1_262' title='bbox 927 1914 1046 1969; x_wconf 89' lang='lat' dir='ltr'>signo</span> <span class='ocrx_word' id='word_1_263' title='bbox 1077 1913 1262 1969; x_wconf 89' lang='lat' dir='ltr'>receptui</span> <span class='ocrx_word' id='word_1_264' title='bbox 1298 1912 1413 1963; x_wconf 90' lang='lat' dir='ltr'>dato,</span> <span class='ocrx_word' id='word_1_265' title='bbox 1444 1928 1539 1953; x_wconf 87' lang='lat' dir='ltr'>con-</span> 
     </span>
     <span class='ocr_line' id='line_1_33' title="bbox 121 1969 1539 2027; baseline -0.001 -16"><span class='ocrx_word' id='word_1_266' title='bbox 121 1971 370 2012; x_wconf 87' lang='lat' dir='ltr'>scenderunt</span> <span class='ocrx_word' id='word_1_267' title='bbox 404 1986 544 2021; x_wconf 88' lang='lat' dir='ltr'>naves,</span> <span class='ocrx_word' id='word_1_268' title='bbox 575 1980 616 2013; x_wconf 90' lang='lat' dir='ltr'>et</span> <span class='ocrx_word' id='word_1_269' title='bbox 648 1971 870 2020; x_wconf 78' lang='lat' dir='ltr'>Piraeeum,</span> <span class='ocrx_word' id='word_1_270' title='bbox 898 1971 1009 2012; x_wconf 90' lang='lat' dir='ltr'>unde</span> <span class='ocrx_word' id='word_1_271' title='bbox 1040 1969 1217 2027; x_wconf 86' lang='lat' dir='ltr'>profecti</span> <span class='ocrx_word' id='word_1_272' title='bbox 1246 1978 1377 2019; x_wconf 87' lang='lat' dir='ltr'>erant,</span> <span class='ocrx_word' id='word_1_273' title='bbox 1408 1969 1539 2010; x_wconf 90' lang='lat' dir='ltr'>redie-</span> 
     </span>
     <span class='ocr_line' id='line_1_34' title="bbox 122 2026 1537 2077; baseline -0.001 -10"><span class='ocrx_word' id='word_1_274' title='bbox 122 2035 233 2068; x_wconf 90' lang='lat' dir='ltr'>runt.</span> <span class='ocrx_word' id='word_1_275' title='bbox 294 2027 418 2077; x_wconf 81' lang='lat' dir='ltr'>Quod</span> <span class='ocrx_word' id='word_1_276' title='bbox 448 2028 480 2069; x_wconf 92' lang='lat' dir='ltr'>si</span> <span class='ocrx_word' id='word_1_277' title='bbox 512 2036 678 2070; x_wconf 90' lang='lat' dir='ltr'>tantum</span> <span class='ocrx_word' id='word_1_278' title='bbox 712 2028 894 2069; x_wconf 86' lang='lat' dir='ltr'>mih‘tum</span> <span class='ocrx_word' id='word_1_279' title='bbox 919 2028 1205 2068; x_wconf 89' lang='lat' dir='ltr'>Romanorum</span> <span class='ocrx_word' id='word_1_280' title='bbox 1234 2026 1396 2076; x_wconf 82' lang='lat' dir='ltr'>fuisset,</span> <span class='ocrx_word' id='word_1_281' title='bbox 1419 2034 1466 2067; x_wconf 89' lang='lat' dir='ltr'>ut</span> <span class='ocrx_word' id='word_1_282' title='bbox 1496 2034 1537 2067; x_wconf 91' lang='lat' dir='ltr'>et</span> 
     </span>
     <span class='ocr_line' id='line_1_35' title="bbox 124 2082 1538 2140; baseline -0.001 -16"><span class='ocrx_word' id='word_1_283' title='bbox 124 2083 290 2125; x_wconf 88' lang='lat' dir='ltr'>Chalcis</span> <span class='ocrx_word' id='word_1_284' title='bbox 310 2084 455 2135; x_wconf 87' lang='lat' dir='ltr'>teneri,</span> <span class='ocrx_word' id='word_1_285' title='bbox 477 2093 518 2126; x_wconf 90' lang='lat' dir='ltr'>et</span> <span class='ocrx_word' id='word_1_286' title='bbox 547 2100 629 2126; x_wconf 93' lang='lat' dir='ltr'>non</span> <span class='ocrx_word' id='word_1_287' title='bbox 651 2084 783 2125; x_wconf 90' lang='lat' dir='ltr'>deseri</span> <span class='ocrx_word' id='word_1_288' title='bbox 819 2083 1062 2140; x_wconf 69' lang='lat' dir='ltr'>praesidium</span> <span class='ocrx_word' id='word_1_289' title='bbox 1084 2083 1349 2124; x_wconf 90' lang='lat' dir='ltr'>Athenarum</span> <span class='ocrx_word' id='word_1_290' title='bbox 1380 2082 1538 2138; x_wconf 83' lang='lat' dir='ltr'>potuis-</span> 
     </span>
     <span class='ocr_line' id='line_1_36' title="bbox 123 2139 1537 2198; baseline -0.001 -17"><span class='ocrx_word' id='word_1_291' title='bbox 123 2149 210 2187; x_wconf 81' lang='lat' dir='ltr'>set3</span> <span class='ocrx_word' id='word_1_292' title='bbox 242 2156 395 2196; x_wconf 88' lang='lat' dir='ltr'>magna</span> <span class='ocrx_word' id='word_1_293' title='bbox 422 2156 487 2182; x_wconf 89' lang='lat' dir='ltr'>res</span> <span class='ocrx_word' id='word_1_294' title='bbox 520 2141 724 2198; x_wconf 89' lang='lat' dir='ltr'>principio</span> <span class='ocrx_word' id='word_1_295' title='bbox 754 2141 894 2183; x_wconf 86' lang='lat' dir='ltr'>statim</span> <span class='ocrx_word' id='word_1_296' title='bbox 928 2141 1041 2191; x_wconf 85' lang='lat' dir='ltr'>belli,</span> <span class='ocrx_word' id='word_1_297' title='bbox 1075 2140 1239 2181; x_wconf 88' lang='lat' dir='ltr'>Chalcis</span> <span class='ocrx_word' id='word_1_298' title='bbox 1274 2148 1315 2180; x_wconf 89' lang='lat' dir='ltr'>et</span> <span class='ocrx_word' id='word_1_299' title='bbox 1349 2139 1537 2195; x_wconf 85' lang='lat' dir='ltr'>Euripus</span> 
     </span>
     <span class='ocr_line' id='line_1_37' title="bbox 121 2196 1536 2253; baseline -0.001 -15"><span class='ocrx_word' id='word_1_300' title='bbox 121 2197 288 2239; x_wconf 86' lang='lat' dir='ltr'>ademta</span> <span class='ocrx_word' id='word_1_301' title='bbox 307 2198 395 2253; x_wconf 87' lang='lat' dir='ltr'>regi</span> <span class='ocrx_word' id='word_1_302' title='bbox 425 2198 573 2240; x_wconf 84' lang='lat' dir='ltr'>forent.</span> <span class='ocrx_word' id='word_1_303' title='bbox 605 2213 700 2238; x_wconf 91' lang='lat' dir='ltr'>nam</span> <span class='ocrx_word' id='word_1_304' title='bbox 721 2206 770 2239; x_wconf 91' lang='lat' dir='ltr'>ut</span> <span class='ocrx_word' id='word_1_305' title='bbox 797 2206 908 2239; x_wconf 89' lang='lat' dir='ltr'>terra</span> <span class='ocrx_word' id='word_1_306' title='bbox 929 2197 1311 2253; x_wconf 85' lang='lat' dir='ltr'>Thermopylarum</span> <span class='ocrx_word' id='word_1_307' title='bbox 1331 2196 1536 2251; x_wconf 81' lang='lat' dir='ltr'>angustiae</span> 
     </span>
     <span class='ocr_line' id='line_1_38' title="bbox 123 2253 1090 2311; baseline 0 -17"><span class='ocrx_word' id='word_1_308' title='bbox 123 2254 346 2303; x_wconf 88' lang='lat' dir='ltr'>Graeciam,</span> <span class='ocrx_word' id='word_1_309' title='bbox 368 2255 428 2296; x_wconf 89' lang='lat' dir='ltr'>ita</span> <span class='ocrx_word' id='word_1_310' title='bbox 447 2255 551 2295; x_wconf 89' lang='lat' dir='ltr'>mari</span> <span class='ocrx_word' id='word_1_311' title='bbox 571 2255 727 2295; x_wconf 85' lang='lat' dir='ltr'>fretum</span> <span class='ocrx_word' id='word_1_312' title='bbox 749 2254 901 2311; x_wconf 86' lang='lat' dir='ltr'>Euripi</span> <span class='ocrx_word' id='word_1_313' title='bbox 921 2253 1090 2295; x_wconf 87' lang='lat' dir='ltr'>claudit.</span> 
     </span>
    </p>

    <p class='ocr_par' dir='ltr' id='par_1_10' title="bbox 121 2311 1722 2482">
     <span class='ocr_line' id='line_1_39' title="bbox 180 2311 1685 2367; baseline 0.001 -15"><span class='ocrx_word' id='word_1_314' title='bbox 180 2311 356 2352; x_wconf 88' lang='lat' dir='ltr'>XXIV.</span> <span class='ocrx_word' id='word_1_315' title='bbox 389 2311 658 2352; x_wconf 88' lang='lat' dir='ltr'>Demetriade</span> <span class='ocrx_word' id='word_1_316' title='bbox 679 2319 771 2352; x_wconf 88' lang='lat' dir='ltr'>tum</span> <span class='ocrx_word' id='word_1_317' title='bbox 793 2311 1016 2367; x_wconf 85' lang='lat' dir='ltr'>Philippus</span> <span class='ocrx_word' id='word_1_318' title='bbox 1037 2319 1136 2352; x_wconf 87' lang='lat' dir='ltr'>erat.</span> <span class='ocrx_word' id='word_1_319' title='bbox 1169 2326 1254 2366; x_wconf 92' lang='lat' dir='ltr'>quo</span> <span class='ocrx_word' id='word_1_320' title='bbox 1275 2325 1408 2366; x_wconf 86' lang='lat' dir='ltr'>quum</span> <span class='ocrx_word' id='word_1_321' title='bbox 1430 2318 1535 2352; x_wconf 88' lang='lat' dir='ltr'>esset</span> <span class='ocrx_word' id='word_1_322' title='bbox 1548 2322 1685 2353; x_wconf 80' lang='lat' dir='ltr'>Advolat</span> 
     </span>
     <span class='ocr_line' id='line_1_40' title="bbox 121 2365 1722 2423; baseline -0.001 -15"><span class='ocrx_word' id='word_1_323' title='bbox 121 2368 318 2409; x_wconf 86' lang='lat' dir='ltr'>nunciata</span> <span class='ocrx_word' id='word_1_324' title='bbox 356 2368 492 2410; x_wconf 91' lang='lat' dir='ltr'>clades</span> <span class='ocrx_word' id='word_1_325' title='bbox 533 2368 653 2409; x_wconf 82' lang='lat' dir='ltr'>sociae</span> <span class='ocrx_word' id='word_1_326' title='bbox 693 2367 822 2417; x_wconf 90' lang='lat' dir='ltr'>urbis,</span> <span class='ocrx_word' id='word_1_327' title='bbox 859 2383 1114 2423; x_wconf 89' lang='lat' dir='ltr'>quamquam</span> <span class='ocrx_word' id='word_1_328' title='bbox 1155 2382 1290 2408; x_wconf 89' lang='lat' dir='ltr'>serum</span> <span class='ocrx_word' id='word_1_329' title='bbox 1331 2367 1535 2408; x_wconf 87' lang='lat' dir='ltr'>auxilium</span> <span class='ocrx_word' id='word_1_330' title='bbox 1549 2365 1722 2407; x_wconf 87' lang='lat' dir='ltr'>Philippus,</span> 
     </span>
     <span class='ocr_line' id='line_1_41' title="bbox 122 2414 1695 2482; baseline -0.001 -17"><span class='ocrx_word' id='word_1_331' title='bbox 122 2424 297 2480; x_wconf 89' lang='lat' dir='ltr'>perditis</span> <span class='ocrx_word' id='word_1_332' title='bbox 316 2424 350 2449; x_wconf 79' lang='lat'>⁹⁶</span> <span class='ocrx_word' id='word_1_333' title='bbox 362 2433 465 2476; x_wconf 88' lang='lat' dir='ltr'>erat,</span> <span class='ocrx_word' id='word_1_334' title='bbox 487 2433 640 2476; x_wconf 87' lang='lat' dir='ltr'>tamen,</span> <span class='ocrx_word' id='word_1_335' title='bbox 661 2424 695 2451; x_wconf 72' lang='lat'>⁹⁷</span> <span class='ocrx_word' id='word_1_336' title='bbox 707 2440 804 2482; x_wconf 87' lang='lat' dir='ltr'>quae</span> <span class='ocrx_word' id='word_1_337' title='bbox 832 2423 1022 2480; x_wconf 88' lang='lat' dir='ltr'>proxima</span> <span class='ocrx_word' id='word_1_338' title='bbox 1050 2424 1207 2465; x_wconf 82' lang='lat' dir='ltr'>auxilio</span> <span class='ocrx_word' id='word_1_339' title='bbox 1237 2432 1313 2474; x_wconf 90' lang='lat' dir='ltr'>est,</span> <span class='ocrx_word' id='word_1_340' title='bbox 1336 2423 1535 2465; x_wconf 90' lang='lat' dir='ltr'>ultionem</span> <span class='ocrx_word' id='word_1_341' title='bbox 1549 2414 1602 2445; x_wconf 79' lang='lat' dir='ltr'>sed</span> <span class='ocrx_word' id='word_1_342' title='bbox 1618 2421 1695 2442; x_wconf 58' lang='lat'><strong>⁵³¹⁰·</strong></span> 
     </span>
    </p>
   </div>
   <div class='ocr_carea' id='block_1_5' title="bbox 126 2588 1541 2893">
    <p class='ocr_par' dir='ltr' id='par_1_11' title="bbox 126 2588 1539 2805">
     <span class='ocr_line' id='line_1_42' title="bbox 166 2588 1538 2637; baseline -0.002 -14"><span class='ocrx_word' id='word_1_343' title='bbox 166 2593 208 2623; x_wconf 83' lang='lat'>94</span> <span class='ocrx_word' id='word_1_344' title='bbox 230 2594 348 2633; x_wconf 80' lang='lat' dir='ltr'>Apertae</span> <span class='ocrx_word' id='word_1_345' title='bbox 369 2594 470 2635; x_wconf 75' lang='lat' dir='ltr'>naves]</span> <span class='ocrx_word' id='word_1_346' title='bbox 496 2594 602 2625; x_wconf 84' lang='lat' dir='ltr'>Naves</span> <span class='ocrx_word' id='word_1_347' title='bbox 624 2601 737 2637; x_wconf 86' lang='lat' dir='ltr'>apertae</span> <span class='ocrx_word' id='word_1_348' title='bbox 755 2605 810 2636; x_wconf 89' lang='lat' dir='ltr'>op·</span> <span class='ocrx_word' id='word_1_349' title='bbox 854 2588 1027 2629; x_wconf 53' lang='lat' dir='ltr'>Euboeam,</span> <span class='ocrx_word' id='word_1_350' title='bbox 1045 2593 1108 2624; x_wconf 85' lang='lat' dir='ltr'>sive</span> <span class='ocrx_word' id='word_1_351' title='bbox 1133 2593 1172 2624; x_wconf 82' lang='lat' dir='ltr'>ad</span> <span class='ocrx_word' id='word_1_352' title='bbox 1198 2593 1296 2635; x_wconf 85' lang='lat' dir='ltr'>prima</span> <span class='ocrx_word' id='word_1_353' title='bbox 1321 2591 1409 2623; x_wconf 86' lang='lat' dir='ltr'>initia</span> <span class='ocrx_word' id='word_1_354' title='bbox 1432 2591 1538 2632; x_wconf 90' lang='lat' dir='ltr'>Euripi</span> 
     </span>
     <span class='ocr_line' id='line_1_43' title="bbox 126 2634 1538 2682; baseline -0.001 -17"><span class='ocrx_word' id='word_1_355' title='bbox 126 2642 280 2682; x_wconf 75' lang='lat' dir='ltr'>ponuntur</span> <span class='ocrx_word' id='word_1_356' title='bbox 301 2637 472 2672; x_wconf 75' lang='lat' dir='ltr'>constratis,</span> <span class='ocrx_word' id='word_1_357' title='bbox 487 2642 522 2668; x_wconf 86' lang='lat' dir='ltr'>ut</span> <span class='ocrx_word' id='word_1_358' title='bbox 538 2637 640 2668; x_wconf 87' lang='lat' dir='ltr'>videre</span> <span class='ocrx_word' id='word_1_359' title='bbox 659 2644 706 2668; x_wconf 86' lang='lat' dir='ltr'>est</span> <span class='ocrx_word' id='word_1_360' title='bbox 728 2637 810 2679; x_wconf 81' lang='lat' dir='ltr'>apud</span> <span class='ocrx_word' id='word_1_361' title='bbox 853 2636 933 2673; x_wconf 84' lang='lat' dir='ltr'>freti,</span> <span class='ocrx_word' id='word_1_362' title='bbox 956 2647 1017 2678; x_wconf 91' lang='lat' dir='ltr'>quo</span> <span class='ocrx_word' id='word_1_363' title='bbox 1040 2637 1164 2667; x_wconf 73' lang='lat' dir='ltr'>Euboea</span> <span class='ocrx_word' id='word_1_364' title='bbox 1187 2647 1206 2667; x_wconf 84' lang='lat' dir='ltr'>a</span> <span class='ocrx_word' id='word_1_365' title='bbox 1229 2635 1405 2666; x_wconf 86' lang='lat' dir='ltr'>continente</span> <span class='ocrx_word' id='word_1_366' title='bbox 1427 2634 1538 2664; x_wconf 87' lang='lat' dir='ltr'>dividi-</span> 
     </span>
     <span class='ocr_line' id='line_1_44' title="bbox 128 2677 914 2711; baseline 0.003 -3"><span class='ocrx_word' id='word_1_367' title='bbox 128 2677 230 2709; x_wconf 81' lang='lat' dir='ltr'>Cicer.</span> <span class='ocrx_word' id='word_1_368' title='bbox 245 2679 267 2709; x_wconf 87' lang='lat' dir='ltr'>l.</span> <span class='ocrx_word' id='word_1_369' title='bbox 282 2679 323 2710; x_wconf 82' lang='lat' dir='ltr'>V.</span> <span class='ocrx_word' id='word_1_370' title='bbox 340 2679 373 2709; x_wconf 88' lang='lat' dir='ltr'>in</span> <span class='ocrx_word' id='word_1_371' title='bbox 387 2681 476 2710; x_wconf 84' lang='lat' dir='ltr'>Verr.</span> <span class='ocrx_word' id='word_1_372' title='bbox 492 2690 522 2710; x_wconf 89' lang='lat' dir='ltr'>n.</span> <span class='ocrx_word' id='word_1_373' title='bbox 540 2681 611 2710; x_wconf 88' lang='lat'>104.</span> <span class='ocrx_word' id='word_1_374' title='bbox 634 2686 665 2711; x_wconf 88' lang='lat' dir='ltr'>et</span> <span class='ocrx_word' id='word_1_375' title='bbox 679 2691 722 2711; x_wconf 83' lang='lat' dir='ltr'>eae</span> <span class='ocrx_word' id='word_1_376' title='bbox 741 2686 811 2711; x_wconf 86' lang='lat' dir='ltr'>sunt</span> <span class='ocrx_word' id='word_1_377' title='bbox 854 2686 914 2710; x_wconf 89' lang='lat' dir='ltr'>tur.</span> 
     </span>
     <span class='ocr_line' id='line_1_45' title="bbox 128 2721 1358 2763; baseline -0.002 -13"><span class='ocrx_word' id='word_1_378' title='bbox 128 2729 196 2760; x_wconf 87' lang='lat' dir='ltr'>quae</span> <span class='ocrx_word' id='word_1_379' title='bbox 225 2721 313 2752; x_wconf 83' lang='lat' dir='ltr'>nulla</span> <span class='ocrx_word' id='word_1_380' title='bbox 340 2722 456 2752; x_wconf 87' lang='lat' dir='ltr'>habent</span> <span class='ocrx_word' id='word_1_381' title='bbox 484 2723 641 2753; x_wconf 78' lang='lat' dir='ltr'>tabulata:</span> <span class='ocrx_word' id='word_1_382' title='bbox 675 2724 813 2754; x_wconf 70' lang='lat' dir='ltr'>bdtimens</span> <span class='ocrx_word' id='word_1_383' title='bbox 899 2722 970 2753; x_wconf 84' lang='lat'>96*</span> <span class='ocrx_word' id='word_1_384' title='bbox 985 2721 1076 2763; x_wconf 76' lang='lat' dir='ltr'>Erat]</span> <span class='ocrx_word' id='word_1_385' title='bbox 1099 2721 1218 2752; x_wconf 84' lang='lat' dir='ltr'>Melius</span> <span class='ocrx_word' id='word_1_386' title='bbox 1232 2726 1358 2750; x_wconf 65' lang='lat' dir='ltr'>venerat.</span> 
     </span>
     <span class='ocr_line' id='line_1_46' title="bbox 128 2762 1539 2805; baseline 0 -14"><span class='ocrx_word' id='word_1_387' title='bbox 128 2773 186 2797; x_wconf 84' lang='lat' dir='ltr'>ras,</span> <span class='ocrx_word' id='word_1_388' title='bbox 199 2765 249 2802; x_wconf 79' lang='lat' dir='ltr'>qui</span> <span class='ocrx_word' id='word_1_389' title='bbox 262 2775 298 2794; x_wconf 77' lang='lat' dir='ltr'>ne</span> <span class='ocrx_word' id='word_1_390' title='bbox 311 2771 372 2794; x_wconf 83' lang='lat' dir='ltr'>sont</span> <span class='ocrx_word' id='word_1_391' title='bbox 384 2768 466 2805; x_wconf 77' lang='lat' dir='ltr'>point</span> <span class='ocrx_word' id='word_1_392' title='bbox 476 2768 587 2805; x_wconf 79' lang='lat' dir='ltr'>ponte&#39;s.</span> <span class='ocrx_word' id='word_1_393' title='bbox 898 2765 938 2794; x_wconf 89' lang='lat'>97</span> <span class='ocrx_word' id='word_1_394' title='bbox 950 2765 968 2783; x_wconf 60' lang='lat'>³*</span> <span class='ocrx_word' id='word_1_395' title='bbox 981 2765 1055 2798; x_wconf 82' lang='lat' dir='ltr'>Quae</span> <span class='ocrx_word' id='word_1_396' title='bbox 1080 2767 1209 2803; x_wconf 82' lang='lat' dir='ltr'>prorima</span> <span class='ocrx_word' id='word_1_397' title='bbox 1235 2763 1345 2792; x_wconf 72' lang='grc' dir='ltr'><em>αιιιὶἰίο</em></span> <span class='ocrx_word' id='word_1_398' title='bbox 1372 2767 1422 2796; x_wconf 78' lang='lat' dir='ltr'>est,</span> <span class='ocrx_word' id='word_1_399' title='bbox 1454 2762 1539 2792; x_wconf 71' lang='lat' dir='ltr'>ultio-</span> 
     </span>
    </p>

    <p class='ocr_par' dir='ltr' id='par_1_12' title="bbox 126 2804 1541 2893">
     <span class='ocr_line' id='line_1_47' title="bbox 171 2804 1541 2849; baseline -0.001 -14"><span class='ocrx_word' id='word_1_400' title='bbox 171 2806 299 2836; x_wconf 75' lang='lat' dir='ltr'><em>95*Ad</em></span> <span class='ocrx_word' id='word_1_401' title='bbox 317 2809 425 2845; x_wconf 84' lang='lat' dir='ltr'>primas</span> <span class='ocrx_word' id='word_1_402' title='bbox 438 2809 591 2849; x_wconf 76' lang='lat' dir='ltr'>angustias</span> <span class='ocrx_word' id='word_1_403' title='bbox 608 2808 737 2849; x_wconf 68' lang='lat' dir='ltr'><strong><em>Euhaeae]</em></strong></span> <span class='ocrx_word' id='word_1_404' title='bbox 761 2808 814 2839; x_wconf 87' lang='lat' dir='ltr'>Ad</span> <span class='ocrx_word' id='word_1_405' title='bbox 856 2807 938 2848; x_wconf 78' lang='lat' dir='ltr'>nem]</span> <span class='ocrx_word' id='word_1_406' title='bbox 963 2807 1120 2838; x_wconf 86' lang='lat' dir='ltr'>Ultionem</span> <span class='ocrx_word' id='word_1_407' title='bbox 1144 2817 1225 2848; x_wconf 77' lang='lat' dir='ltr'>quae,</span> <span class='ocrx_word' id='word_1_408' title='bbox 1244 2805 1297 2835; x_wconf 83' lang='lat' dir='ltr'>ubi</span> <span class='ocrx_word' id='word_1_409' title='bbox 1321 2804 1434 2835; x_wconf 85' lang='lat' dir='ltr'>auxilio</span> <span class='ocrx_word' id='word_1_410' title='bbox 1455 2804 1541 2835; x_wconf 84' lang='lat' dir='ltr'>locus</span> 
     </span>
     <span class='ocr_line' id='line_1_48' title="bbox 126 2846 1539 2893; baseline -0.001 -16"><span class='ocrx_word' id='word_1_411' title='bbox 126 2858 198 2878; x_wconf 82' lang='lat' dir='ltr'>eum</span> <span class='ocrx_word' id='word_1_412' title='bbox 224 2849 324 2879; x_wconf 89' lang='lat' dir='ltr'>locum</span> <span class='ocrx_word' id='word_1_413' title='bbox 339 2849 391 2880; x_wconf 86' lang='lat' dir='ltr'>ubi</span> <span class='ocrx_word' id='word_1_414' title='bbox 416 2860 499 2882; x_wconf 81' lang='lat' dir='ltr'>mare</span> <span class='ocrx_word' id='word_1_415' title='bbox 520 2850 630 2881; x_wconf 81' lang='lat' dir='ltr'>arctari</span> <span class='ocrx_word' id='word_1_416' title='bbox 654 2850 759 2893; x_wconf 86' lang='lat' dir='ltr'>incipit</span> <span class='ocrx_word' id='word_1_417' title='bbox 775 2850 815 2883; x_wconf 86' lang='lat' dir='ltr'>ad</span> <span class='ocrx_word' id='word_1_418' title='bbox 859 2860 918 2882; x_wconf 87' lang='lat' dir='ltr'>non</span> <span class='ocrx_word' id='word_1_419' title='bbox 941 2855 999 2884; x_wconf 85' lang='lat' dir='ltr'>est,</span> <span class='ocrx_word' id='word_1_420' title='bbox 1013 2850 1153 2892; x_wconf 85' lang='lat' dir='ltr'>proxima</span> <span class='ocrx_word' id='word_1_421' title='bbox 1172 2848 1283 2879; x_wconf 76' lang='lat' dir='ltr'>deinde</span> <span class='ocrx_word' id='word_1_422' title='bbox 1307 2847 1427 2889; x_wconf 84' lang='lat' dir='ltr'>petitur.</span> <span class='ocrx_word' id='word_1_423' title='bbox 1474 2846 1539 2877; x_wconf 86' lang='lat' dir='ltr'>Pri-</span> 
     </span>
    </p>
   </div>
   <div class='ocr_carea' id='block_1_6' title="bbox 925 2894 995 2933">
    <p class='ocr_par' dir='ltr' id='par_1_13' title="bbox 925 2894 995 2933">
     <span class='ocr_line' id='line_1_49' title="bbox 925 2894 995 2933; baseline 0.029 -2"><span class='ocrx_word' id='word_1_424' title='bbox 925 2894 995 2933; x_wconf 72' lang='lat' dir='ltr'>‹3ss</span> 
     </span>
    </p>
   </div>
  </div>
 </body>
</html>
