1947 3222
154 210 326 240 i'.C.561.

148 253 238 283 A-C.
259 253 325 282 191.

146 877 278 906 anetur
292 877 331 907 ab

148 931 184 950 ea
199 919 349 950 recedere.

148 1218 322 1249 Bitolorum

145 1259 238 1299 legati
254 1262 293 1292 ad

151 1303 257 1334 Antio-

146 1346 249 1377 chum.

360 87 434 125 ⁶260
876 86 1027 123 .TITI
1069 86 1239 124 LIVII

361 195 540 245 tumulo,
563 205 653 237 tum
674 194 882 251 regionem
910 211 958 236 ea
978 196 1156 236 maxime
1180 195 1391 251 despectat
1421 194 1639 251 oppidum,
1662 197 1766 250 qua⁰

361 253 485 293 breve
516 252 777 294 intervallum
818 252 999 302 vide—tur,
1040 261 1081 293 et
1120 252 1258 293 omnia
1297 251 1337 291 in
1378 260 1600 307 conspectu
1641 260 1763 298 sunt3

363 324 495 364 quum
516 310 641 360 enise,
662 309 778 350 velut
804 308 1018 365 proposito
1038 310 1274 358 certamine,
1300 308 1477 349 Romani
1501 308 1768 349 Macedones-

363 381 445 421 que
475 366 583 408 diem
613 382 660 408 ac
689 374 851 407 noctem
878 365 1013 405 autin
1035 365 1244 421 operibus,
1266 373 1339 406 aut
1362 366 1404 406 in
1431 365 1589 421 proeliis
1618 374 1766 413 essent,

363 422 442 463 hoc
472 424 604 480 major
633 422 854 464 difficultas
887 421 1190 462 Macedonibus
1219 430 1321 472 erat,
1343 422 1458 477 quod
1490 423 1667 463 Romani
1698 437 1768 477 ag-

362 495 459 534 gere
489 489 530 522 et
560 479 703 529 vineis,
737 487 777 519 et
807 477 1000 518 omnibus
1035 492 1161 533 supra
1193 485 1342 518 terram
1376 479 1584 534 operibus,
1619 479 1768 520 subtus

366 537 616 578 Macedones
637 534 838 576 cuniculis
865 534 1190 589 obpugnabant:
1222 543 1263 575 et
1293 534 1336 574 in
1365 535 1519 591 asperis
1546 535 1645 576 locis
1666 534 1767 576 silex

363 608 418 633 sae
450 609 471 633 e
501 590 812 648 inpenetrabilis
838 590 948 631 ferro
977 591 1239 632 obcurrebat.
1261 599 1318 640 et,
1339 606 1471 646 quum
1501 607 1649 647 parum
1670 607 1767 647 pro-

362 664 406 689 ce
441 658 526 690 eret
556 649 782 704 inceptum,
811 662 886 703 per
915 647 1135 702 conloquia
1166 647 1397 703 principum
1423 649 1652 704 oppidanos
1681 656 1769 689 ten-

363 706 478 747 tabat
509 721 598 755 rex,
621 716 667 746 ut
698 705 845 746 urbem
876 703 1100 750 dederent3
1131 703 1247 744 haud
1268 703 1436 754 dubius,
1458 705 1575 760 quin,
1597 706 1630 746 si
1651 706 1768 760 prius

364 762 568 803 Heraclea
596 770 719 816 capta
746 761 868 810 foret,
902 760 1102 800 Romanis
1133 775 1174 801 se
1201 760 1357 815 potius,
1385 776 1511 816 quam
1541 762 1632 811 sibi,
1654 762 1768 802 dedi-

361 819 446 860 turi
467 826 616 868 essent,
637 817 879 873 ⁹⁴suamque
901 817 1079 872 gratiam
1110 817 1253 857 consul
1283 816 1322 857 in
1353 817 1566 858 obsidione
1594 818 1769 859 liberan-

361 875 416 916 da
435 876 625 917 facturus
645 883 761 916 esset.
824 875 863 915 N
867 889 911 914 ec
939 889 1033 914 eum
1055 873 1195 929 opinio
1214 882 1275 915 est
1296 873 1519 915 frustrata:
1552 874 1767 916 confestim

361 932 471 973 enim
491 934 544 973 ab
566 932 770 973 Heraclea
799 939 921 987 capta
950 930 1126 971 nuncius
1147 930 1274 980 venit,
1298 939 1344 971 ut
1369 931 1678 987 obpugnatione
1698 932 1770 972 ab·

363 989 547 1030 sisteret:
580 990 732 1043 a’quz'us
760 1003 854 1036 esse,
887 988 1092 1028 Romanos
1122 989 1280 1036 milites,
1302 989 1371 1041 qui
1400 989 1487 1027 acie
1516 989 1770 1028 dimicassent

361 1061 445 1086 cum
467 1047 635 1095 AEtolis,
650 1047 825 1099 praemia
847 1046 1028 1085 victoriae
1041 1044 1198 1084 habere.
1258 1044 1368 1086 ⁹⁵Ita
1388 1060 1592 1086 recessum
1612 1045 1665 1086 ab
1688 1046 1770 1086 La-

362 1104 446 1144 mia
465 1112 542 1153 est,
563 1112 605 1145 et
625 1102 872 1159 propinquae
895 1101 1010 1142 clade
1031 1101 1146 1142 urbis
1166 1101 1299 1157 9⁶ipsi,
1321 1117 1372 1142 ne
1401 1101 1505 1157 quid
1537 1102 1668 1143 simile
1699 1117 1770 1158 pa-

363 1168 566 1210 terentur,
589 1161 840 1215 effugerunt.

422 1218 596 1258 XXVI.
631 1217 795 1265 Paucis,
828 1216 1074 1271 priusquam
1107 1215 1311 1256 Heraclea
1342 1224 1573 1270 caperetur,
1605 1217 1769 1267 diebus,

364 1274 514 1324 AEtoli‚
535 1273 707 1315 concilio
730 1274 947 1329 Hypatam
975 1280 1132 1323 coacto,
1154 1272 1311 1327 legatos
1331 1272 1385 1312 ad
1407 1272 1664 1314 Antiochum
1694 1275 1770 1314 mi-

363 1339 529 1372 serunt:
562 1332 670 1371 inter
700 1344 805 1386 quos
835 1337 874 1370 et
907 1329 1050 1369 Thoas
1079 1328 1204 1379 idem,
1232 1329 1305 1384 qui
1336 1334 1491 1378 antea¹'‚
1513 1330 1662 1370 missus
1692 1339 1768 1371 est.

362 1387 559 1429 mandata
579 1395 710 1437 erant,
733 1394 780 1427 ut
801 1386 854 1426 ab
884 1401 980 1440 rege
1010 1393 1213 1441 peterent,
1234 1386 1432 1441 primum,
1455 1394 1503 1426 ut
1533 1386 1634 1442 ipse,
1656 1402 1770 1427 coac-

362 1445 415 1485 tis
444 1459 590 1485 rursus
612 1442 877 1485 terrestribus
907 1442 1209 1497 navalibusque
1230 1442 1374 1498 copiis,
1396 1442 1438 1482 in
1460 1442 1666 1483 Graeciam
1689 1452 1770 1484 tra-

356 1501 526 1557 jiceret:
561 1500 724 1549 deinde,
756 1500 788 1540 si
820 1514 905 1554 qua
933 1499 1071 1555 ipsum
1105 1507 1261 1540 teneret
1292 1514 1371 1547 res,
1403 1507 1450 1540 ut
1480 1500 1697 1554 pecuniam
1728 1509 1768 1541 et

361 1557 518 1598 auxilia
538 1558 733 1599 mitteret.
767 1558 811 1596 id
830 1570 945 1610 quum
966 1557 1023 1595 ad
1047 1557 1287 1610 dignitatem
1318 1555 1618 1610 (gjusfidemque
1640 1558 1770 1610 perli-

361 1630 467 1659 ηενρ,
493 1629 571 1654 non
589 1615 714 1667 prodi
732 1615 869 1662 socios,
892 1620 972 1653 tum
995 1614 1112 1653 etiam
1134 1614 1190 1653 ad
1210 1614 1518 1654 incolumitatem
1540 1616 1669 1668 regni,
1693 1628 1770 1655 non

361 1673 502 1720 sinere,
539 1673 754 1718 Romanos,
778 1672 886 1710 omm'
914 1685 1010 1710 cura
1040 1684 1196 1718 vacuos,
1219 1685 1334 1723 quum
1366 1670 1593 1710 sEtolorunz
1612 1678 1769 1725 gentem

361 1731 619 1777 sustulissent,
629 1729 806 1768 omnibus
818 1729 943 1780 copiis
957 1729 1000 1768 in
1019 1727 1155 1767 Asiam
1173 1727 1369 1781 trajicere.
1405 1728 1512 1768 Vera
1525 1737 1656 1778 erant,
1673 1744 1768 1783 quae

363 1786 631 1827 dicebantur:
664 1801 713 1825 eo
732 1785 864 1840 magis
886 1799 1023 1839 regem
1046 1793 1277 1825 moverunt.
1340 1785 1491 1839 Itaque
1522 1784 1562 1825 in
1592 1800 1770 1840 praesen-

629 1888 644 1905 0
658 1886 761 1925 oppido
775 1895 861 1924 quam
877 1877 969 1915 Crev.
1057 1886 1072 1911 Ρ
1089 1885 1138 1924 qni
1152 1890 1179 1914 et
1194 1889 1279 1913 antea
1297 1883 1394 1913 Gron.
1411 1884 1502 1914 Crev.

363 1989 491 2018 duarum
518 1987 610 2029 paulo
637 1986 769 2029 amplius
792 1986 949 2017 leucarum
975 1996 1043 2016 nos-

363 2037 498 2068 trarum3
521 2035 551 2061 et
565 2030 603 2060 ob
619 2029 711 2060 situm
734 2029 850 2060 Lami-e
875 2029 905 2058 in
926 2029 1045 2059 tumulo

364 2074 469 2115 positae
488 2072 609 2103 brevius
631 2073 724 2103 etiarn
746 2072 878 2103 videtur.
923 2072 1045 2113 Nempe

363 2127 399 2146 ex
435 2117 503 2147 loco
539 2116 602 2145 alto
638 2115 877 2158 despicientibus
918 2114 1042 2155 aliquod

364 2166 419 2189 iter
444 2170 495 2200 per
521 2159 626 2200 plana,
657 2158 790 2200 spatium
819 2156 897 2188 illud
922 2157 1045 2187 brevius

364 2201 494 2236 videtur.
511 2211 604 2242 quam
627 2201 652 2231 si
675 2212 712 2231 ex
736 2200 899 2242 campestri
922 2200 1043 2231 metire-

363 2255 431 2275 mur
453 2243 528 2274 illud
555 2243 659 2273 oculis.
706 2243 828 2274 Deinde
852 2242 961 2273 Lamia
983 2254 1044 2272 mm

363 2289 494 2323 maxime,
531 2297 601 2327 quae
639 2286 677 2316 ad
703 2286 899 2316 olleracleam
937 2286 1042 2326 vergit.

363 2331 507 2371 regionem
541 2331 696 2368 despectat.
749 2329 824 2359 Ideo
854 2329 949 2358 omnia
975 2339 1043 2369 quae

362 2378 434 2403 sunt
457 2379 487 2403 et
510 2372 585 2402 fiunt
608 2372 686 2402 inter
708 2370 786 2402 duas
809 2371 908 2405 urbes,
926 2373 955 2401 in
977 2383 1044 2401 con-

362 2423 460 2455 spectu
489 2421 568 2445 sunt.
623 2416 733 2454 Oppido
769 2426 854 2454 quam
890 2413 966 2444 dixit
995 2414 1044 2444 Li-

365 2458 442 2493 vius,
459 2463 493 2488 ut
513 2469 581 2488 sane
604 2469 700 2497 quum,
715 2462 745 2487 et
762 2457 824 2488 alia
845 2456 944 2487 multa
965 2456 1045 2497 ejus-

363 2501 435 2531 dem
457 2500 587 2542 generis.
631 2499 680 2531 Sic
702 2499 780 2529 infra
804 2499 824 2529 l.
848 2499 1003 2529 XXXIX.
1018 2510 1046 2529 0.

365 2545 418 2574 47.
440 2545 540 2583 oppido
561 2554 647 2583 quam¹
672 2554 778 2582 pareva:
814 2547 845 2572 et
869 2541 1001 2577 Gellius,
1026 2542 1046 2572 l.

367 2587 438 2618 XV.
462 2597 491 2618 c.
513 2587 564 2617 30.
586 2586 687 2624 ‹rppirlo
708 2596 791 2625 qnam
806 2585 890 2624 finnt
915 2588 945 2614 ι’,η
968 2585 1044 2613 titte-

364 2639 466 2659 rarum
501 2629 686 2659 ostentatione
731 2629 819 2665 inepti
863 2633 888 2656 et
925 2627 1044 2667 frivoli.

367 2674 514 2703 Ueterum
529 2671 577 2701 hic
600 2670 684 2701 locus
707 2670 795 2709 longe
813 2669 900 2699 aliter
922 2669 1044 2708 legeba-

366 2721 425 2747 tur.
451 2726 487 2745 ex
517 2713 732 2750 emendatione
765 2711 881 2742 scilieet
909 2711 1043 2746 Gelenii‚

365 2758 416 2797 qui
441 2768 494 2799 pro
519 2758 620 2796 oppido
640 2767 725 2796 qnam
749 2754 875 2786 dederat
897 2755 1043 2792 oppidum,

365 2813 440 2840 qna:
478 2806 508 2830 et
536 2800 564 2830 ei
590 2799 874 2852 obtemperaverant
904 2796 1044 2827 editores.

365 2843 425 2873 Sed
452 2843 600 2874 Andreas.
617 2847 645 2872 et
670 2841 686 2872 1
702 2841 786 2871 ictor.
810 2839 920 2877 codex,
934 2845 961 2869 et
980 2839 1043 2881 ipse

1088 1995 1194 2015 sensus
1228 1989 1312 2016 stant
1347 1995 1401 2026 pro
1437 1995 1474 2015 ea
1507 1985 1639 2016 lectione
1674 1995 1767 2026 quam

1089 2027 1224 2069 amplexi
1239 2038 1354 2058 sumus.

1132 2071 1173 2101 94
1205 2072 1350 2110 Sestonque
1377 2073 1505 2112 gratiam
1536 2071 1634 2101 consul
1661 2073 1692 2100 ‘in
1723 2072 1767 2100 ol>-

1085 2115 1193 2143 siaelione
1216 2115 1365 2143 liberanda
1378 2114 1523 2155 jhc-turns
1546 2114 1630 2154 esset]
1668 2114 1709 2143 Et
1732 2113 1767 2143 11-

1087 2157 1202 2187 beratae
1229 2156 1386 2187 obsidione
1416 2157 1499 2187 urbis
1527 2155 1657 2197 gratiam
1680 2155 1711 2185 in
1737 2166 1769 2185 se

1088 2199 1281 2230 derivaturus
1304 2205 1382 2230 esset
1396 2199 1501 2230 consul
1516 2211 1522 2235 3
1546 2199 1622 2233 sive,
1636 2197 1666 2228 id
1685 2204 1768 2228 actu-

1088 2252 1139 2272 rus
1161 2247 1239 2272 esset
1255 2248 1289 2272 ut
1310 2252 1328 2272 a
1342 2253 1373 2272 se
1390 2243 1536 2272 haberent
1558 2241 1694 2271 liberatae
1713 2241 1766 2271 ob-

1088 2284 1206 2315 sidione
1222 2285 1304 2315 urbis
1318 2285 1499 2315 beneficium
1515 2283 1641 2314 obsessi.

1130 2329 1172 2358 95
1199 2327 1244 2357 Ila
1265 2339 1403 2357 *recessum
1425 2329 1459 2357 ab
1487 2327 1588 2357 [annia
1607 2327 1663 2367 est]
1703 2327 1768 2368 Op-

1088 2369 1257 2410 pidumque
1275 2370 1425 2400 Romanis
1444 2369 1593 2404 deditum,
1609 2368 1692 2409 quod
1715 2369 1768 2399 do-

1088 2418 1139 2443 cet
1152 2412 1249 2443 obiter
1263 2412 1378 2446 Livius.
1392 2412 1411 2442 1.
1430 2412 1584 2442 xxxix.
1601 2422 1628 2441 c.
1641 2413 1694 2442 23.
1709 2422 1769 2442 non

1089 2460 1193 2486 tamen
1209 2455 1323 2485 statim.
1353 2454 1446 2495 (Vid.
1461 2465 1488 2485 c.
1503 2456 1555 2484 29.
1569 2454 1676 2495 infra.)
1711 2455 1768 2485 At-

1088 2508 1148 2538 que
1164 2508 1200 2528 eo
1222 2498 1364 2528 nimirum
1387 2497 1477 2527 modo
1498 2497 1586 2527 clade
1609 2497 1769 2528 lrleracleae

1088 2540 1232 2572 effectum
1254 2546 1310 2574 est.
1328 2550 1364 2570 ne
1379 2539 1452 2581 quid
1469 2539 1566 2570 simile
1585 2540 1692 2571 Lamia
1714 2550 1768 2582 pa-

1089 2589 1213 2614 teretur.

1130 2626 1269 2664 96⁸1psi
1302 2637 1336 2655 ne
1371 2627 1441 2664 qnid
1476 2627 1568 2657 simile
1598 2632 1770 2665 paterentur

1088 2668 1270 2709 estiigerunt]
1307 2668 1415 2698 Soluta
1442 2667 1583 2698 nimirum
1610 2678 1627 2698 a
1651 2668 1767 2709 Philip-

1088 2721 1127 2751 po
1153 2711 1321 2741 obsidione.
1373 2710 1434 2740 Sed
1472 2717 1591 2752 tenipus
1618 2711 1768 2741 duntaxat

1089 2754 1207 2784 lucrata
1231 2753 1339 2784 Lamia
1362 2759 1418 2788 est,
1441 2754 1547 2795 paucis
1569 2760 1636 2794 post
1659 2753 1769 2784 mensi-

1088 2797 1155 2830 bus.
1177 2802 1211 2826 ut
1235 2802 1373 2826 narratur
1395 2796 1473 2826 infra
1499 2797 1672 2827 xxxvii.
1693 2798 1722 2827 4.
1739 2801 1767 2826 et

1088 2841 1116 2869 5.
1133 2845 1321 2880 expugnata.
