1947 3222
555 101 676 138 LIB.
705 99 896 137 XXXIV.
936 100 1071 138 CAP.
1100 101 1236 140 XXII.
1532 109 1599 147 151

195 211 264 252 bat
298 210 342 251 in
381 208 520 258 armis,
556 216 648 250 tum
684 206 948 261 conscientia,
989 207 1091 250 dum
1132 210 1276 251 consul
1311 215 1602 274 exercitusque

191 266 389 308 Turdulo
418 265 528 307 bello
553 273 615 306 est
639 273 883 320 occupatuS,
904 264 1257 322 depopulatorum
1287 269 1437 312 subitis
1466 272 1603 316 incur-

190 323 374 365 sionibus
393 322 609 364 sociorum.
654 321 794 377 Igitur
810 320 864 362 ad
883 322 1088 378 oppidum
1105 339 1249 365 eorum
1268 324 1602 382 obpugnandum

190 380 334 422 consul
355 380 486 429 ducit,
508 393 590 419 non
612 379 823 419 Romanas
852 379 978 419 modo
1007 380 1212 431 cohortes,
1233 381 1307 422 sed
1331 383 1601 437 juventutem

190 437 314 479 etiam
342 435 488 478 merito
518 435 774 476 infensorum
804 435 855 476 iis
887 435 1102 477 sociorum.
1162 438 1382 494 Oppidum
1412 439 1600 497 longum,

188 494 231 535 in
256 492 518 535 latitudinem
549 492 878 547 haudquaquam
910 494 1173 535 tantumdem
1193 503 1355 551 patens,
1377 496 1598 542 habebant.

186 549 514 608 quadringentos
543 549 640 590 inde
668 549 798 590 ferme
828 564 974 605 passus
1004 552 1220 593 constituit
1251 553 1380 608 signa.
1443 554 1511 596 Ibi
1532 556 1603 597 de-

187 609 389 649 lectarum
418 606 653 648 cohortium
683 606 902 648 stationem
932 607 1186 663 relinquens,
1217 610 1416 665 praecepit
1447 611 1518 662 eis,
1549 628 1601 654 ne

186 680 228 706 se
249 680 300 705 ex
321 679 369 705 eo
398 663 488 704 loco
518 672 614 704 ante
634 672 864 712 moverent,
886 679 1014 719 quam
1035 664 1123 721 ipse
1147 665 1202 706 ad
1223 682 1291 707 eos
1317 668 1506 710 venisset.
1537 671 1601 711 ce-

185 729 295 763 teras
314 720 456 777 copias
477 720 530 761 ad
552 720 791 761 ulteriorem
811 729 975 777 partem
995 722 1112 763 urbis
1134 722 1421 766 circumducit.
1461 724 1601 767 Maxi-

183 793 301 819 mum
331 793 382 819 ex
410 777 607 819 omnibus
637 777 803 818 auxiliis
833 792 1054 819 numerum
1086 780 1344 822 Suessetanae
1359 782 1599 837 juventutis

183 835 378 878 habebat.
410 850 479 875 eos
499 834 554 875 ad
574 849 741 875 murum
763 835 1095 890 obpugnandum
1127 836 1265 877 subire
1289 838 1425 894 jubet.
1488 841 1600 890 Quo-

182 908 279 934 rum
320 892 393 933 ubi
433 907 549 932 arma
587 892 790 947 signaque
834 891 1035 932 Lacetani
1076 908 1330 948 cognovere,
1382 910 1598 947 memores,

186 965 314 1006 quam
340 964 450 1005 saepe
470 948 512 990 in
532 963 634 1004 agro
664 963 808 989 eorum
832 947 988 1003 inpune
1017 948 1332 1004 persultassent,
1354 953 1518 1007 quoties
1538 955 1601 1010 ip-

186 1022 252 1049 sos
292 1005 420 1062 signis
458 1004 631 1046 conlatis
670 1005 876 1046 fudissent
915 1004 1242 1062 fugassentque3
1289 1009 1499 1063 patefacta
1537 1025 1601 1051 re-

183 1071 309 1122 pente
347 1070 484 1119 porta,
525 1061 708 1103 universi
747 1062 792 1102 in
831 1076 901 1102 eos
941 1071 1181 1119 erumpunt.
1257 1065 1339 1105 Vix
1379 1065 1600 1108 clamorem

184 1136 343 1170 eorum,
361 1119 521 1160 nedum
545 1118 750 1175 inpetum,
775 1119 1011 1160 Suessetani
1033 1119 1190 1161 tulere:
1223 1121 1339 1177 quod
1359 1130 1599 1179 postquam,

184 1177 291 1220 sicut
319 1177 516 1218 futurum
545 1185 662 1218 ratus
687 1183 790 1226 erat,
807 1175 956 1216 ‘consul
980 1176 1071 1217 fieri
1102 1177 1226 1218 etiam
1248 1177 1380 1227 vidit;
1412 1195 1523 1236 equo
1543 1181 1600 1222 ci·

182 1243 271 1276 tato
301 1234 446 1275 subter
474 1248 644 1274 murum
674 1232 858 1274 hostium
888 1232 942 1273 ad
971 1233 1162 1275 cohortes
1191 1235 1439 1278 advehitur:
1472 1245 1600 1294 atque

182 1307 250 1332 eas
271 1291 480 1347 adreptas,
504 1291 646 1331 effusis
665 1289 859 1331 omnibus
879 1289 934 1330 ad
954 1291 1187 1346 sequendos
1211 1293 1493 1344 Suessetanos,
1516 1310 1601 1351 qua

182 1348 392 1390 silentium
420 1361 467 1388 ac
498 1347 680 1388 solitudo
709 1354 812 1397 erat,
834 1347 877 1387 in
898 1347 1045 1388 urbem
1065 1347 1252 1390 inducit:
1285 1351 1488 1407 priusque
1514 1367 1600 1392 om-

181 1406 252 1446 nia
285 1404 410 1461 cepit,
444 1420 572 1461 quam
605 1420 648 1445 se
681 1404 913 1459 reciperent
949 1404 1161 1446 Lacetani.
1204 1421 1302 1447 mox
1337 1406 1462 1463 ipsos,
1494 1409 1599 1450 nihil

181 1470 336 1518 praeter
357 1477 472 1503 arma
490 1462 706 1511 habentes,
726 1461 770 1501 in
789 1460 1045 1502 deditionem
1067 1463 1237 1518 accepit.

241 1519 379 1560 XXI.
413 1518 644 1559 Confestim
673 1517 771 1558 inde
801 1517 934 1558 victor
954 1517 1008 1558 ad
1030 1518 1232 1574 Vergium
1256 1527 1440 1561 castrum
1467 1521 1595 1565 ducit.

181 1575 493 1632 receptaculum
523 1574 567 1615 id
595 1574 775 1615 maxime
805 1573 1052 1630 praedonum
1073 1583 1186 1617 erat:
1219 1584 1260 1617 et
1281 1576 1378 1617 inde
1399 1577 1600 1620 incursio-

182 1647 256 1674 nes
287 1633 331 1674 in
363 1647 485 1688 agros
513 1639 683 1687 pacatos
701 1630 966 1687 fflprovineiae
997 1632 1087 1688 ejus
1116 1633 1284 1674 fiebant.
1347 1634 1598 1692 Transfugit

181 1690 278 1730 inde
307 1690 362 1730 ad
391 1689 601 1730 consulem
632 1687 823 1744 princeps
854 1688 1149 1743 Vergestanus,
1185 1697 1231 1730 ets
1262 1704 1445 1746 purgare
1475 1708 1517 1733 se
1551 1709 1599 1734 ac

178 1746 402 1804 populares
416 1745 569 1803 coepit;
604 1760 682 1785 non
706 1760 785 1786 esse
805 1747 849 1786 in
865 1759 987 1786 manu
1007 1747 1107 1799 ipsis
1122 1748 1417 1800 rempublicam.
1435 1752 1600 1802 praecio-

179 1818 249 1846 nes
268 1810 445 1856 receptos
473 1809 597 1844 totum
626 1816 708 1843 szcce
728 1803 944 1856 potestatis
964 1803 1010 1844 id
1028 1810 1200 1844 castrum
1213 1804 1379 1858 ficisse.
1441 1807 1599 1848 Consul

181 1877 277 1903 eum
300 1861 471 1901 domum
501 1859 651 1910 redire,
673 1860 850 1901 conficta
869 1859 1011 1916 aliqua
1039 1861 1262 1916 probabili,
1284 1877 1360 1903 cur
1380 1862 1596 1915 abfuisset,

180 1933 338 1968 caussa,
363 1918 503 1974 jussit.
567 1918 692 1965 Quum
723 1932 764 1959 se
792 1931 923 1958 muros
952 1917 1100 1959 subisse
1128 1925 1321 1969 cerneret,
1351 1920 1598 1975 intentosque

174 1976 389 2030 praedones
404 1976 462 2015 ad
480 1977 628 2015 tuenda
645 1975 792 2015 moenia
814 1989 894 2016 esse
900 1996 916 2021 ;
949 1981 1030 2016 tum
1046 1976 1206 2017 uticum
1221 1990 1303 2017 sua:
1305 1977 1513 2031 factionis
1526 1979 1597 2019 lto-

178 2032 351 2074 minibus
370 2033 609 2073 meminisset
629 2047 759 2073 arcem
778 2045 984 2085 occupare.
1045 2032 1114 2083 Id,
1137 2033 1201 2074 uti
1222 2042 1492 2090 praeceperat,
1512 2035 1597 2076 fac-

181 2099 286 2132 tum.
349 2090 539 2145 Repente
575 2104 724 2146 anceps
756 2097 904 2140 terror,
939 2089 1037 2130 hinc
1071 2105 1213 2131 muros
1247 2091 1597 2134 adscendentibus

180 2146 397 2196 Romanis,
413 2146 527 2187 illinc
548 2161 640 2187 arce
661 2155 796 2204 capta,
817 2146 1018 2188 barbaros
1037 2146 1315 2189 circumvasit.
1358 2149 1504 2205 Hujus
1524 2164 1598 2205 po-

179 2204 287 2246 titus
313 2203 393 2245 loci
417 2203 562 2244 consul
582 2218 664 2254 eos,
687 2204 761 2259 qui
791 2218 927 2244 arcem
957 2212 1192 2254 tenuerant,
1213 2204 1366 2246 liberos
1393 2221 1479 2247 esse
1499 2221 1595 2247 cum

181 2258 380 2318 cognatis,
413 2275 572 2316 suaque
601 2260 754 2302 habere
778 2261 930 2317 jussit:
973 2261 1249 2317 Vergestanos
1279 2271 1450 2313 ceteros,
1482 2279 1597 2319 quae-

180 2318 298 2369 stori,
332 2326 381 2359 ut
417 2317 629 2368 venderet,
664 2317 908 2374 imperavit:
954 2317 1006 2363 de
1035 2318 1306 2373 praedonibus
1342 2320 1597 2376 supplicium

182 2375 340 2417 sumsit.
402 2375 558 2416 Pacata
590 2374 818 2430 provincia,
855 2374 1074 2431 vectigalia
1101 2390 1254 2431 magna
1286 2376 1469 2418 instituit
1500 2376 1533 2403 ⁷⁰
1545 2392 1596 2418 ex

180 2430 364 2473 ferrariis
393 2432 749 2487 argentarijsque;
793 2431 950 2488 quibus
979 2440 1071 2473 tum
1099 2431 1319 2484 institutis,
1350 2433 1597 2490 locupletior

181 2486 228 2528 in
246 2488 334 2531 dies
352 2489 568 2545 provincia
590 2488 686 2530 fuit.
743 2489 815 2530 Ob
844 2488 920 2531 has
948 2503 1014 2529 res
1036 2497 1181 2544 ,gestas
1198 2489 1245 2530 in
1265 2490 1473 2546 Hispania
1499 2505 1596 2546 sup-

184 2543 447 2599 plicationem
466 2545 510 2586 in
529 2545 721 2588 triduum
742 2547 890 2587 Patres
911 2545 1197 2587 decreverunt.

242 2600 406 2645 XXII.
433 2602 595 2644 Eadem
616 2610 759 2644 aestate
780 2602 885 2646 alter
905 2602 1049 2644 consul
1076 2602 1128 2643 L.
1147 2602 1336 2644 Valerius
1358 2604 1534 2645 Flaccus
1553 2602 1596 2644 in

228 2733 472 2765 69⁸Pr0vinc1he
505 2736 582 2778 ans]
628 2736 792 2779 Superflua
822 2742 869 2767 est
956 2737 997 2767 70
1022 2737 1067 2767 Er
1082 2736 1228 2778 ferrariis
1250 2737 1498 2778 argmztariisqtte]
1536 2737 1595 2768 Fo-

187 2785 246 2805 vox
272 2777 344 2815 ejus.
387 2777 545 2809 Provincia
571 2779 616 2810 sic
639 2780 722 2811 nude
747 2785 779 2811 et
803 2779 869 2812 sine
912 2779 994 2811 dinis
1008 2785 1039 2811 et
1060 2779 1190 2811 officinis
1205 2779 1244 2810 ad
1261 2779 1375 2809 ferrum
1389 2786 1420 2810 et
1435 2785 1597 2821 argentum

187 2817 399 2850 additamento
417 2819 518 2861 posita
539 2821 691 2865 significat
713 2823 868 2866 regionem
913 2823 1096 2859 eruendum,
1136 2821 1383 2863 excoquendum,
1422 2833 1595 2867 expurgan-

186 2866 348 2903 parentem
365 2861 524 2894 Romanis.
911 2865 1051 2907 dumque
1066 2863 1223 2897 institutis.
1373 2869 1375 2873 ⁴
1422 2890 1429 2894 .
1579 2878 1582 2880 ’

984 2909 1059 2950 24

1617 229 1659 261 U.
1673 230 1708 262 C.
1720 231 1796 262 557.

1616 272 1660 305 A.
1671 275 1708 304 C.
1725 274 1797 306 196.

1607 2613 1750 2645 Valerius

1608 2659 1684 2705 C'os.⁴
1693 2657 1787 2688 Boios

1605 2706 1711 2732 Vincit.
