1947 3222
497 124 616 163 LIB.
646 122 822 161 XXXII.
862 123 939 160 CA
955 123 996 160 Ρ.
1025 123 1155 160 XVII.
1483 121 1531 161 63

118 242 446 289 ornamentaque
464 233 556 289 ejus
585 231 746 288 generis
776 230 913 287 plura,
935 245 1063 286 quam
1085 244 1162 286 pro
1190 231 1305 272 urbis
1324 231 1533 288 magnitu-
1549 239 1588 271 U.
1602 239 1639 271 C.
1652 241 1724 271 554.

117 289 215 331 dine
235 299 309 333 aut
329 289 479 346 opibus
499 289 659 338 ceteris,
681 288 860 329 inventa.
1546 283 1587 313 A·
1601 283 1639 314 C·
1652 283 1726 315 198.

177 348 330 389 XVII.
363 347 569 402 Carystus
597 345 694 387 inde
724 344 926 401 repetita3
972 344 1098 395 unde,
1163 342 1377 400 riusquam
1408 361 1429 385 e
1464 360 1535 386 na-
1548 359 1697 400 Carystus

119 403 244 446 vibus
273 403 404 459 copiae
433 411 757 459 exponerentur,
783 402 916 443 omnis
947 359 1192 450 multitudb,
1221 401 1326 441 urbe
1356 401 1533 452 deserta,
1547 408 1650 446 capta.

119 460 162 501 in
189 475 322 502 arcem
357 459 559 515 confugit.
622 459 728 500 Inde
763 459 817 499 ad
852 459 978 500 fidem
1008 459 1060 500 ab
1092 458 1284 498 Romano
1312 458 1535 514 petendam

119 526 302 559 oratores
331 517 519 558 mittunt.
557 516 778 573 oppidanis
808 515 1019 572 extemplo
1048 515 1136 556 vita
1165 529 1212 555 ac
1242 514 1412 556 libertas
1442 529 1537 555 con-

121 589 234 615 cessa
264 581 352 615 est:
397 573 705 615 Macedonibus
736 572 770 597 ⁶⁸
783 573 936 614 treceni
970 571 1129 614 nummi
1165 572 1208 612 in
1238 571 1377 628 capita
1406 579 1537 613 statu-

121 639 213 673 tum
234 638 296 672 est
325 631 525 687 pretium,
548 639 589 672 et
612 639 659 672 ut
680 630 804 671 armis
835 630 1001 672 traditis
1022 629 1196 671 abirent.
1258 630 1353 669 Hac
1376 643 1538 672 summa

120 687 312 738 redemti,
353 688 396 728 in
441 687 646 729 Boeotiam
697 688 873 729 inermes
922 687 1097 743 trajecti.
1170 686 1351 726 Navales
1390 686 1537 741 copiae,

119 744 287 786 duabus
307 744 428 786 claris
454 744 633 786 urbibus
654 745 834 786 Euboeae
864 745 976 786 intra
999 743 1088 785 dies
1117 758 1272 799 paucos
1293 742 1441 799 captis,
1462 742 1540 783 cir-

119 809 350 843 cumvectae
383 801 560 843 Sunium
591 801 749 843 Atticae
779 810 902 843 terrae
930 800 1278 857 promontorium,
1307 799 1541 841 Cenchreas

122 858 438 900 Corinthiorum
478 858 711 915 emporium
750 858 975 915 petierunt.
1049 857 1209 899 Consul
1247 857 1414 898 interim
1454 871 1540 898 om·
1552 871 1651 903 Atrax
1667 881 1735 913 per-

122 915 240 956 nium
280 930 353 972 spe
392 915 425 940 ⁶9
438 915 665 971 longiorem
704 915 1037 969 atrocioremque
1076 913 1434 969 obpugnationem
1468 913 1693 963 ha-tinacitt?r

123 972 244 1014 buit:
288 981 330 1014 et
361 988 424 1024 ea,
455 987 541 1028 qua
570 971 788 1013 minimum
819 970 1076 1021 credidisset,
1107 969 1355 1011 resistebant
1386 970 1538 1012 hostes.
1552 958 1739 990 defenduur.

123 1043 219 1070 nam
250 1044 414 1071 omnem
444 1029 627 1070 laborem
651 1029 693 1069 in
718 1044 840 1070 muro
870 1027 1076 1068 diruendo
1106 1026 1341 1068 crediderat
1360 1026 1474 1069 fore:
1507 1027 1540 1068 si

123 1085 287 1127 aditum
316 1085 484 1127 armatis
513 1085 557 1126 in
586 1085 732 1127 urbem
763 1084 1040 1142 patefecisset,
1062 1084 1208 1139 fugam
1239 1083 1336 1124 inde
1366 1083 1542 1125 caedem-

123 1157 208 1198 que
230 1142 415 1184 hostium
444 1142 549 1193 fore,
570 1142 708 1199 qualis
737 1141 870 1198 captis
899 1141 1077 1183 urbibus
1096 1141 1186 1182 fieri
1207 1140 1323 1182 solet.
1355 1150 1540 1182 ceterum

123 1206 362 1255 postquam,
393 1207 513 1256 parte
542 1199 652 1240 muri
687 1199 889 1240 arietibus
923 1198 1111 1249 decussa,
1150 1212 1223 1254 per
1257 1198 1368 1254 ipsas
1400 1198 1542 1240 ruinas

121 1256 467 1298 transcenderunt
488 1256 531 1297 in
550 1257 699 1298 urbem
719 1255 883 1307 armati,
904 1255 1011 1296 illud
1031 1255 1284 1312 principium
1306 1255 1423 1297 velut
1444 1256 1542 1296 novi

123 1319 252 1368 atque
281 1313 435 1369 integri
465 1313 618 1355 laboris
637 1314 733 1355 fuit.
764 1327 861 1354 nam
883 1313 1152 1363 Macedones,
1174 1310 1257 1368 qui'
1276 1311 1320 1352 in
1347 1312 1543 1368 praesidio

124 1377 244 1412 erant
272 1378 315 1412 'et
346 1370 469 1412 multi
502 1378 544 1412 et
575 1370 740 1422 delecti,
771 1370 948 1426 gloriam
980 1370 1106 1411 etiam
1141 1368 1352 1425 egregiam
1382 1369 1477 1420 rati,
1510 1370 1543 1411 si

123 1426 249 1468 armis
275 1428 418 1483 potius
447 1436 488 1470 et
518 1427 690 1478 virtute,
722 1443 850 1484 quam
880 1427 1102 1477 moenibus,
1130 1427 1279 1467 urbem
1306 1434 1542 1478 tuerentur,

125 1483 317 1534 conferti,
352 1484 547 1540 pluribus
581 1486 786 1526 introrsus
820 1484 1038 1525 ordinibus
1073 1483 1160 1525 acie
1193 1483 1372 1534 firmata,
1409 1499 1543 1539 quum

126 1541 417 1582 transcendere
446 1542 590 1582 ruinas
619 1542 839 1582 sensissent
871 1542 1097 1591 Romanos,
1126 1555 1201 1597 per
1229 1540 1466 1596 inpeditum
1496 1556 1544 1582 ac

126 1595 335 1638 difficilem
358 1597 412 1639 ad
435 1606 650 1654 receptum
680 1598 818 1639 locum
848 1597 1114 1654 expulerunt.
1176 1598 1229 1637 In
1259 1597 1404 1638 consul
1433 1613 1545 1653 aegre

127 1666 289 1709 passus,
320 1669 395 1695 nec
429 1669 520 1696 eam
550 1655 819 1710 ignominiam
855 1654 908 1695 ad
939 1655 1065 1695 unius
1094 1653 1219 1694 modo
1249 1655 1544 1711 expugnandae

129 1724 287 1751 moram
316 1711 448 1762 urbis,
471 1711 544 1752 sed
573 1711 627 1752 ad
657 1726 862 1752 summam
893 1711 1075 1751 universi
1104 1710 1229 1761 belli,
1245 1710 1452 1766 pertinere
1482 1727 1546 1752 ras

129 1774 214 1817 tus,
235 1767 351 1823 quod
371 1783 423 1809 ex
444 1768 664 1809 momentis
692 1783 917 1825 parvarum
947 1768 1198 1824 plerumque
1227 1782 1368 1808 rerum
1391 1768 1546 1824 pende-

129 1831 208 1874 ret,
229 1833 412 1880 purgato
442 1825 547 1876 loco,
569 1825 643 1881 qui
674 1837 812 1881 strage
842 1824 1029 1866 semiruti
1051 1824 1160 1865 muri
1181 1824 1421 1866 cumulatus
1442 1834 1544 1875 erat,

124 1885 314 1921 tul-rems
341 1882 522 1937 ingentis
551 1882 800 1933 altitudinis,
822 1897 1015 1938 magnam
1046 1882 1131 1922 vim
1160 1889 1417 1923 armatorum
1440 1882 1548 1923 mul-

131 1937 263 1992 tiplici
294 1939 484 1980 tabulato
512 1947 765 1996 portantem,
786 1940 1020 1995 promovit:
1053 1947 1096 1980 et
1121 1939 1311 1980 cohortes
1341 1938 1384 1979 in
1414 1939 1545 1980 vicem

130 1994 210 2035 sub
239 1994 382 2050 signis,
402 2011 504 2052 quae
534 2012 714 2038 cuneum
742 1996 1038 2046 Macedonum,
1066 1995 1336 2052 (phalangem
1365 1996 1446 2051 ipsi
1477 2012 1548 2037 vo-

130 2053 246 2106 cant)
278 2052 312 2093 si
342 2061 524 2108 possent,
546 2053 586 2094 vi
611 2061 944 2110 perrumperent,
970 2053 1200 2095 emittebat.
1263 2052 1346 2092 Sed
1374 2053 1429 2093 ad
1459 2054 1548 2094 loca

131 2116 325 2163 angusta,
348 2109 463 2151 haud
484 2110 566 2152 late
590 2119 760 2167 patente
790 2110 1009 2152 intervallo
1031 2110 1163 2151 diruti
1184 2109 1309 2159 muri,
1331 2124 1465 2165 genus
1484 2125 1548 2151 ar-

658 2200 673 2225 f
686 2207 794 2245 turrim
810 2204 907 2236 Gron.
922 2204 1013 2236 Crev.

175 2287 217 2318 68
243 2287 362 2318 Trea-eni
383 2288 512 2329 nummi]
546 2289 665 2326 Quales
678 2289 711 2319 hi
728 2299 817 2319 num-

133 2328 198 2360 mi?
226 2330 374 2362 Graecine
397 2341 437 2362 an
454 2332 611 2362 Romani?
642 2332 819 2363 Drachmas

133 2372 352 2415 intelligendas
377 2385 444 2406 esse
469 2374 561 2406 facile
588 2374 819 2406 crediderimus,

135 2415 177 2446 Id
214 2422 249 2446 ut
283 2416 484 2459 suspicemur,
515 2417 633 2448 faciunt
660 2418 759 2460 pretia
787 2418 819 2448 in

134 2457 239 2500 capita
261 2459 475 2491 Romanorum
497 2461 664 2491 constituta
687 2462 726 2492 ab
752 2461 819 2491 An-

136 2501 240 2533 nibale
269 2509 338 2544 post
366 2513 503 2545 pugnarn
532 2504 742 2538 Cannensem,
769 2514 819 2534 su-

137 2553 193 2585 pra
220 2544 242 2574 1.
271 2546 381 2576 XXII.
414 2556 442 2577 c.
471 2547 523 2577 58.
557 2549 647 2587 equiti
680 2549 821 2588 quingeni

137 2588 307 2629 quadrigati
371 2591 495 2625 nummi,
550 2591 643 2629 pediti
701 2592 820 2620 treceni.

141 2629 322 2672 Quadrigati
343 2631 437 2670 enim,
461 2632 580 2663 denarii
602 2638 683 2668 sunt,
708 2633 820 2674 quibus

138 2681 228 2713 pares
257 2673 424 2705 drachmae.
467 2675 629 2706 Trecentae
665 2676 819 2706 drachmae

141 2714 281 2746 efficiunt
308 2727 428 2748 marcas
458 2718 577 2758 argenti
613 2724 764 2749 nostrates
790 2720 820 2750 4.

140 2766 213 2787 cum
235 2757 370 2800 quinque
384 2760 484 2791 unciis
499 2767 530 2791 et
543 2762 712 2792 semuncia.
758 2761 820 2793 Ce-

140 2803 240 2847 terum
269 2800 422 2833 edidimus
456 2805 575 2840 treceni,
605 2813 660 2846 pro
687 2806 819 2839 trecenti,

140 2847 186 2873 ita
205 2842 379 2875 volentibus
399 2843 521 2878 Thuan.
546 2852 578 2877 et
597 2847 682 2879 vict.
706 2846 820 2878 codici-

140 2885 211 2926 bus,
238 2891 269 2918 et
297 2887 470 2928 postulante
505 2889 654 2921 sermonis
687 2889 821 2932 proprie-

861 2294 935 2321 tate.

904 2334 945 2364 69
978 2333 1150 2375 Longiorem
1182 2334 1408 2373 atrocioremque
1435 2344 1547 2375 oppug-

861 2376 1023 2416 ovationem]
1081 2377 1155 2407 Non
1197 2374 1350 2406 immerito
1391 2375 1548 2406 existimat

865 2418 1039 2450 Gronovius
1064 2418 1242 2460 legendum,
1271 2419 1426 2459 longiorem
1449 2422 1546 2450 Atra-

863 2463 914 2497 cis,
953 2462 1000 2492 vel
1037 2463 1075 2492 ad
1109 2466 1252 2493 Atracem
1293 2463 1546 2503 oppugnationem.

864 2504 914 2535 Sic
937 2504 1046 2535 clarior
1066 2504 1207 2546 procedit
1228 2504 1336 2535 oratio.
1382 2505 1421 2534 Et
1435 2515 1547 2535 conve-

863 2546 969 2578 niebat
994 2547 1129 2589 profecto
1159 2547 1292 2582 Livium,
1320 2546 1395 2577 dum
1424 2547 1474 2577 hic
1501 2559 1546 2577 re—

863 2591 939 2631 petit
975 2590 1181 2621 narrationem
1215 2589 1454 2631 oppugnationis
1491 2590 1547 2620 hu·

858 2633 911 2674 jus
941 2633 1035 2669 urbis,
1063 2633 1132 2664 aliis
1158 2631 1344 2674 interpositis
1374 2633 1464 2663 rebus
1491 2631 1547 2662 ali-

864 2676 1044 2719 quantisper
1072 2677 1227 2710 omissam,
1257 2685 1369 2705 nomen
1398 2674 1464 2715 ejus
1493 2686 1546 2717 ap-

863 2729 992 2761 ponere:
1032 2719 1115 2760 quod
1148 2718 1284 2761 quidem,
1313 2727 1407 2758 quum
1438 2727 1547 2758 parum

864 2762 985 2793 celebre
1020 2762 1069 2797 sit,
1098 2767 1305 2804 opportunum
1336 2759 1394 2790 fuit
1423 2770 1546 2803 corrup-

863 2804 992 2841 toribus,
1012 2805 1065 2846 qui
1087 2804 1165 2836 illud
1187 2805 1252 2846 jam
1275 2801 1373 2845 priore
1394 2802 1472 2840 loco,
1496 2815 1547 2835 su-

865 2858 921 2892 pra
935 2858 962 2879 c.
982 2849 1032 2880 15.
1047 2846 1240 2879 vitiaverant.
