1947 3222
136 241 179 273 U.

134 284 177 315 A.

135 517 307 549 Pleminius

136 568 273 591 necatus.

137 918 277 950 Coloniae

136 962 240 1002 plures
254 961 307 993 de-

135 1004 248 1036 ductae.

143 1707 299 1750 Prodigia.

192 242 230 272 C.
242 240 318 271 558.

192 284 231 315 C.
246 283 317 314 194.

353 120 427 162 172
878 117 1030 183 ιΤΙΤΙ
1069 116 1236 155 L1V11

349 225 508 268 miscuo
548 227 805 283 spectabant.
879 226 1112 283 Equitibus
1147 241 1316 282 quoque
1355 225 1575 282 perpaucis
1604 220 1768 267 ‘ademti

349 283 464 339 equi,
484 298 560 324 nec
584 283 626 324 in
648 284 783 325 ullum
803 283 999 324 ordinem*
1013 284 1218 324 saevitum.
1279 282 1454 324 Atrium
1477 281 1708 324 Libertatis
1727 290 1769 323 et

349 339 500 380 ‘¹⁹Villa
529 341 700 396 publica
728 341 781 381 ab
811 340 967 381 eisdem
1001 340 1156 380 refecta
1184 339 1532 395 amplificataque.
1594 338 1680 379 Ver
1709 354 1772 380 sa.-

349 411 468 438 crum
498 396 533 421 ⁵⁰
544 396 722 453 ludique
756 396 902 446 votivi,
933 411 1039 450 quos
1074 404 1245 437 voverat
1280 397 1365 437 Ser.
1391 395 1601 452 Sulpicius
1633 395 1773 437 Galba

350 453 510 504 consul,
550 453 662 495 facti.
744 454 887 502 Quum
934 452 1172 507 spectaculo
1215 467 1358 493 eorum
1404 452 1598 508 occupati
1644 451 1770 492 animi

349 511 538 551 omnium
567 518 717 560 essent,
737 508 828 558 ⁵1Q.
852 507 1097 558 Pleminius,
1119 509 1194 564 qui
1223 517 1396 565 propter
1425 509 1561 550 multa
1589 508 1632 549 in
1658 509 1772 549 Deos

348 567 623 622 hominesque
654 566 820 615 scelera,
844 565 1006 614 Locris,
1031 564 1224 615 admissa,
1253 565 1295 606 in
1325 581 1529 606 carcerem
1560 566 1773 621 conjectus

348 623 503 673 fuerat,
525 629 837 678 comparaverat
857 621 1058 671 homines,
1081 621 1154 677 qui
1175 622 1370 678 pluribus
1392 622 1515 663 simul
1536 621 1634 663 locis
1655 622 1773 664 urbis

350 688 470 721 nocte
490 679 682 720 incendia
701 679 910 725 facerent3
944 686 993 719 ut
1024 677 1066 718 in
1096 686 1358 720 consternata
1387 687 1592 720 nocturno
1614 678 1771 719 tumul-

350 745 399 777 tu
420 736 589 777 civitate
617 735 791 791 refringi
822 750 960 776 carcer
990 743 1141 791 posset.
1173 750 1222 775 ea
1247 750 1312 776 res
1340 735 1494 776 indicio
1515 735 1773 790 consciorum

349 792 489 848 palam
517 792 644 843 facta,
666 792 888 848 delataque
918 791 972 832 ad
1003 800 1192 833 senatum
1213 799 1287 832 est.
1350 791 1580 833 Pleminius
1598 791 1632 815 ⁵²
1644 791 1686 833 in
1714 791 1775 833 in-

350 849 543 890 feriorem
565 848 769 890 demissus
790 864 993 890 carcerem
1016 858 1093 898 est,
1114 856 1384 904 necatusque.

369 946 371 948 ,
409 906 552 946 XLV.
587 905 772 947 Coloniae
812 906 967 946 civium
1009 906 1296 946 Romanorum
1341 920 1389 946 eo
1433 920 1541 946 anno
1579 905 1774 947 deductae

352 971 450 1004 sunt
484 962 698 1013 Puteolos,
730 962 1006 1012 Vulturnum,
1038 962 1288 1009 Liternum3
1326 961 1481 1003 treceni
1515 961 1702 1003 homines
1730 963 1775 1003 in

352 1019 550 1075 singulas.
612 1020 724 1061 Item
773 1019 991 1061 Salernum
1032 1019 1364 1074 Buxentumque
1404 1018 1577 1060 coloniae
1620 1019 1776 1060 civium

353 1077 642 1117 Romanorum
670 1076 864 1118 deductae
895 1084 1004 1117 sunt.
1035 1075 1288 1116 ⁵³deduxere
1318 1074 1543 1126 triumviri,
1567 1075 1635 1116 Ti.
1662 1077 1776 1116 Sem-

351 1133 525 1190 pronius
546 1134 737 1188 Longus,
759 1132 830 1189 qui
855 1141 946 1174 tum
968 1131 1112 1173 consul
1141 1140 1256 1180 erat3
1289 1133 1356 1172 M.
1381 1132 1594 1182 Servilius,
1618 1133 1667 1183 Q.
1691 1131 1777 1172 Mi-

351 1189 501 1232 nucius
524 1190 748 1230 Thermus.
810 1190 928 1245 Ager
957 1188 1116 1230 divisus
1146 1197 1223 1238 est,
1245 1189 1318 1244 qui
1346 1189 1656 1244 Campanorum
1686 1189 1777 1229 fue-

351 1255 429 1288 rat.
493 1247 715 1303 Sipontum
735 1246 836 1288 item
865 1247 908 1287 in
930 1260 1094 1301 agrum,
1116 1245 1191 1301 qui
1213 1246 1469 1301 Arpinorum
1489 1246 1643 1296 fuerat,
1665 1245 1775 1286 colo-

352 1304 464 1344 niam
489 1303 644 1344 civium
665 1304 953 1344 Romanorum
984 1302 1054 1343 alii
1083 1302 1308 1352 triumviri,
1331 1303 1387 1342 D.
1409 1303 1438 1342 J
1443 1303 1566 1343 unius
1597 1304 1774 1352 Brutus,

354 1361 418 1401 M.
435 1360 606 1402 Baebius
627 1360 896 1416 Tamphilus,
919 1360 983 1400 M.
1003 1359 1184 1400 Helvius
1205 1359 1485 1400 deduxerunt.
1547 1360 1775 1415 Tempsam

351 1417 454 1458 item
494 1425 536 1459 et
573 1418 797 1458 Crotonem
837 1417 993 1458 civium
1030 1417 1318 1456 Romanorum
1358 1414 1529 1456 coloniae
1567 1415 1774 1456 deductae.

356 1475 622 1529 Tempsanus
652 1489 751 1529 ager
772 1473 824 1514 de
846 1473 1028 1514 Bruttiis
1048 1480 1199 1528 captus
1228 1480 1316 1513 erat
1335 1488 1343 1512 :
1376 1470 1409 1494 ⁵⁴¹
1420 1472 1581 1513 Bruttii
1605 1472 1777 1513 Graecos

354 1531 615 1586 expulerant.
678 1531 904 1572 Crotonem
950 1529 1089 1571 Graeci
1135 1529 1358 1570 habebant.
1421 1528 1655 1569 Triumviri
1697 1529 1775 1570 Cn.

354 1587 570 1638 Octavius,
613 1587 665 1628 L.
698 1586 897 1627 AEmilius
937 1586 1128 1634 Paullus,
1172 1587 1219 1626 C.
1253 1585 1477 1627 Plaetorius
1519 1586 1774 1634 Crotonem;

355 1645 585 1699 Tempsam
607 1645 658 1684 L.
675 1643 895 1684 Cornelius
917 1643 1088 1683 Merula
1105 1641 1139 1666 ⁵⁵
1152 1650 1194 1684 et
1216 1643 1266 1683 C.
1286 1642 1478 1683 Salonius
1493 1641 1774 1684 deduxerunt.

355 1700 556 1757 Prodigia
585 1715 755 1757 quoque
790 1699 871 1741 alia
899 1700 988 1740 visa
1016 1715 1066 1740 eo
1100 1713 1207 1739 anno
1241 1699 1388 1740 Romae
1419 1707 1530 1749 sunt,
1562 1699 1643 1740 alia
1670 1714 1777 1741 nun-

355 1757 482 1810 ciata.v
538 1758 591 1798 In
630 1757 737 1808 foro,
770 1765 812 1799 et
847 1756 1030 1807 comitio,
1067 1764 1108 1798 et
1146 1755 1355 1811 Capitolio
1390 1755 1603 1811 sanguinis
1641 1764 1780 1812 guttae

399 1882 440 1914 49
467 1882 546 1913 Villa
559 1882 695 1924 publica]
718 1881 796 1914 vid.
813 1887 875 1914 not.
893 1883 943 1913 13.
967 1881 1007 1913 ad
1022 1881 1042 1912 1.

356 1925 418 1956 IV.
433 1936 461 1956 c.
475 1926 528 1956 22.

1088 1878 1252 1912 verisimile
1278 1890 1341 1911 non
1369 1890 1446 1917 esse,
1474 1879 1590 1912 colonis
1615 1880 1776 1912 Salernum

1088 1923 1121 1954 in
1150 1922 1338 1959 Picentinos,
1364 1924 1544 1955 Buxentum
1571 1923 1604 1954 in
1634 1924 1778 1955 Lucanos

398 1970 441 1999 50
464 1969 600 2009 Luciique
625 1969 724 2003 votivi,
747 1979 814 2008 quos
841 1974 955 1998 voverat
983 1967 1046 1998 Ser.

356 2011 506 2051 Sulpicius
535 2011 631 2041 Galba
658 2011 774 2051 consul]
810 2011 894 2052 Lege
921 2011 959 2041 P.
977 2010 1046 2041 Sul-

352 2056 459 2093 picius.
503 2054 565 2085 Hic
585 2053 686 2095 agitur
701 2053 741 2085 de
762 2053 845 2084 ludis
864 2052 943 2084 votis
959 2052 1047 2084 initio

357 2097 558 2128 Macedonici
584 2097 671 2133 belli,
695 2096 735 2128 de
760 2096 873 2137 quibus
897 2107 1001 2138 supra,
1025 2096 1047 2127 l.

356 2140 482 2170 XXXI.
500 2151 526 2171 c.
543 2141 575 2171 9.
620 2140 689 2171 Nec
706 2139 788 2170 ullus
803 2150 858 2182 per
880 2139 936 2171 hos
951 2148 1048 2171 annos

357 2183 423 2214 Ser.
439 2183 595 2225 Sulpicius
607 2183 715 2214 consul
729 2181 795 2213 fuit.

399 2227 438 2257 51
466 2226 503 2260 Q.
519 2226 692 2262 Pleminius,
721 2227 772 2265 qui
799 2227 931 2268 propter]
972 2224 1048 2257 Vid-

357 2279 461 2310 supra,
477 2269 498 2299 1.
516 2269 641 2299 XXIX.
657 2280 686 2300 c.
700 2269 754 2299 22.

401 2313 442 2342 52
466 2311 504 2342 In
527 2312 694 2353 iuferiorem
716 2311 876 2352 carcerem]
909 2311 949 2341 In
971 2310 1047 2340 Tul-

358 2354 488 2390 lianum,
517 2354 556 2386 de
584 2365 646 2396 quo
678 2354 750 2386 vide
784 2360 847 2386 not.
875 2353 917 2385 ad
944 2354 1047 2384 locum

358 2397 450 2429 modo
464 2403 678 2428 memoratum.

399 2441 441 2472 53
465 2440 619 2471 Dedurere
652 2441 813 2475 triumviri,
850 2440 895 2470 Τι’.
917 2439 1048 2478 Sempro-

356 2483 440 2525 nius]
479 2482 554 2514 Vid.
579 2493 672 2525 supra
693 2483 715 2513 l.
735 2483 879 2514 XXXII.
901 2483 994 2513 c.29.
1018 2487 1049 2512 ct

359 2531 422 2557 not.
436 2527 488 2557 45.
504 2525 544 2557 ad
560 2536 589 2556 c.
601 2527 654 2556 42.
671 2525 762 2567 hujus
776 2525 856 2556 libri.
881 2526 976 2555 Porro
991 2524 1048 2555 mi-

357 2580 425 2601 rum
447 2568 544 2599 videri
569 2578 629 2598 non
648 2568 741 2600 debet
767 2569 821 2599 lios
844 2568 924 2599 solos
946 2567 1044 2598 nomi-

358 2611 424 2644 nari
460 2611 632 2642 triumviros
667 2611 698 2641 in
735 2611 871 2653 quinque
908 2610 1045 2641 colonias

358 2654 568 2686 deducendas.
614 2654 734 2685 Eodem
771 2654 862 2685 modo
895 2652 986 2689 infra,
1023 2652 1044 2684 l.

356 2698 514 2729 XXXIX.
533 2708 559 2728 c.
575 2697 628 2728 23.
651 2696 773 2728 duabus
796 2696 924 2727 coloniis
945 2695 1043 2726 dedu-

357 2740 474 2777 cendis,
513 2741 690 2771 Buxentum
735 2739 849 2775 Inscro,
887 2739 1049 2780 Sipontum

358 2786 475 2824 Supero
502 2783 577 2814 inari
606 2793 702 2813 unum
731 2781 955 2814 triumvirorum
985 2780 1048 2811 col-

358 2826 471 2867 legium
496 2825 672 2867 praeficitur.
700 2825 777 2856 Vid.
799 2825 868 2857 etl.
892 2824 1046 2855 XXXIX.

357 2880 384 2899 e.
405 2870 453 2900 44.
478 2869 571 2906 Quod
595 2875 698 2900 autem
713 2869 855 2901 observat
872 2867 1048 2900 Glareanus

1089 1966 1232 1998 deductis
1247 1965 1378 1998 divisum
1401 1977 1468 1998 esse
1491 1966 1665 2010 agrum-qui
1681 1967 1777 1998 Cam-

1088 2020 1240 2052 panorum
1273 2009 1384 2045 suerat,
1418 2009 1447 2040 ei
1481 2009 1673 2041 assentimur.
1716 2009 1779 2041 Sed

1089 2052 1234 2084 videntur
1262 2051 1329 2083 haec
1360 2052 1463 2089 verba,
1492 2063 1564 2094 ager
1590 2054 1699 2083 divisus
1725 2059 1778 2089 est,

1089 2098 1140 2136 qui
1165 2096 1382 2134 Campanorum
1397 2095 1518 2137 fuerat,
1545 2095 1627 2126 male
1649 2094 1779 2136 trajecta

1091 2149 1169 2174 esse,
1185 2144 1217 2169 et
1239 2138 1352 2169 retrahi
1371 2138 1483 2170 debere
1506 2138 1538 2169 in
1561 2137 1728 2180 superiora,
1743 2143 1779 2168 ut

1091 2181 1303 2222 intelligantur
1325 2181 1364 2212 de
1387 2181 1459 2212 solis
1481 2180 1597 2212 colonis
1619 2180 1778 2217 Puteolos,

1092 2224 1294 2261 Vulturnum,
1333 2223 1493 2255 Liternum
1525 2222 1676 2259 deductis,
1707 2233 1779 2264 quae

1091 2273 1163 2298 sunt
1178 2266 1360 2309 Campaniae
1373 2266 1500 2310 oppida.
1543 2267 1698 2307 Legamus
1719 2265 1778 2307 igi-

1091 2315 1158 2341 tur:
1185 2311 1314 2341 Colonioe
1336 2332 1345 2341 .
1361 2332 1370 2341 .
1385 2332 1394 2340 .
1412 2311 1546 2340 deducta*
1572 2315 1641 2339 sunt
1668 2308 1778 2339 Puteo-

1093 2355 1142 2389 los,
1197 2354 1392 2387 Vulturnum,
1439 2352 1615 2387 Liternum;
1671 2352 1780 2383 treceni

1092 2397 1216 2427 homines
1242 2397 1273 2426 ἰιι
1298 2396 1440 2436 singulas.
1483 2395 1563 2436 Ager
1591 2396 1700 2425 divisus
1726 2401 1779 2431 est,

1091 2441 1142 2480 qui
1174 2439 1390 2479 Campanorum
1411 2437 1532 2479 suerat.
1576 2437 1651 2468 Item
1681 2437 1779 2468 Saler-

1091 2493 1174 2512 flum-

1135 2525 1176 2556 54
1192 2525 1211 2543 ³*
1228 2523 1344 2554 Bruttii
1408 2523 1523 2554 Gracos

1587 2523 1775 2564 expulerant]

1090 2568 1196 2604 Quum
1219 2566 1292 2598 olim
1309 2566 1488 2598 Graecorum
1511 2565 1536 2596 is
1560 2575 1632 2606 ager
1658 2565 1777 2602 fuisset,

1089 2609 1204 2641 Bruttii
1227 2619 1264 2640 ex
1285 2619 1321 2640 eo
1341 2609 1410 2640 illos
1428 2608 1622 2650 expulerant.
1666 2609 1778 2650 Itaque

1088 2652 1114 2683 is
1141 2663 1214 2693 ager
1240 2651 1338 2693 primo
1367 2653 1546 2683 Graecorum
1573 2651 1682 2686 fuerat,
1710 2657 1775 2682 tum

1088 2695 1201 2726 deinde
1231 2694 1433 2730 Bruttiorum,
1456 2694 1588 2735 denique
1618 2695 1778 2725 Romano-

1093 2748 1170 2773 rum,
1200 2737 1252 2779 qui
1281 2747 1362 2768 nunc
1393 2738 1425 2768 in
1455 2749 1526 2768 eum
1554 2736 1678 2768 colonos
1706 2736 1777 2768 mit-

1093 2786 1174 2811 tunt.

1135 2825 1177 2854 55
1201 2823 1239 2853 Et
1266 2824 1300 2853 C.
1315 2824 1464 2866 Salonius]
1498 2822 1701 2856 Desideratus·
1724 2831 1776 2853 no-

1093 2877 1162 2898 men
1179 2867 1259 2898 tertii
1276 2866 1436 2898 triumviri.
