<?xml version="1.0" encoding="UTF-8"?>
<!DOCTYPE html PUBLIC "-//W3C//DTD XHTML 1.0 Transitional//EN"
    "http://www.w3.org/TR/xhtml1/DTD/xhtml1-transitional.dtd">
<html xmlns="http://www.w3.org/1999/xhtml" xml:lang="en" lang="en">
 <head>
  <title>
</title>
<meta http-equiv="Content-Type" content="text/html;charset=utf-8" />
  <meta name='ocr-system' content='tesseract 3.04.00' />
  <meta name='ocr-capabilities' content='ocr_page ocr_carea ocr_par ocr_line ocrx_word'/>
</head>
<body>
  <div class='ocr_page' id='page_1' title='image "./historiarumaburb03livyuoft_0245.png"; bbox 0 0 1947 3222; ppageno 0'>
   <div class='ocr_carea' id='block_1_1' title="bbox 0 0 48 990">
    <p class='ocr_par' dir='ltr' id='par_1_1' title="bbox 0 0 48 990">
     <span class='ocr_line' id='line_1_1' title="bbox 0 0 48 990; baseline 0 0"><span class='ocrx_word' id='word_1_1' title='bbox 0 0 48 990; x_wconf 95' lang='lat' dir='ltr'> </span> 
     </span>
    </p>
   </div>
   <div class='ocr_carea' id='block_1_2' title="bbox 392 765 1320 820">
    <p class='ocr_par' dir='ltr' id='par_1_2' title="bbox 392 765 1320 820">
     <span class='ocr_line' id='line_1_2' title="bbox 392 765 1320 820; baseline 0.002 -3"><span class='ocrx_word' id='word_1_2' title='bbox 392 765 742 818; x_wconf 77' lang='lat' dir='ltr'><strong>EPJTOME</strong></span> <span class='ocrx_word' id='word_1_3' title='bbox 785 765 1002 818; x_wconf 86' lang='lat' dir='ltr'>LIBRI</span> <span class='ocrx_word' id='word_1_4' title='bbox 1044 766 1320 820; x_wconf 89' lang='lat' dir='ltr'>XXXVI.</span> 
     </span>
    </p>
   </div>
   <div class='ocr_carea' id='block_1_3' title="bbox 736 928 998 951">
    <p class='ocr_par' dir='ltr' id='par_1_3' title="bbox 736 928 998 951">
     <span class='ocr_line' id='line_1_3' title="bbox 736 928 998 951; baseline 0 2271"><span class='ocrx_word' id='word_1_5' title='bbox 736 928 998 951; x_wconf 95' lang='lat' dir='ltr'> </span> 
     </span>
    </p>
   </div>
   <div class='ocr_carea' id='block_1_4' title="bbox 163 1054 1581 1178">
    <p class='ocr_par' dir='ltr' id='par_1_4' title="bbox 163 1054 1581 1178">
     <span class='ocr_line' id='line_1_4' title="bbox 163 1054 1580 1121; baseline 0.001 -16"><span class='ocrx_word' id='word_1_6' title='bbox 163 1054 341 1106; x_wconf 85' lang='lat' dir='ltr'><em>MAN.</em></span> <span class='ocrx_word' id='word_1_7' title='bbox 363 1065 522 1106; x_wconf 80' lang='lat' dir='ltr'>Acilius</span> <span class='ocrx_word' id='word_1_8' title='bbox 545 1064 717 1105; x_wconf 75' lang='lat' dir='ltr'><em>Glabrio</em></span> <span class='ocrx_word' id='word_1_9' title='bbox 737 1065 874 1104; x_wconf 81' lang='lat' dir='ltr'>consul</span> <span class='ocrx_word' id='word_1_10' title='bbox 901 1063 1179 1113; x_wconf 77' lang='lat' dir='ltr'>¹Antiochum,</span> <span class='ocrx_word' id='word_1_11' title='bbox 1201 1066 1314 1118; x_wconf 79' lang='lat' dir='ltr'>apud</span> <span class='ocrx_word' id='word_1_12' title='bbox 1340 1066 1580 1121; x_wconf 68' lang='lat' dir='ltr'><em>Thermopy-</em></span> 
     </span>
     <span class='ocr_line' id='line_1_5' title="bbox 163 1120 1581 1178; baseline 0.003 -18"><span class='ocrx_word' id='word_1_13' title='bbox 163 1122 240 1171; x_wconf 77' lang='lat' dir='ltr'>las,</span> <span class='ocrx_word' id='word_1_14' title='bbox 262 1123 463 1175; x_wconf 77' lang='lat' dir='ltr'>Philippo</span> <span class='ocrx_word' id='word_1_15' title='bbox 484 1137 576 1176; x_wconf 82' lang='lat' dir='ltr'><em>rege</em></span> <span class='ocrx_word' id='word_1_16' title='bbox 592 1121 823 1175; x_wconf 59' lang='lat' dir='ltr'>adjuvante,</span> <span class='ocrx_word' id='word_1_17' title='bbox 846 1121 1005 1170; x_wconf 77' lang='lat' dir='ltr'>victum,</span> <span class='ocrx_word' id='word_1_18' title='bbox 1025 1120 1191 1162; x_wconf 72' lang='lat' dir='ltr'>Groecia</span> <span class='ocrx_word' id='word_1_19' title='bbox 1207 1123 1376 1175; x_wconf 60' lang='lat' dir='ltr'>caymlit,</span> <span class='ocrx_word' id='word_1_20' title='bbox 1401 1125 1581 1178; x_wconf 82' lang='lat' dir='ltr'><em>idemque</em></span> 
     </span>
    </p>
   </div>
   <div class='ocr_carea' id='block_1_5' title="bbox 163 1177 534 1233">
    <p class='ocr_par' dir='ltr' id='par_1_5' title="bbox 163 1177 534 1233">
     <span class='ocr_line' id='line_1_6' title="bbox 163 1177 534 1233; baseline 0 -15"><span class='ocrx_word' id='word_1_21' title='bbox 163 1177 342 1220; x_wconf 70' lang='lat' dir='ltr'>².OE&#39;t0los</span> <span class='ocrx_word' id='word_1_22' title='bbox 370 1180 534 1233; x_wconf 80' lang='lat' dir='ltr'><em>subegit.</em></span> 
     </span>
    </p>
   </div>
   <div class='ocr_carea' id='block_1_6' title="bbox 594 1178 1581 1232">
    <p class='ocr_par' dir='ltr' id='par_1_6' title="bbox 594 1178 1581 1232">
     <span class='ocr_line' id='line_1_7' title="bbox 594 1178 1581 1232; baseline 0.002 -13"><span class='ocrx_word' id='word_1_23' title='bbox 594 1178 671 1219; x_wconf 75' lang='grc' dir='ltr'>3Ρ.</span> <span class='ocrx_word' id='word_1_24' title='bbox 697 1179 912 1220; x_wconf 77' lang='lat' dir='ltr'>Cornelius</span> <span class='ocrx_word' id='word_1_25' title='bbox 941 1179 1077 1232; x_wconf 79' lang='lat' dir='ltr'><em>Scipio</em></span> <span class='ocrx_word' id='word_1_26' title='bbox 1105 1179 1262 1220; x_wconf 80' lang='lat' dir='ltr'><em>Nasica</em></span> <span class='ocrx_word' id='word_1_27' title='bbox 1293 1182 1430 1221; x_wconf 79' lang='lat' dir='ltr'>consul</span> <span class='ocrx_word' id='word_1_28' title='bbox 1457 1183 1581 1222; x_wconf 77' lang='lat' dir='ltr'>cedem</span> 
     </span>
    </p>
   </div>
   <div class='ocr_carea' id='block_1_7' title="bbox 163 1235 1583 1347">
    <p class='ocr_par' dir='ltr' id='par_1_7' title="bbox 163 1235 1583 1347">
     <span class='ocr_line' id='line_1_8' title="bbox 163 1235 1582 1291; baseline 0.002 -16"><span class='ocrx_word' id='word_1_29' title='bbox 163 1238 306 1277; x_wconf 79' lang='lat' dir='ltr'>matris</span> <span class='ocrx_word' id='word_1_30' title='bbox 327 1236 476 1285; x_wconf 70' lang='lat' dir='ltr'><strong><em>DezZm,</em></strong></span> <span class='ocrx_word' id='word_1_31' title='bbox 499 1250 616 1290; x_wconf 82' lang='lat' dir='ltr'>quam</span> <span class='ocrx_word' id='word_1_32' title='bbox 639 1238 724 1289; x_wconf 78' lang='lat' dir='ltr'>ipse</span> <span class='ocrx_word' id='word_1_33' title='bbox 743 1235 785 1275; x_wconf 74' lang='lat' dir='ltr'>in</span> <span class='ocrx_word' id='word_1_34' title='bbox 805 1237 1020 1276; x_wconf 78' lang='lat' dir='ltr'>Palatium</span> <span class='ocrx_word' id='word_1_35' title='bbox 1046 1237 1256 1285; x_wconf 80' lang='lat' dir='ltr'>intulerat,</span> <span class='ocrx_word' id='word_1_36' title='bbox 1279 1238 1344 1277; x_wconf 78' lang='lat' dir='ltr'>vir</span> <span class='ocrx_word' id='word_1_37' title='bbox 1363 1239 1535 1291; x_wconf 75' lang='lat' dir='ltr'>optimus</span> <span class='ocrx_word' id='word_1_38' title='bbox 1555 1253 1582 1278; x_wconf 86' lang='lat' dir='ltr'><em>a</em></span> 
     </span>
     <span class='ocr_line' id='line_1_9' title="bbox 163 1293 1583 1347; baseline 0.001 -14"><span class='ocrx_word' id='word_1_39' title='bbox 163 1299 306 1334; x_wconf 78' lang='lat' dir='ltr'>senatu</span> <span class='ocrx_word' id='word_1_40' title='bbox 321 1293 549 1347; x_wconf 72' lang='lat' dir='ltr'>judicatus,</span> <span class='ocrx_word' id='word_1_41' title='bbox 580 1294 783 1333; x_wconf 78' lang='lat' dir='ltr'>dedicavit</span> <span class='ocrx_word' id='word_1_42' title='bbox 791 1315 805 1339; x_wconf 89' lang='lat'><em>;</em></span> <span class='ocrx_word' id='word_1_43' title='bbox 841 1294 1021 1347; x_wconf 78' lang='lat' dir='ltr'><em>idemque</em></span> <span class='ocrx_word' id='word_1_44' title='bbox 1049 1295 1176 1334; x_wconf 83' lang='lat' dir='ltr'>Boios</span> <span class='ocrx_word' id='word_1_45' title='bbox 1207 1294 1352 1335; x_wconf 80' lang='lat' dir='ltr'><em>Gallos</em></span> <span class='ocrx_word' id='word_1_46' title='bbox 1381 1296 1504 1336; x_wconf 73' lang='lat' dir='ltr'>victos</span> <span class='ocrx_word' id='word_1_47' title='bbox 1538 1296 1583 1336; x_wconf 80' lang='lat' dir='ltr'>iu</span> 
     </span>
    </p>
   </div>
   <div class='ocr_carea' id='block_1_8' title="bbox 165 1351 1114 1404">
    <p class='ocr_par' dir='ltr' id='par_1_8' title="bbox 165 1351 1114 1404">
     <span class='ocr_line' id='line_1_10' title="bbox 165 1351 1114 1404; baseline 0.001 -14"><span class='ocrx_word' id='word_1_48' title='bbox 165 1351 406 1392; x_wconf 77' lang='lat' dir='ltr'>deditionem</span> <span class='ocrx_word' id='word_1_49' title='bbox 427 1353 596 1404; x_wconf 75' lang='lat' dir='ltr'>accepit,</span> <span class='ocrx_word' id='word_1_50' title='bbox 618 1358 656 1391; x_wconf 79' lang='lat' dir='ltr'>et</span> <span class='ocrx_word' id='word_1_51' title='bbox 677 1353 726 1390; x_wconf 85' lang='lat' dir='ltr'>de</span> <span class='ocrx_word' id='word_1_52' title='bbox 756 1351 809 1391; x_wconf 76' lang='lat' dir='ltr'>iis</span> <span class='ocrx_word' id='word_1_53' title='bbox 834 1351 1114 1404; x_wconf 75' lang='lat' dir='ltr'>triumphavit.</span> 
     </span>
    </p>
   </div>
   <div class='ocr_carea' id='block_1_9' title="bbox 1179 1352 1585 1393">
    <p class='ocr_par' dir='ltr' id='par_1_9' title="bbox 1179 1352 1585 1393">
     <span class='ocr_line' id='line_1_11' title="bbox 1179 1352 1585 1393; baseline 0.002 -1"><span class='ocrx_word' id='word_1_54' title='bbox 1179 1352 1384 1392; x_wconf 74' lang='lat' dir='ltr'>Praeterca</span> <span class='ocrx_word' id='word_1_55' title='bbox 1415 1354 1585 1393; x_wconf 80' lang='lat' dir='ltr'>navalia</span> 
     </span>
    </p>
   </div>
   <div class='ocr_carea' id='block_1_10' title="bbox 166 1409 1584 1465">
    <p class='ocr_par' dir='ltr' id='par_1_10' title="bbox 166 1409 1584 1465">
     <span class='ocr_line' id='line_1_12' title="bbox 166 1409 1584 1465; baseline 0.001 -16"><span class='ocrx_word' id='word_1_56' title='bbox 166 1410 388 1449; x_wconf 80' lang='lat' dir='ltr'><em>certamina</em></span> <span class='ocrx_word' id='word_1_57' title='bbox 402 1423 605 1462; x_wconf 79' lang='lat' dir='ltr'>prospera</span> <span class='ocrx_word' id='word_1_58' title='bbox 625 1409 815 1449; x_wconf 77' lang='lat' dir='ltr'>adversus</span> <span class='ocrx_word' id='word_1_59' title='bbox 829 1409 1044 1463; x_wconf 76' lang='lat' dir='ltr'>prcefectos</span> <span class='ocrx_word' id='word_1_60' title='bbox 1065 1409 1258 1450; x_wconf 75' lang='lat' dir='ltr'><em>Antiochi</em></span> <span class='ocrx_word' id='word_1_61' title='bbox 1276 1411 1384 1464; x_wconf 82' lang='lat' dir='ltr'>regis</span> <span class='ocrx_word' id='word_1_62' title='bbox 1404 1411 1584 1465; x_wconf 65' lang='lat' dir='ltr'>rqfhrun-</span> 
     </span>
    </p>
   </div>
   <div class='ocr_carea' id='block_1_11' title="bbox 167 1471 248 1506">
    <p class='ocr_par' dir='ltr' id='par_1_11' title="bbox 167 1471 248 1506">
     <span class='ocr_line' id='line_1_13' title="bbox 167 1471 248 1506; baseline 0.012 -1"><span class='ocrx_word' id='word_1_63' title='bbox 167 1471 248 1506; x_wconf 77' lang='lat' dir='ltr'>tur.</span> 
     </span>
    </p>
   </div>
   <div class='ocr_carea' id='block_1_12' title="bbox 164 1578 862 2094">
    <p class='ocr_par' dir='ltr' id='par_1_12' title="bbox 164 1578 862 2049">
     <span class='ocr_line' id='line_1_14' title="bbox 235 1578 857 1619; baseline 0 -11"><span class='ocrx_word' id='word_1_64' title='bbox 235 1579 244 1608; x_wconf 90' lang='lat' dir='ltr'>l</span> <span class='ocrx_word' id='word_1_65' title='bbox 292 1579 467 1609; x_wconf 77' lang='lat' dir='ltr'><em>Antiochum</em></span> <span class='ocrx_word' id='word_1_66' title='bbox 517 1580 597 1618; x_wconf 79' lang='lat' dir='ltr'>apud</span> <span class='ocrx_word' id='word_1_67' title='bbox 643 1578 857 1619; x_wconf 77' lang='lat' dir='ltr'><em>Thermopylas,</em></span> 
     </span>
     <span class='ocr_line' id='line_1_15' title="bbox 175 1621 859 1663; baseline 0.003 -13"><span class='ocrx_word' id='word_1_68' title='bbox 175 1621 311 1661; x_wconf 71' lang='lat' dir='ltr'>Philippo</span> <span class='ocrx_word' id='word_1_69' title='bbox 336 1633 403 1663; x_wconf 76' lang='lat' dir='ltr'><em>rege</em></span> <span class='ocrx_word' id='word_1_70' title='bbox 429 1624 600 1661; x_wconf 63' lang='lat' dir='ltr'>adjuvante,</span> <span class='ocrx_word' id='word_1_71' title='bbox 626 1622 751 1663; x_wconf 70' lang='lat' dir='ltr'>rictum]</span> <span class='ocrx_word' id='word_1_72' title='bbox 797 1622 859 1652; x_wconf 87' lang='lat' dir='ltr'>Hic</span> 
     </span>
     <span class='ocr_line' id='line_1_16' title="bbox 172 1664 858 1707; baseline 0 -13"><span class='ocrx_word' id='word_1_73' title='bbox 172 1664 281 1695; x_wconf 84' lang='lat' dir='ltr'>merito</span> <span class='ocrx_word' id='word_1_74' title='bbox 296 1665 395 1706; x_wconf 83' lang='lat' dir='ltr'>carpit</span> <span class='ocrx_word' id='word_1_75' title='bbox 408 1665 611 1707; x_wconf 86' lang='lat' dir='ltr'>epitomarum</span> <span class='ocrx_word' id='word_1_76' title='bbox 632 1665 741 1696; x_wconf 82' lang='lat' dir='ltr'>har&#39;um</span> <span class='ocrx_word' id='word_1_77' title='bbox 762 1664 858 1706; x_wconf 85' lang='lat' dir='ltr'>scrip-</span> 
     </span>
     <span class='ocr_line' id='line_1_17' title="bbox 176 1707 859 1744; baseline 0 -7"><span class='ocrx_word' id='word_1_78' title='bbox 176 1714 271 1738; x_wconf 81' lang='lat' dir='ltr'>torem</span> <span class='ocrx_word' id='word_1_79' title='bbox 288 1707 473 1744; x_wconf 81' lang='lat' dir='ltr'>Perizonius,</span> <span class='ocrx_word' id='word_1_80' title='bbox 489 1708 660 1739; x_wconf 80' lang='lat' dir='ltr'>Animadv.</span> <span class='ocrx_word' id='word_1_81' title='bbox 684 1708 766 1738; x_wconf 87' lang='lat' dir='ltr'>Hist.</span> <span class='ocrx_word' id='word_1_82' title='bbox 783 1718 811 1737; x_wconf 81' lang='lat' dir='ltr'>c,</span> <span class='ocrx_word' id='word_1_83' title='bbox 827 1709 859 1738; x_wconf 89' lang='lat'>9.</span> 
     </span>
     <span class='ocr_line' id='line_1_18' title="bbox 173 1749 860 1791; baseline 0 -11"><span class='ocrx_word' id='word_1_84' title='bbox 173 1750 257 1791; x_wconf 89' lang='lat' dir='ltr'>quod</span> <span class='ocrx_word' id='word_1_85' title='bbox 279 1760 296 1780; x_wconf 87' lang='lat' dir='ltr'>a</span> <span class='ocrx_word' id='word_1_86' title='bbox 320 1750 407 1781; x_wconf 87' lang='lat' dir='ltr'>Livio</span> <span class='ocrx_word' id='word_1_87' title='bbox 434 1762 488 1782; x_wconf 90' lang='lat' dir='ltr'>suo</span> <span class='ocrx_word' id='word_1_88' title='bbox 512 1751 661 1782; x_wconf 86' lang='lat' dir='ltr'>discedat.</span> <span class='ocrx_word' id='word_1_89' title='bbox 706 1751 754 1781; x_wconf 81' lang='lat' dir='ltr'>Ex</span> <span class='ocrx_word' id='word_1_90' title='bbox 779 1749 860 1781; x_wconf 80' lang='lat' dir='ltr'>Livii</span> 
     </span>
     <span class='ocr_line' id='line_1_19' title="bbox 172 1792 861 1836; baseline -0.001 -12"><span class='ocrx_word' id='word_1_91' title='bbox 172 1793 254 1824; x_wconf 83' lang='lat' dir='ltr'>enim</span> <span class='ocrx_word' id='word_1_92' title='bbox 277 1793 450 1824; x_wconf 81' lang='lat' dir='ltr'>narratione</span> <span class='ocrx_word' id='word_1_93' title='bbox 478 1793 642 1836; x_wconf 84' lang='lat' dir='ltr'>Philippus</span> <span class='ocrx_word' id='word_1_94' title='bbox 670 1803 733 1824; x_wconf 89' lang='lat' dir='ltr'>non</span> <span class='ocrx_word' id='word_1_95' title='bbox 762 1792 861 1824; x_wconf 80' lang='lat' dir='ltr'>adfuit</span> 
     </span>
     <span class='ocr_line' id='line_1_20' title="bbox 176 1835 860 1878; baseline 0.001 -12"><span class='ocrx_word' id='word_1_96' title='bbox 176 1835 328 1866; x_wconf 84' lang='lat' dir='ltr'>Romanis</span> <span class='ocrx_word' id='word_1_97' title='bbox 372 1837 517 1868; x_wconf 80' lang='lat' dir='ltr'>adversus</span> <span class='ocrx_word' id='word_1_98' title='bbox 553 1836 743 1867; x_wconf 83' lang='lat' dir='ltr'>Antiochum</span> <span class='ocrx_word' id='word_1_99' title='bbox 776 1836 860 1878; x_wconf 88' lang='lat' dir='ltr'>apud</span> 
     </span>
     <span class='ocr_line' id='line_1_21' title="bbox 175 1879 858 1921; baseline 0.001 -13"><span class='ocrx_word' id='word_1_100' title='bbox 175 1879 399 1921; x_wconf 85' lang='lat' dir='ltr'>Thermopylas</span> <span class='ocrx_word' id='word_1_101' title='bbox 433 1880 640 1911; x_wconf 79' lang='lat' dir='ltr'>bellantibus:</span> <span class='ocrx_word' id='word_1_102' title='bbox 688 1885 719 1910; x_wconf 84' lang='lat' dir='ltr'>et</span> <span class='ocrx_word' id='word_1_103' title='bbox 749 1890 776 1909; x_wconf 92' lang='lat' dir='ltr'>c.</span> <span class='ocrx_word' id='word_1_104' title='bbox 807 1881 858 1910; x_wconf 78' lang='lat'>25.</span> 
     </span>
     <span class='ocr_line' id='line_1_22' title="bbox 174 1921 862 1963; baseline 0.001 -12"><span class='ocrx_word' id='word_1_105' title='bbox 174 1921 253 1952; x_wconf 79' lang='lat' dir='ltr'>infra</span> <span class='ocrx_word' id='word_1_106' title='bbox 273 1932 453 1963; x_wconf 78' lang='lat' dir='ltr'>congressus</span> <span class='ocrx_word' id='word_1_107' title='bbox 476 1933 547 1954; x_wconf 90' lang='lat' dir='ltr'>cum</span> <span class='ocrx_word' id='word_1_108' title='bbox 574 1923 712 1959; x_wconf 80' lang='lat' dir='ltr'>consule,</span> <span class='ocrx_word' id='word_1_109' title='bbox 735 1928 862 1953; x_wconf 85' lang='lat' dir='ltr'>excusat</span> 
     </span>
     <span class='ocr_line' id='line_1_23' title="bbox 175 1967 860 2005; baseline 0.001 -11"><span class='ocrx_word' id='word_1_110' title='bbox 175 1967 250 2005; x_wconf 79' lang='lat' dir='ltr'>quod</span> <span class='ocrx_word' id='word_1_111' title='bbox 277 1968 371 1996; x_wconf 80' lang='lat' dir='ltr'><strong><em>morbo</em></strong></span> <span class='ocrx_word' id='word_1_112' title='bbox 397 1967 552 2005; x_wconf 81' lang='lat' dir='ltr'>impeditus</span> <span class='ocrx_word' id='word_1_113' title='bbox 579 1968 650 1997; x_wconf 85' lang='lat' dir='ltr'>bello</span> <span class='ocrx_word' id='word_1_114' title='bbox 682 1977 740 1996; x_wconf 79' lang='lat' dir='ltr'>non</span> <span class='ocrx_word' id='word_1_115' title='bbox 768 1967 860 1996; x_wconf 83' lang='lat' dir='ltr'><strong><em>inter-</em></strong></span> 
     </span>
     <span class='ocr_line' id='line_1_24' title="bbox 164 2008 287 2049; baseline 0.016 -12"><span class='ocrx_word' id='word_1_116' title='bbox 164 2008 287 2049; x_wconf 27' lang='lat' dir='ltr'>ttici-sset.</span> 
     </span>
    </p>

    <p class='ocr_par' dir='ltr' id='par_1_13' title="bbox 218 2051 862 2094">
     <span class='ocr_line' id='line_1_25' title="bbox 218 2051 862 2094; baseline 0.003 -13"><span class='ocrx_word' id='word_1_117' title='bbox 218 2053 238 2081; x_wconf 79' lang='lat'>2</span> <span class='ocrx_word' id='word_1_118' title='bbox 262 2051 370 2082; x_wconf 75' lang='lat' dir='ltr'>AEtolos</span> <span class='ocrx_word' id='word_1_119' title='bbox 397 2052 524 2094; x_wconf 73' lang='lat' dir='ltr'>subegit]</span> <span class='ocrx_word' id='word_1_120' title='bbox 555 2053 624 2084; x_wconf 87' lang='lat' dir='ltr'>Hoc</span> <span class='ocrx_word' id='word_1_121' title='bbox 653 2062 775 2094; x_wconf 86' lang='lat' dir='ltr'>quoque</span> <span class='ocrx_word' id='word_1_122' title='bbox 801 2062 862 2083; x_wconf 91' lang='lat' dir='ltr'>non</span> 
     </span>
    </p>
   </div>
   <div class='ocr_carea' id='block_1_13' title="bbox 901 1585 1593 2084">
    <p class='ocr_par' dir='ltr' id='par_1_14' title="bbox 901 1585 1588 1792">
     <span class='ocr_line' id='line_1_26' title="bbox 901 1585 1588 1620; baseline 0.004 -11"><span class='ocrx_word' id='word_1_123' title='bbox 901 1589 1123 1620; x_wconf 85' lang='lat' dir='ltr'>usquequaque</span> <span class='ocrx_word' id='word_1_124' title='bbox 1136 1589 1243 1610; x_wconf 84' lang='lat' dir='ltr'>verum</span> <span class='ocrx_word' id='word_1_125' title='bbox 1263 1585 1316 1610; x_wconf 84' lang='lat' dir='ltr'>aut</span> <span class='ocrx_word' id='word_1_126' title='bbox 1336 1586 1513 1611; x_wconf 84' lang='lat' dir='ltr'>accuratum</span> <span class='ocrx_word' id='word_1_127' title='bbox 1530 1586 1588 1612; x_wconf 83' lang='lat' dir='ltr'>est.</span> 
     </span>
     <span class='ocr_line' id='line_1_27' title="bbox 902 1622 1586 1656; baseline 0.004 -4"><span class='ocrx_word' id='word_1_128' title='bbox 902 1622 1003 1652; x_wconf 83' lang='lat' dir='ltr'>AEtoli</span> <span class='ocrx_word' id='word_1_129' title='bbox 1021 1622 1104 1653; x_wconf 87' lang='lat' dir='ltr'><strong>enim</strong></span> <span class='ocrx_word' id='word_1_130' title='bbox 1127 1622 1167 1652; x_wconf 87' lang='lat' dir='ltr'>ab</span> <span class='ocrx_word' id='word_1_131' title='bbox 1182 1622 1285 1653; x_wconf 87' lang='lat' dir='ltr'>Acilio</span> <span class='ocrx_word' id='word_1_132' title='bbox 1299 1623 1425 1655; x_wconf 85' lang='lat' dir='ltr'>consule</span> <span class='ocrx_word' id='word_1_133' title='bbox 1440 1635 1501 1654; x_wconf 91' lang='lat' dir='ltr'>non</span> <span class='ocrx_word' id='word_1_134' title='bbox 1514 1626 1586 1656; x_wconf 90' lang='lat' dir='ltr'>sub-</span> 
     </span>
     <span class='ocr_line' id='line_1_28' title="bbox 903 1664 1586 1701; baseline 0.006 -6"><span class='ocrx_word' id='word_1_135' title='bbox 903 1664 965 1696; x_wconf 86' lang='lat' dir='ltr'>acti</span> <span class='ocrx_word' id='word_1_136' title='bbox 985 1671 1068 1701; x_wconf 84' lang='lat' dir='ltr'>sunt,</span> <span class='ocrx_word' id='word_1_137' title='bbox 1085 1665 1140 1695; x_wconf 82' lang='lat' dir='ltr'>sed</span> <span class='ocrx_word' id='word_1_138' title='bbox 1164 1665 1244 1696; x_wconf 85' lang='lat' dir='ltr'>datis</span> <span class='ocrx_word' id='word_1_139' title='bbox 1268 1666 1308 1696; x_wconf 85' lang='lat' dir='ltr'>ad</span> <span class='ocrx_word' id='word_1_140' title='bbox 1333 1665 1499 1698; x_wconf 84' lang='lat' dir='ltr'>mittendos</span> <span class='ocrx_word' id='word_1_141' title='bbox 1521 1667 1586 1699; x_wconf 86' lang='lat' dir='ltr'>Ro-</span> 
     </span>
     <span class='ocr_line' id='line_1_29' title="bbox 902 1707 1588 1749; baseline 0.001 -10"><span class='ocrx_word' id='word_1_142' title='bbox 902 1718 986 1739; x_wconf 88' lang='lat' dir='ltr'>mam</span> <span class='ocrx_word' id='word_1_143' title='bbox 1010 1708 1128 1749; x_wconf 79' lang='lat' dir='ltr'>legatos</span> <span class='ocrx_word' id='word_1_144' title='bbox 1149 1707 1280 1739; x_wconf 73' lang='lat' dir='ltr'>indu‘ciis</span> <span class='ocrx_word' id='word_1_145' title='bbox 1295 1708 1464 1740; x_wconf 82' lang='lat' dir='ltr'>discessum</span> <span class='ocrx_word' id='word_1_146' title='bbox 1484 1716 1530 1742; x_wconf 84' lang='lat' dir='ltr'>est</span> <span class='ocrx_word' id='word_1_147' title='bbox 1549 1711 1588 1742; x_wconf 87' lang='lat' dir='ltr'>ab</span> 
     </span>
     <span class='ocr_line' id='line_1_30' title="bbox 903 1750 1481 1792; baseline 0.005 -11"><span class='ocrx_word' id='word_1_148' title='bbox 903 1761 1008 1782; x_wconf 81' lang='lat' dir='ltr'>eorum</span> <span class='ocrx_word' id='word_1_149' title='bbox 1024 1750 1157 1792; x_wconf 78' lang='lat' dir='ltr'>regione.</span> <span class='ocrx_word' id='word_1_150' title='bbox 1202 1751 1276 1782; x_wconf 74' lang='lat' dir='ltr'>Vid.</span> <span class='ocrx_word' id='word_1_151' title='bbox 1291 1751 1370 1783; x_wconf 80' lang='lat' dir='ltr'>infra</span> <span class='ocrx_word' id='word_1_152' title='bbox 1386 1763 1413 1783; x_wconf 88' lang='lat' dir='ltr'>e.</span> <span class='ocrx_word' id='word_1_153' title='bbox 1428 1754 1481 1784; x_wconf 88' lang='lat'>35.</span> 
     </span>
    </p>

    <p class='ocr_par' dir='ltr' id='par_1_15' title="bbox 903 1795 1593 2084">
     <span class='ocr_line' id='line_1_31' title="bbox 945 1795 1590 1834; baseline 0.002 -9"><span class='ocrx_word' id='word_1_154' title='bbox 945 1795 966 1825; x_wconf 85' lang='lat'><strong>3</strong></span> <span class='ocrx_word' id='word_1_155' title='bbox 990 1795 1029 1825; x_wconf 92' lang='grc' dir='ltr'>Ρ.</span> <span class='ocrx_word' id='word_1_156' title='bbox 1055 1795 1205 1825; x_wconf 57' lang='lat' dir='ltr'>Cornelius</span> <span class='ocrx_word' id='word_1_157' title='bbox 1232 1795 1327 1834; x_wconf 75' lang='lat' dir='ltr'>Scipio</span> <span class='ocrx_word' id='word_1_158' title='bbox 1356 1795 1464 1826; x_wconf 69' lang='lat' dir='ltr'>Nasica</span> <span class='ocrx_word' id='word_1_159' title='bbox 1492 1797 1590 1827; x_wconf 81' lang='lat' dir='ltr'>consul</span> 
     </span>
     <span class='ocr_line' id='line_1_32' title="bbox 903 1838 1590 1880; baseline 0.004 -13"><span class='ocrx_word' id='word_1_160' title='bbox 903 1839 995 1868; x_wconf 80' lang='lat' dir='ltr'>oedem</span> <span class='ocrx_word' id='word_1_161' title='bbox 1020 1839 1123 1868; x_wconf 79' lang='lat' dir='ltr'>‘matris</span> <span class='ocrx_word' id='word_1_162' title='bbox 1145 1838 1228 1867; x_wconf 52' lang='lat' dir='ltr'>deam</span> <span class='ocrx_word' id='word_1_163' title='bbox 1250 1860 1258 1868; x_wconf 93' lang='lat'>.</span> <span class='ocrx_word' id='word_1_164' title='bbox 1275 1860 1283 1868; x_wconf 89' lang='lat'><strong>.</strong></span> <span class='ocrx_word' id='word_1_165' title='bbox 1299 1860 1307 1868; x_wconf 92' lang='lat'>.</span> <span class='ocrx_word' id='word_1_166' title='bbox 1323 1839 1484 1880; x_wconf 69' lang='lat' dir='ltr'>dedicavit]</span> <span class='ocrx_word' id='word_1_167' title='bbox 1513 1840 1590 1870; x_wconf 84' lang='lat' dir='ltr'>Ter-</span> 
     </span>
     <span class='ocr_line' id='line_1_33' title="bbox 904 1880 1591 1924; baseline 0.003 -14"><span class='ocrx_word' id='word_1_168' title='bbox 904 1880 982 1910; x_wconf 85' lang='lat' dir='ltr'>tium</span> <span class='ocrx_word' id='word_1_169' title='bbox 1008 1880 1066 1911; x_wconf 89' lang='lat' dir='ltr'>hoc</span> <span class='ocrx_word' id='word_1_170' title='bbox 1092 1885 1148 1916; x_wconf 85' lang='lat' dir='ltr'>est,</span> <span class='ocrx_word' id='word_1_171' title='bbox 1176 1880 1208 1911; x_wconf 88' lang='lat' dir='ltr'>iu</span> <span class='ocrx_word' id='word_1_172' title='bbox 1235 1880 1416 1911; x_wconf 76' lang='lat' dir='ltr'>brevissima</span> <span class='ocrx_word' id='word_1_173' title='bbox 1444 1883 1591 1924; x_wconf 77' lang='lat' dir='ltr'>epitome,</span> 
     </span>
     <span class='ocr_line' id='line_1_34' title="bbox 905 1922 1591 1965; baseline 0.003 -12"><span class='ocrx_word' id='word_1_174' title='bbox 905 1923 972 1964; x_wconf 84' lang='lat' dir='ltr'>ejus</span> <span class='ocrx_word' id='word_1_175' title='bbox 997 1922 1050 1964; x_wconf 85' lang='lat' dir='ltr'>qui</span> <span class='ocrx_word' id='word_1_176' title='bbox 1070 1923 1157 1954; x_wconf 89' lang='lat' dir='ltr'>illam</span> <span class='ocrx_word' id='word_1_177' title='bbox 1182 1923 1302 1965; x_wconf 81' lang='lat' dir='ltr'>scripsit</span> <span class='ocrx_word' id='word_1_178' title='bbox 1327 1931 1472 1957; x_wconf 79' lang='lat' dir='ltr'>erratum.</span> <span class='ocrx_word' id='word_1_179' title='bbox 1518 1926 1591 1956; x_wconf 89' lang='lat' dir='ltr'>Non</span> 
     </span>
     <span class='ocr_line' id='line_1_35' title="bbox 906 1965 1593 2002; baseline 0.001 -6"><span class='ocrx_word' id='word_1_180' title='bbox 906 1965 988 1996; x_wconf 84' lang='lat' dir='ltr'>enim</span> <span class='ocrx_word' id='word_1_181' title='bbox 1022 1967 1141 1997; x_wconf 82' lang='lat' dir='ltr'>Nasica</span> <span class='ocrx_word' id='word_1_182' title='bbox 1170 1967 1287 2002; x_wconf 81' lang='lat' dir='ltr'>consul,</span> <span class='ocrx_word' id='word_1_183' title='bbox 1317 1967 1372 1998; x_wconf 83' lang='lat' dir='ltr'>sed</span> <span class='ocrx_word' id='word_1_184' title='bbox 1406 1969 1455 1998; x_wconf 88' lang='lat' dir='ltr'>M.</span> <span class='ocrx_word' id='word_1_185' title='bbox 1478 1968 1593 1999; x_wconf 80' lang='lat' dir='ltr'>Junius</span> 
     </span>
     <span class='ocr_line' id='line_1_36' title="bbox 906 2009 1591 2043; baseline 0.001 -3"><span class='ocrx_word' id='word_1_186' title='bbox 906 2010 1023 2040; x_wconf 89' lang='lat' dir='ltr'>Brutus</span> <span class='ocrx_word' id='word_1_187' title='bbox 1044 2019 1113 2040; x_wconf 83' lang='lat' dir='ltr'>eam</span> <span class='ocrx_word' id='word_1_188' title='bbox 1137 2009 1236 2041; x_wconf 81' lang='lat' dir='ltr'>aedem</span> <span class='ocrx_word' id='word_1_189' title='bbox 1259 2009 1419 2042; x_wconf 79' lang='lat' dir='ltr'>dedicasse</span> <span class='ocrx_word' id='word_1_190' title='bbox 1441 2021 1591 2043; x_wconf 82' lang='lat' dir='ltr'><strong>memora-</strong></span> 
     </span>
     <span class='ocr_line' id='line_1_37' title="bbox 905 2052 1157 2084; baseline 0.008 -2"><span class='ocrx_word' id='word_1_191' title='bbox 905 2057 954 2084; x_wconf 81' lang='lat' dir='ltr'>tur</span> <span class='ocrx_word' id='word_1_192' title='bbox 968 2052 1048 2083; x_wconf 80' lang='lat' dir='ltr'>infra</span> <span class='ocrx_word' id='word_1_193' title='bbox 1063 2063 1090 2084; x_wconf 90' lang='lat' dir='ltr'>c.</span> <span class='ocrx_word' id='word_1_194' title='bbox 1105 2054 1157 2084; x_wconf 86' lang='lat'>36.</span> 
     </span>
    </p>
   </div>
  </div>
 </body>
</html>
