1947 3222
582 112 702 151 LIB.
733 112 818 149 XL.
860 113 994 150 CAP.
1025 113 1112 151 XL.
1478 123 1547 162 491

187 223 288 265 XL.
332 224 473 265 Atrox
512 223 671 277 ubique
712 220 924 276 proelium,
966 221 1039 262 sed
1082 222 1197 263 varia
1236 224 1407 266 fortuna
1450 235 1550 268 erat.
1568 239 1604 270 U.
1619 239 1656 271 C.
1671 240 1746 271 572.

129 280 293 337 egregie
312 279 548 336 ³4legiones,
576 294 652 320 nec
683 277 849 334 segnius
878 277 976 319 duae
1005 277 1083 318 alae
1113 280 1384 333 pugnabant;
1418 291 1553 324 exter·
1565 282 1746 314 A.C.180.

128 351 183 379 na
202 337 360 379 auxilia
387 337 441 378 ab
471 335 594 377 simili
623 343 851 384 armatura,
876 334 1045 376 meliore
1074 334 1339 390 aliquantum
1369 339 1552 381 militum

126 410 293 449 genere,
315 393 621 451 urguebantur,
652 407 727 433 nec
756 392 894 433 locum
925 392 1036 434 tueri
1065 400 1271 448 poterant.
1335 395 1550 446 Celtiberi,

128 451 202 492 ubi
224 451 414 492 ordinata
434 449 520 490 acie
542 458 583 491 et
614 449 741 505 signis
771 449 945 490 conlatis
976 464 1017 490 se
1046 464 1130 490 non
1159 464 1246 489 esse
1276 464 1396 505 pares
1425 453 1553 508 legio-

127 509 252 550 nibus
282 515 513 557 senserunt,
544 522 676 548 cuneo
705 507 1002 562 inpressionem
1036 505 1238 547 fecerunt.
1270 522 1356 562 quo
1387 515 1551 550 tantum

126 565 266 606 valent
290 579 441 621 genere
467 579 638 620 pugnae,
669 571 734 614 ut,
766 578 1035 619 quacumque
1064 570 1183 619 parte
1209 562 1464 619 ³⁵perculere
1494 566 1554 607 in-

126 630 230 679 petu
261 637 351 671 δυο,
374 621 569 663 sustineri
589 628 811 676 nequeant.
844 628 946 662 tunc
967 635 1139 676 quoque
1168 620 1351 662 turbatae
1372 621 1554 677 legiones

127 686 240 729 sunt,
282 693 413 735 prope
452 677 690 734 interrupta
728 676 846 718 acies.
927 678 1065 727 Quam
1115 677 1436 733 trepidationem
1478 680 1554 721 ubi

127 735 305 777 Flaccus
334 735 565 791 conspexit,
598 750 708 790 equo
737 733 963 776 advehitur
992 734 1047 775 ad
1082 733 1330 789 legionarios
1364 736 1550 792 equites:

125 801 182 843 et,
204 794 370 847 Ecquid
396 793 548 833 auoeilz'i
579 793 623 832 in
653 792 763 833 vobis
783 795 869 833 est?
911 792 1054 833 Actum
1071 791 1166 845 jam
1196 793 1246 832 de
1273 792 1347 833 hoc
1375 795 1555 835 exercitu

123 851 232 890 erit?
269 865 403 906 quum
424 849 613 906 undiquc
634 849 949 900 adclamassent,
972 850 1069 903 quin
1092 851 1237 898 ederet,
1261 851 1470 903 quidfierz'
1491 865 1555 893 ve-

122 908 196 953 lit,·
242 921 324 947 non
351 908 530 961 segniter
560 907 770 960 imperium
805 913 1068 948 exsecuturos.
1128 908 1553 961 Duplicate-turmas‚

123 964 275 1020 inquit,
298 966 468 1005 duarum
488 965 688 1019 legionum
706 965 872 1018 equites,
894 971 933 1005 et
951 963 1214 1017 ³⁶permittite
1234 979 1353 1019 equos
1374 966 1417 1006 in
1438 981 1554 1008 cune-

121 1036 185 1062 um
215 1023 398 1073 hostium,
421 1037 498 1076 quo
528 1029 683 1062 nostros
706 1028 891 1076 wguent.
924 1023 970 1062 id
997 1036 1082 1062 cum
1113 1021 1265 1075 majore
1294 1024 1337 1063 vi
1364 1038 1553 1077 equorum

103 1080 296 1133 facietis,
317 1081 355 1120 sz'
374 1080 593 1136 effrenatos
613 1080 656 1120 in
678 1093 743 1119 eos
763 1094 879 1132 equos
901 1079 1131 1119 inmittitis:
1153 1081 1261 1133 quod
1278 1093 1384 1133 saepe
1399 1082 1552 1122 Roma-

121 1151 192 1178 nos
221 1138 373 1191 equites
401 1151 485 1177 cum
515 1150 664 1190 magna
692 1137 814 1176 laude
824 1137 980 1190 jecisse
1008 1150 1094 1185 sua,
1117 1138 1317 1177 memoriae
1338 1140 1550 1190 proditum

121 1200 190 1235 est.
252 1195 380 1235 Dicto
399 1202 646 1250 paruerunt,
669 1193 953 1249 detractisque
973 1193 1101 1234 frenis
1130 1193 1195 1234 bis
1225 1193 1338 1235 ultro
1358 1194 1548 1252 citroque

121 1266 217 1292 cum
238 1266 390 1307 magna
414 1259 552 1307 strage
581 1250 782 1301 hostium,
804 1250 992 1291 infractis
1022 1250 1217 1291 omnibus
1246 1251 1393 1302 hastis,
1416 1260 1549 1294 trans-

120 1317 355 1350 currerunt.
430 1308 647 1364 Dissipato
687 1323 833 1357 cune0,
875 1307 918 1348 in
958 1323 1044 1363 quo
1084 1307 1217 1348 omnis
1258 1324 1352 1364 spes
1391 1309 1546 1361 fuerat,

121 1365 320 1407 Celtiberi
358 1365 583 1421 trepidare,
619 1372 674 1413 et,
711 1380 842 1420 prope
877 1364 1028 1405 omissa
1062 1379 1220 1420 pugna,
1257 1365 1396 1407 locum
1431 1367 1547 1423 fugae
1562 1380 1746 1413 Caeduntur,

119 1421 448 1477 circumspicere.
510 1422 570 1463 Et
592 1420 753 1462 ³⁷alarii
787 1422 965 1477 equites,
999 1429 1228 1478 postquam
1258 1422 1547 1466 Romanorum
1943 1425 1946 1472 l

119 1479 312 1534 equitum
335 1487 420 1520 tam
447 1479 714 1519 memorabile
733 1478 897 1520 facinus
926 1478 1083 1529 videre,
1105 1487 1147 1520 et
1176 1478 1270 1535 ipsi,
1291 1479 1450 1522 virtute
1480 1498 1547 1523 eo-
1942 1496 1945 1534 f

119 1549 215 1576 rum
244 1536 417 1586 accensi,
450 1536 535 1577 sine
562 1535 690 1576 ullius
713 1536 889 1592 imperio
920 1536 963 1576 in
993 1535 1262 1592 perturbatos
1286 1537 1376 1592 jam
1406 1538 1546 1580 hostes

120 1607 250 1647 equos
271 1592 504 1634 inmittunt.
567 1594 692 1634 Tunc
721 1608 821 1634 vero
850 1593 1050 1634 Celtiberi
1080 1608 1222 1634 omnes
1248 1593 1289 1634 in
1321 1594 1467 1650 fugam
1489 1597 1548 1637 ef-
1945 1598 1947 1658 J

119 1648 375 1700 funduntur,
409 1658 450 1691 et
480 1650 707 1706 imperator
738 1650 971 1700 Romanus,
997 1665 1163 1691 aversos
1195 1650 1335 1692 hostes
1364 1661 1548 1694 contem-
1944 1659 1946 1711 }

118 1705 274 1761 platus,
306 1707 439 1748 aedem
471 1708 673 1748 Fortunae
704 1707 922 1763 Equestri,
954 1708 1140 1763 Jovique
1172 1707 1332 1764 optimo
1362 1710 1546 1751 maximo
1944 1718 1946 1743 l

117 1763 241 1804 ludos
274 1763 400 1805 vovit.
464 1764 700 1805 Caeduntur
734 1764 935 1806 Celtiberi
970 1780 1045 1820 per
1075 1772 1213 1805 totum
1245 1765 1397 1806 saltum
1428 1766 1546 1808 dissi-

117 1820 205 1875 pati
227 1820 342 1877 fuga.
375 1821 517 1862 decem
541 1830 583 1863 et
614 1829 772 1877 septem
803 1821 933 1862 millia
962 1821 1146 1862 hostium
1178 1837 1284 1863 caesa
1303 1838 1352 1863 eo
1372 1823 1441 1864 die
1462 1832 1544 1865 tra-

119 1877 305 1919 duntur:
349 1878 434 1919 vivi
468 1878 579 1934 capti
614 1878 711 1934 plus
746 1878 952 1934 quatuor*
972 1878 1117 1929 millia,
1151 1879 1343 1920 ducentis
1379 1888 1544 1937 septua-

118 1933 237 1989 ginta
267 1943 425 1990 septem
445 1950 541 1976 cum
563 1935 690 1991 signis
717 1935 985 1986 militaribus,
1006 1936 1127 1991 equis
1146 1951 1278 1992 prope
1308 1936 1421 1978 mille
1451 1953 1544 1978 cen-

119 1999 224 2031 tum.
286 1992 426 2034 Nullis
446 1991 590 2033 castris
611 2007 659 2032 eo
687 1992 754 2033 die
777 1992 908 2034 victor
935 1993 1144 2033 exercitus
1172 1993 1337 2034 mansit.
1369 1993 1545 2036 victoria

120 2062 202 2088 non
224 2048 309 2090 sine
325 2050 494 2104 jactura
513 2048 693 2090 militum
715 2048 810 2090 fuit.
842 2049 1141 2105 quadringenti
1169 2050 1436 2106 septuaginta
1457 2051 1544 2093 duo

118 2104 270 2146 milites
306 2106 501 2156 Romani,
536 2106 695 2147 socium
725 2121 773 2147 ac
801 2105 945 2147 Latini
977 2106 1156 2148 nominis
1182 2106 1296 2147 mille
1330 2106 1472 2150 decem
1500 2117 1542 2152 et

116 2176 281 2213 novem,
302 2178 398 2204 cum
428 2163 493 2204 his
513 2163 594 2204 tria
613 2163 743 2204 millia
762 2162 945 2204 militum
975 2162 1291 2204 auxiliariorum
1312 2165 1540 2220 perierunt.

115 2217 176 2260 ita
205 2219 338 2261 victor
365 2220 587 2270 exercitus,
608 2228 806 2261 renovata
832 2221 971 2275 priore
997 2220 1144 2276 gloria,
1169 2222 1450 2263 Tarraconem
1478 2232 1541 2264 est

117 2276 359 2329 perductus.
421 2276 613 2317 Venienti
649 2277 804 2317 Fulvio
840 2277 908 2317 Ti.
948 2277 1218 2334 Sempronius
1258 2286 1429 2334 praetor,
1465 2280 1540 2334 qui

117 2331 248 2374 biduo
281 2342 378 2375 ante
410 2341 595 2384 venerat,
630 2333 796 2374 obviam
827 2334 1050 2389 processit:
1102 2334 1426 2391 gratulatusque
1461 2343 1538 2385 est,

119 2389 235 2443 quod
265 2390 566 2447 rempublicam
599 2390 764 2446 egregie
798 2390 1002 2447 gessisset.
1043 2407 1139 2432 cum
1176 2406 1339 2433 summa
1372 2407 1539 2434 coneor-

693 2485 711 2508 b
726 2487 784 2515 tria
800 2485 898 2516 Gron.
913 2485 1004 2517 Crev.

161 2569 204 2599 34
233 2569 371 2611 Legiones
394 2594 402 2603 .
417 2594 426 2603 .
441 2593 449 2602 .
466 2594 474 2603 .
498 2573 552 2603 αἰαῖ
577 2594 585 2603 .
602 2594 610 2602 .
628 2593 636 2601 .
654 2595 661 2603 .
684 2577 803 2602 eatermc
847 2571 1012 2602 Celtiberis
1026 2571 1174 2603 hostibus.

118 2612 248 2653 auxilia]
285 2613 348 2643 Hic
375 2615 457 2646 clare
485 2615 716 2656 distinguuntur
743 2614 802 2644 tria
888 2616 930 2646 35
955 2615 1111 2646 Perculere
1134 2617 1245 2655 impetu
1266 2615 1332 2656 suo]
1363 2615 1446 2653 Lege
1466 2623 1535 2652 per-

119 2654 252 2685 militum
279 2665 391 2696 genera
417 2657 449 2688 in
478 2657 610 2689 exercitu
636 2658 799 2689 Romano:
845 2658 938 2688 tulere
953 2659 1076 2697 impetus
1088 2670 1162 2689 suos.

121 2698 253 2738 legiones,
284 2709 301 2729 e
333 2698 450 2731 civibus
480 2701 654 2739 Romanis3
690 2702 755 2737 alce,
785 2711 802 2731 e
889 2701 930 2732 36
955 2701 1120 2732 Permittite
1144 2711 1227 2740 equos
1247 2722 1254 2729 .
1272 2721 1280 2729 .
1297 2720 1306 2728 .
1326 2700 1355 2728 id
1381 2709 1448 2728 cum
1471 2709 1532 2728 mo—

119 2740 211 2771 sociis
245 2746 277 2772 et
310 2741 433 2772 nomine
459 2743 571 2774 Latino
602 2749 798 2775 constantes:
835 2744 905 2782 jore
928 2746 957 2774 vi
982 2744 1135 2783 equorum]
1159 2743 1238 2773 Tan.
1253 2742 1354 2772 Faber
1375 2740 1459 2772 delet
1480 2751 1533 2771 vo-

118 2789 236 2813 externa
257 2785 370 2815 auxilia
395 2789 466 2814 sunt
493 2786 622 2817 aliarum
651 2787 801 2827 gentium,
845 2796 912 2817 cem
927 2797 1075 2827 equorum.

119 2832 150 2856 et
172 2826 222 2856 hic
245 2826 377 2868 intelligi
402 2827 516 2858 debent
538 2828 682 2870 Hispani,
706 2840 802 2870 quum
888 2829 928 2859 37
953 2829 1051 2859 Alarii
1065 2828 1187 2869 equites]
1212 2826 1341 2868 Equites
1352 2826 1440 2858 socii.

119 2868 260 2901 dicantur
294 2871 384 2901 simili
416 2877 569 2901 armatura
606 2871 698 2903 fuisse
730 2882 801 2903 cum
