1947 3222
478 98 595 135 LIB.
625 97 817 134 XXXVI.
864 98 934 134 CA
954 97 994 136 1’.
1026 97 1223 135 XXVIII.
1475 97 1542 135 261

143 206 201 246 tia
241 207 470 262 pecuniam,
507 222 603 262 quae
635 206 687 246 ad
721 221 821 246 usus
856 206 953 246 belli
996 206 1217 246 necessaria
1260 216 1362 257 erat,
1400 207 1546 261 legatis
1563 216 1599 245 U.
1614 215 1649 259 (f.
1665 215 1739 244 561.

143 262 285 304 dedit:
328 264 483 304 auxilia
517 263 727 304 terrestria
760 262 1006 318 navaliaque
1041 262 1277 304 adfirmavit
1310 258 1651 304 iniss111·i11n.³l·‘'·
1671 257 1739 287 191.

145 320 380 362 Thoantem
414 335 542 361 unum
578 334 628 359 ex
661 319 808 375 legatis
843 319 1030 369 retinuit,
1061 327 1101 360 et
1132 319 1269 374 ipsum
1302 320 1415 360 haud
1446 320 1548 360 invi-

142 384 232 416 tum
255 385 496 426 morantem,
519 384 566 418 ut
588 384 756 417 exactor
776 391 957 432 praesens
978 375 1273 432 promissorum
1296 376 1469 417 adesset.

200 433 400 474 XXVII.
436 435 633 474 Ceterum
657 433 862 474 Heraclea
889 441 1010 490 capta
1036 433 1163 488 fregit
1191 432 1358 473 tandem
1391 432 1547 473 animos
1560 441 1657 471 AEtoli
1674 440 1711 470 de

145 490 404 531 AEtolorumz
437 497 478 530 et
505 497 600 545 post
630 505 785 546 paucos
805 489 907 540 dies,
929 505 1055 545 quam
1086 489 1140 529 ad
1169 489 1326 530 bellum
1352 504 1549 530 renovan-
1559 494 1636 525 pace
1655 488 1758 524 ‘'3¹¹⁰‘'

140 545 241 586 dum
262 545 595 602 adciendumque
615 562 753 602 regem
777 548 818 587 in
842 547 985 587 Asiam
1008 546 1204 586 miserant
1225 545 1397 602 legatos,
1415 546 1550 601 abjec-

141 602 194 643 tis
213 602 308 642 belli
331 602 521 653 consiliis,
544 604 656 659 pacis
684 604 875 660 petendae
895 611 1079 645 oratores
1108 603 1161 643 ad
1192 602 1400 644 consulem
1432 602 1549 643 mise-

142 666 251 699 runt.
313 660 427 709 Quos
449 660 583 700 dicere
605 676 771 701 exorsos
792 660 936 701 consul
957 660 1192 708 interfatus,
1214 675 1347 715 quum
1369 659 1450 700 alia
1471 659 1547 700 sibi

140 716 427 770 praevertenda
448 733 533 757 esse
555 717 741 767 dixisset,
759 717 894 758 redire
917 718 1134 773 Hypatam
1156 732 1239 765 eos,
1257 716 1365 758 datis
1386 716 1549 757 dierum

139 771 279 812 decem
300 773 492 823 induciis,
514 781 555 815 et
579 775 628 814 L.
648 774 812 815 Valerio
830 774 980 815 Flacco
1001 789 1095 814 cum
1117 773 1166 814 iis
1181 774 1320 822 misso,
1336 774 1475 829 jussit.
1499 773 1550 823 ei,

140 843 237 883 quae
258 845 395 870 secum
417 830 549 871 acturi
570 830 760 880 fuissent,
783 846 1003 886 exponere,
1026 839 1067 871 et
1098 830 1130 871 si
1161 846 1246 886 qua
1275 830 1427 871 vellent
1458 830 1550 870 alia.

144 886 360 942 Hypatam
383 895 429 928 ut
452 895 512 928 est
528 896 715 937 ventum,
729 888 936 943 principes
958 887 1199 928 AEtolorum
1215 886 1331 943 apud
1354 887 1551 928 Flaccum

142 942 360 984 concilium
386 944 651 991 habuerunt3
690 944 985 993 consultantes,
1017 959 1197 999 quonam
1227 943 1436 998 agendum
1467 959 1554 984 mo-

142 998 197 1039 do
232 1000 346 1055 apud
380 1001 588 1041 consulem
619 1001 738 1042 foret.
802 1001 883 1041 His
918 999 1185 1056 parantibus‘l
1220 1000 1395 1056 antiqua
1424 1000 1551 1040 foede-

142 1071 236 1096 rum
257 1057 399 1107 ordiri,
422 1058 653 1112 meritaque
674 1058 715 1097 in
747 1058 952 1113 populum
983 1058 1236 1106 Romanum,
1260 1058 1465 1097 Absistere
1486 1059 1552 1107 iis,

144 1112 317 1153 Flaccus
332 1114 472 1169 jussit,
495 1128 582 1168 quae
612 1115 693 1167 ipsi
713 1116 927 1154 violassent
954 1128 1001 1154 ac
1029 1115 1242 1166 rupissent.
1273 1115 1551 1168 coigfhssionem

142 1171 194 1209 iis
213 1172 342 1223 culpae
362 1173 490 1224 magis
503 1171 775 1225 profictnram,
799 1178 836 1211 et
856 1178 980 1212 totam
1004 1172 1047 1210 in
1063 1185 1202 1223 preces
1221 1173 1445 1211 orationem
1467 1187 1553 1211 ver-

141 1241 236 1266 sam.
269 1241 340 1268 nec
369 1231 473 1268 enim
505 1229 548 1268 in
568 1243 707 1268 caussa
739 1229 930 1281 ipsomm,
952 1230 1022 1269 sed
1043 1229 1084 1268 in
1109 1230 1258 1281 populi
1280 1230 1461 1269 Romani
1480 1231 1554 1268 cle-

142 1285 291 1324 mentia
312 1299 417 1338 spem
439 1287 582 1326 salutis
596 1287 772 1338 positam
795 1301 886 1327 esse.
910 1293 947 1325 et
967 1301 1007 1326 se
1021 1287 1261 1338 suppliciter
1276 1286 1487 1341 agentibus
1503 1288 1555 1327 iis

141 1341 406 1395 adfuturum‘,
429 1350 466 1383 et
488 1344 599 1396 apud
617 1345 810 1383 consulem
816 1377 825 1394 ,
849 1351 887 1383 et
909 1344 1050 1384 Romce
1080 1344 1122 1382 in
1144 1350 1299 1383 senatu.
1331 1358 1375 1383 eo
1403 1358 1556 1397 quoqne

141 1400 245 1438 enim
268 1401 479 1440 mittendos
488 1401 591 1454 jore
610 1402 776 1454 legatos.
839 1402 945 1441 Haec
967 1416 1050 1441 una
1070 1399 1138 1440 via
1157 1401 1351 1441 omnibus
1373 1401 1424 1441 ad
1448 1401 1555 1441 salu-

143 1463 225 1496 tem
246 1457 336 1497 visa
355 1464 431 1507 est,
453 1457 533 1496 9⁷nt
557 1458 598 1497 in
612 1459 741 1511 fidem
772 1472 812 1498 se
833 1458 1117 1510 permitterent
1138 1458 1422 1497 Romanorum.
1484 1459 1555 1497 Ita

142 1513 245 1552 enim
268 1519 305 1553 et
327 1515 411 1554 illis
431 1515 614 1554 violandi
633 1516 830 1567 supplices
850 1514 1126 1554 verecundiam
1147 1528 1188 1554 se
1218 1514 1483 1567 inposituros:
1516 1522 1553 1555 et

143 1570 250 1622 ipsos
278 1571 541 1612 nihilominus
569 1585 651 1613 sicce
668 1573 886 1625 potestatis
894 1571 1009 1626 jore,
1032 1572 1068 1611 si
1095 1572 1194 1625 quid
1222 1572 1360 1612 melius
1372 1572 1554 1626 ¹fortuna

142 1629 389 1668 ostendisset.
1224 1659 1231 1663 .-

201 1684 431 1726 XXVIII.
464 1687 693 1742 Postquam
726 1687 777 1727 ad
809 1685 1019 1726 consulem
1050 1693 1222 1727 ventum
1253 1693 1330 1736 est,
1353 1686 1554 1727 Phaeneas

142 1740 360 1796 legationis
389 1743 580 1799 princeps
611 1743 776 1799 longam
804 1743 1047 1792 orationem,
1070 1751 1110 1784 et
1138 1742 1250 1783 varie
1280 1742 1332 1783 ad
1362 1743 1554 1799 mitigan-

143 1796 238 1838 dam
268 1799 371 1839 iram
404 1800 571 1841 victoris
601 1800 886 1856 compositam,
908 1799 967 1841 ita
991 1800 1044 1841 ad
1069 1807 1304 1841 extremum
1331 1800 1482 1850 finivit,
1506 1809 1554 1841 ut

141 1853 321 1903 diceret3
356 1856 518 1898 AEtolos
533 1872 574 1898 se
593 1871 741 1911 suaque
761 1858 1168 1910 omniafideipopnli
1186 1858 1371 1897 Romani
1386 1859 1554 1910 permit-
1566 1865 1653 1896 Fidei
1674 1867 1707 1913 P3
1725 1866 1766 1895 R.

141 1917 235 1951 tere.
269 1912 320 1952 Id
337 1914 481 1955 consul
497 1914 570 1955 ubi
587 1914 747 1956 audivit
764 1931 772 1955 :
806 1916 947 1955 Etiam
964 1921 1085 1968 atque
1099 1915 1220 1954 etiam
1237 1915 1380 1963 videte,
1398 1914 1549 1970 inquit,
1565 1919 1596 1939 se
1613 1915 1736 1950 perunt-

143 1969 292 2015 AEtoli,
315 1977 359 2010 ut
380 1972 440 2011 ita
457 1972 716 2023 permittatis.
779 1973 895 2012 Tum
917 1971 1131 2013 decretum
1155 1971 1370 2021 Phaeneas,
1393 1971 1435 2011 in
1466 1987 1552 2026 quo
1562 1958 1642 1984 tunt.

142 2025 187 2066 id
207 2026 361 2068 diserte
382 2029 584 2084 scriptum
605 2037 708 2079 erat,
730 2028 924 2069 ostendit.
990 2027 1164 2076 Quando
1184 2043 1292 2082 erga,
1314 2028 1469 2083 inquit,
1492 2030 1551 2068 ita
1567 2037 1710 2068 Consulis

133 2085 391 2136 permittitis,
415 2087 591 2138 postulo,
622 2092 667 2126 ut
694 2086 796 2125 mihi
827 2086 1110 2126 Dicaearchum
1145 2086 1267 2125 civem
1297 2093 1482 2135 vestrum,
1516 2092 1554 2126 et
1565 2081 1731 2122 postulata.

141 2141 387 2182 Menestams
407 2143 635 2197 Epirotam,
658 2142 946 2199 (Naupactum
969 2143 1003 2183 is
1020 2157 1114 2183 cum
1135 2141 1330 2198 praesidio
1345 2141 1554 2197 ingressus

139 2198 193 2239 ad
214 2199 488 2241 defectionem
509 2199 786 2255 compulerat)
809 2206 848 2239 et
869 2199 1173 2254 Amynandrum
1195 2213 1278 2239 cum
1295 2200 1556 2253 principibus

142 2256 428 2307 Athamanum,
445 2270 606 2311 qnorum
626 2256 793 2297 consilio
813 2256 864 2296 ab
886 2257 999 2298 nobis
1019 2257 1231 2311 defecistis,
1249 2258 1336 2297 sine
1356 2271 1468 2297 mora
1489 2258 1554 2297 de-

143 2314 262 2354 datis.
323 2315 460 2370 Prope
481 2313 685 2355 dicentem
706 2313 929 2355 interfatus
956 2315 1193 2354 Romanum
1217 2313 1432 2363 Phaeneas,
1455 2314 1553 2353 Non

143 2371 186 2409 in
205 2373 444 2420 servitutem,
466 2370 620 2426 inquit,
637 2371 707 2411 sed
726 2371 768 2410 in
772 2371 905 2423 fidem
920 2376 1028 2411 tuam
1045 2385 1116 2411 nos
1135 2372 1392 2411 tradidimus.
1415 2377 1452 2411 et
1468 2386 1552 2411 cer-

143 2432 221 2467 tum
243 2428 381 2478 habeo,
403 2435 441 2468 te
467 2428 730 2480 inprudentia
759 2427 858 2478 labi,
881 2429 952 2481 qui
980 2428 1094 2469 nobis
1123 2429 1303 2480 imperes,
1325 2441 1413 2481 (μιαί
1432 2430 1553 2468 moris

148 2482 379 2526 Graecorum
409 2499 487 2525 non
516 2486 611 2525 sint.
674 2484 745 2525 Ad
774 2484 864 2525 haec
894 2484 1051 2535 consul,
1086 2485 1172 2526 Nec
1201 2485 1367 2533 Hercle,
1398 2485 1550 2540 inquit,

187 2585 203 2610 q
222 2582 398 2613 parantibus
428 2587 462 2615 iis
490 2584 587 2616 Gron.
604 2585 695 2616 CreV.
846 2588 896 2614 fet
921 2584 1092 2623 suppliciter
1115 2596 1142 2614 a.
1172 2586 1192 2614 i.
1219 2594 1246 2614 se
1270 2584 1436 2625 affuturum
1462 2583 1551 2615 Eaed.

144 2630 154 2645 ⁵
173 2624 317 2656 Menetam
331 2626 419 2658 Eaed.
450 2651 454 2654 .

188 2721 227 2751 97
256 2721 295 2751 Ut
320 2723 351 2751 in
370 2722 462 2761 fidem
491 2735 517 2753 se
542 2726 742 2763 permitterent
765 2723 823 2754 Ro-
868 2730 970 2755 autem
993 2724 1178 2765 ignorabant
1202 2714 1311 2757 AEtoli,
1336 2720 1458 2752 nomine
1475 2721 1551 2761 fidet

147 2764 312 2804 nmnorum]
343 2764 437 2805 Apud
461 2765 618 2796 Romanos
641 2768 778 2807 infidam
797 2778 823 2797 se
868 2767 899 2797 in
928 2777 1058 2798 errorem
1087 2766 1218 2796 inducti.
1273 2765 1344 2796 vid.
1378 2763 1488 2804 Polyb.
1519 2763 1550 2794 in

140 2808 306 2845 permittere
326 2806 409 2836 idem
432 2818 552 2848 prorsus
575 2809 708 2843 valebat,
734 2820 769 2839 ac
793 2820 825 2839 se
870 2811 1017 2851 Excerpt.
1034 2811 1110 2850 Leg.
1134 2810 1180 2839 13.

142 2859 259 2890 suaque
272 2848 393 2879 victoris
416 2850 589 2891 permittere
608 2851 740 2882 arbitrio.
786 2852 824 2882 Id

936 2895 1002 2933 sss
