1947 3222
493 135 608 172 LIB.
637 133 852 170 XXXVII.
896 133 1019 171 CAP.
1053 134 1245 172 XXXIX.
1500 139 1570 172 311

160 243 233 298 qui
255 243 295 284 in
317 243 492 285 statione
512 250 645 292 crant,
667 241 753 282 duo
775 248 934 282 tamen*
955 241 1084 282 millia
1104 257 1177 297 per
1198 249 1278 293 sex,
1300 243 1416 284 nullo
1435 260 1461 284 a
1481 259 1571 285 mu-
1588 249 1672 280 U-(a'v
1691 249 1763 285 562.

158 298 342 353 nimento
361 308 590 342 castrorum
611 297 742 339 milite
761 306 948 348 avocato,
965 305 1006 339 et
1026 297 1162 353 primo
1182 314 1351 354 aequum
1373 300 1565 356 proelium
1583 292 1623 322 A.
1636 291 1674 323 C.
1689 292 1758 323 190.

158 357 406 406 sustinuere,
428 365 483 406 et,
505 363 711 396 crescente
741 355 980 405 certamine,
1008 354 1262 410 pepulerunt
1292 355 1444 407 hostes,
1476 374 1568 399 cen-

159 421 251 454 tum
281 430 333 455 ex
363 413 426 454 his
455 412 611 461 occisis,
634 419 803 453 centum
823 411 953 453 ferme
973 411 1117 468 captis.
1179 413 1262 452 Per
1291 414 1566 467 quatriduum

157 469 376 526 insequens
395 470 610 511 instructae
638 468 851 523 utrimque
871 469 979 510 acies
999 484 1076 525 pro
1096 468 1206 509 vallo
1226 476 1387 510 stetere.
1418 471 1568 525 quinto

155 527 225 568 die
246 526 424 570 Romani
445 541 680 582 processere
701 525 742 566 in
773 526 958 567 medium
988 525 1135 582 campi.
1196 525 1435 567 Antiochus
1464 527 1567 567 nihil

156 584 365 639 promovit
395 583 527 639 signa,
558 584 619 626 ita
650 591 697 624 ut
731 582 907 624 extremi
937 583 1076 624 minus
1105 582 1218 625 mille
1248 582 1375 639 pedes
1405 598 1429 624 a
1459 583 1567 624 vallo

155 641 356 682 abessent.

212 697 452 738 XXXIX.
487 698 659 748 Consul,
691 706 917 754 postquam
951 697 1172 739 detrectari
1204 705 1412 739 certamen
1446 697 1566 747 vidit,

153 762 321 810 postero
339 754 408 796 die
437 755 480 796 in
510 754 727 796 eonsilium
758 754 992 805 advocavit,
1018 754 1130 803 Quid
1157 755 1236 795 sihi
1248 755 1491 808 faciendum
1512 770 1568 796 es-

152 818 223 860 set,
245 813 283 852 si
311 811 535 853 Antiochus
559 813 774 867 pugnandi
802 813 957 865 copiam
982 826 1061 852 non
1073 813 1269 866 faceret?
1301 813 1464 853 Instare
1483 814 1567 853 hie-

152 882 262 909 mem.
295 876 367 910 aut
392 870 462 910 sub
484 869 659 923 pellibus
685 870 885 910 habendos
905 870 1172 924 mdltessore,
1195 875 1281 919 aut,
1301 871 1338 910 si
1357 872 1567 911 concedere

152 927 198 966 in
213 926 384 967 hiberna
399 929 558 974 vellent,
574 927 838 982 (Iff’rendum
853 941 933 967 esse
950 928 990 967 in
1003 934 1179 968 aestatem
1193 927 1345 967 bellum.
1388 927 1564 968 Nullum

153 999 357 1039 umquam
396 984 559 1025 hostem
595 984 776 1025 Romani
816 999 937 1039 aeque
972 991 1293 1026 contemserunt.
1340 984 1566 1025 conclama-

153 1048 244 1081 tum
261 1040 449 1097 undique
469 1049 546 1091 est,
563 1042 722 1081 duceret
738 1043 945 1094 eoetemplo,
964 1048 1002 1081 et
1015 1048 1194 1082 uteretur
1209 1042 1359 1081 ardore
1373 1042 1543 1082 militum
1554 1062 1564 1082 .-

153 1097 242 1153 qui,
270 1106 485 1154 tamquam
514 1113 596 1138 non
627 1097 903 1154 pugnandum
934 1113 1030 1138 cum
1060 1106 1122 1139 tot
1153 1097 1337 1139 millibus
1367 1098 1565 1148 hostium,

153 1154 224 1195 sed
245 1169 321 1210 par
341 1170 539 1195 numerus
559 1170 757 1211 pecorum
778 1154 1054 1196 trucidandus
1084 1163 1205 1205 esset,
1227 1170 1301 1210 per
1326 1155 1471 1205 fossas,
1493 1172 1566 1211 per

151 1211 307 1252 vallum
324 1220 459 1253 castra
478 1211 672 1252 invadere
693 1211 828 1268 parati
849 1220 980 1260 erant,
999 1212 1032 1252 si
1053 1213 1096 1252 in
1117 1212 1312 1268 proelium
1329 1212 1460 1253 hostis
1481 1228 1561 1254 non

149 1267 296 1309 exiret.
356 1267 473 1309 1⁰Cn.
497 1268 724 1318 Domitius,
747 1268 801 1309 ad
821 1268 1125 1324 explorandum
1146 1269 1238 1318 iter,
1262 1277 1303 1310 et
1331 1284 1415 1324 qua
1443 1278 1562 1325 parte

147 1324 256 1365 adiri
276 1325 434 1366 vallum
454 1325 638 1366 hostium
665 1334 820 1382 posset,
842 1326 1006 1376 missus,
1028 1335 1251 1382 postquam
1282 1327 1422 1367 onmia
1451 1335 1561 1368 certa

149 1381 309 1432 retulit,
331 1391 498 1438 postero
528 1382 596 1423 die
625 1383 800 1438 propius
829 1390 964 1424 castra
993 1383 1205 1424 admoveri
1235 1383 1406 1439 placuit.
1439 1383 1563 1425 tertio

148 1438 267 1494 signa
285 1439 329 1480 in
359 1439 545 1480 medium
575 1440 711 1496 campi
740 1439 917 1495 prolata,
939 1448 980 1480 et
1007 1439 1158 1482 instrui
1186 1441 1292 1481 acies
1319 1448 1456 1496 coepta
1486 1449 1559 1482 est.

150 1496 240 1536 Nec
279 1496 513 1537 Antiochus
543 1496 656 1538 ultra
685 1496 1045 1551 tergiversandum
1076 1506 1206 1547 ratus,
1237 1512 1288 1538 ne
1318 1506 1360 1539 et
1390 1512 1561 1538 suorum

150 1553 311 1594 animos
344 1553 552 1594 minueret
587 1553 859 1594 detrectando
893 1562 1116 1604 certamen,
1152 1562 1193 1595 et
1228 1553 1412 1595 hostium
1448 1570 1562 1611 spem
1573 1566 1666 1597 Acies
1683 1578 1714 1597 u¹

148 1618 337 1665 augeret,
359 1618 401 1651 et
421 1609 509 1666 ipse
539 1610 679 1666 copias
708 1609 882 1657 eduxit3
916 1609 947 1633 ¹¹
957 1618 1122 1652 tantum
1142 1626 1387 1666 progressus
1413 1620 1458 1652 ay
1479 1627 1564 1653 cas-
1573 1609 1704 1657 {¹4qu

147 1666 240 1717 tris,
262 1675 311 1708 ut
331 1666 629 1708 dimicaturum
649 1666 880 1723 adpareret.
942 1668 1134 1708 Romana
1153 1667 1260 1708 acies
1279 1668 1404 1709 unius
1434 1658 1741 1725 propemstrmtur.

149 1722 296 1765 formae
316 1723 414 1775 fuit,
435 1732 478 1765 et
499 1723 715 1765 hominum
736 1732 778 1765 et
798 1739 1008 1765 armorum
1030 1740 1192 1780 genere.
1226 1723 1360 1766 ¹²duae
1382 1725 1563 1781 legiones
1575 1739 1728 1769 Romana,

150 1779 369 1831 Romanae,
400 1781 497 1822 duae
528 1780 686 1822 socium
706 1795 754 1821 ac
779 1781 922 1822 Latini
950 1781 1127 1823 nominis
1147 1789 1290 1823 erant:
1324 1782 1453 1846 quina
1473 1783 1563 1823 mil-

147 1837 205 1879 lia
238 1846 280 1879 et
312 1837 622 1894 quadringenos
657 1837 834 1893 singulae
867 1838 1090 1880 habebant.
1170 1839 1350 1879 Romam
1381 1840 1560 1881 mediam

147 1895 294 1945 aciem,
325 1910 481 1936 cornua
512 1894 654 1936 Latini
685 1902 934 1936 tenuerunt:
971 1895 1233 1938 hastatorum
1263 1895 1398 1951 prima
1428 1896 1560 1953 signa,

147 1951 299 1992 deinde
320 1952 558 2008 principum
579 1959 722 1993 erant:
755 1952 888 1993 triarii
907 1960 1139 2009 postremos
1159 1953 1421 1996 claudebant.
1474 1955 1563 1994 Ex-

149 2015 216 2049 tra
234 2008 340 2049 hanc
360 2008 491 2050 veluti
507 2009 668 2064 justam
687 2008 832 2058 aciem,
854 2024 879 2049 a
898 2017 1017 2065 parte
1041 2009 1214 2050 dextera
1243 2010 1387 2051 consul
1417 2011 1562 2052 Achae-

147 2080 269 2106 orum
290 2066 472 2107 caetratis
501 2065 700 2106 inmixtos
729 2065 952 2106 auxiliares
981 2065 1198 2116 Eumenis,
1220 2066 1301 2107 tria
1326 2067 1457 2108 millia
1483 2067 1563 2108 fer-

149 2136 216 2162 me
250 2123 457 2179 peditum,
489 2130 657 2178 aequata
686 2122 823 2164 fronte
853 2122 1076 2164 instruxit:
1124 2122 1236 2164 ultra
1270 2139 1340 2164 eos
1371 2123 1563 2179 equitum

148 2178 289 2220 minus
318 2178 399 2220 tria
424 2178 554 2219 millia
582 2179 805 2235 obposuit3
839 2195 890 2221 ex
911 2179 1068 2235 quibus
1088 2179 1293 2221 Eumenis
1317 2181 1562 2235 octingenti,

149 2235 338 2292 reliquus
366 2236 501 2277 omnis
525 2236 741 2291 equitatus
774 2236 991 2277 Romanus
1021 2244 1136 2278 erat:
1170 2245 1377 2279 extremos
1400 2238 1565 2279 Tralles

147 2300 190 2335 et
224 2293 445 2336 Cretenses
477 2292 825 2349 (quingentorum
861 2293 1031 2349 utrique
1062 2308 1285 2335 numerum
1318 2294 1562 2352 explebant)

191 2405 207 2422 ²¹
222 2408 338 2433 tantum
352 2405 444 2434 Crev.
574 2406 591 2423 Χ
608 2403 759 2443 aliquanto
771 2403 919 2442 pauciores
934 2404 966 2434 in
980 2404 1102 2434 statione
1115 2410 1210 2439 erant,
1224 2410 1251 2435 et
1268 2410 1361 2435 tamen
1377 2416 1429 2444 per
1442 2416 1469 2436 se
1485 2406 1566 2435 nullo

153 2444 250 2477 Gron.
334 2449 353 2474 Υ
366 2457 380 2477 e
393 2445 475 2477 Ead.

153 2545 302 2582 pauciores
335 2547 369 2576 in
402 2546 524 2577 statione
553 2551 648 2581 erant,
679 2552 706 2576 et
743 2552 839 2576 tamen
882 2553 1058 2586 progressus
1089 2555 1108 2576 a
1142 2545 1262 2581 castris,
1291 2557 1385 2587 quam
1418 2552 1566 2588 quantum

150 2596 254 2626 perse.
883 2596 1007 2619 necesse
1033 2594 1110 2625 erat,
1135 2594 1170 2619 ut
1193 2589 1412 2620 dimicaturum
1439 2599 1567 2630 appare-

201 2629 239 2658 10
263 2629 318 2659 Cn.
347 2630 508 2671 Domitius]
541 2631 636 2661 Hunc
665 2630 839 2662 Domitium
881 2635 938 2661 ret.
982 2631 1189 2663 Gronovianae
1224 2632 1376 2665 editiones
1410 2632 1527 2663 habent
1556 2643 1569 2661 c

156 2670 322 2702 Africanus
334 2671 417 2703 vices
431 2683 503 2704 suas
517 2674 601 2705 obire
617 2673 702 2715 apud
716 2674 841 2705 fratrem
882 2675 1002 2705 castris.-
1024 2674 1187 2714 mendose.-

154 2718 297 2754 jusserat,
319 2723 451 2755 eumque
471 2717 600 2748 consilio
618 2727 740 2758 juvare,
765 2717 841 2747 dum
930 2717 969 2747 12
992 2718 1071 2748 Duoe
1099 2719 1222 2759 legiones
1252 2718 1404 2753 Romam,
1430 2719 1499 2747 dnoe
1528 2728 1570 2746 ω.

151 2757 219 2798 ipse
247 2756 376 2792 abesset,
407 2759 535 2790 testibus
562 2760 647 2790 Plut.
685 2760 717 2790 in
755 2759 840 2802 Apo·
885 2759 979 2801 ciz'cm]
1008 2762 1089 2802 Lege
1111 2763 1178 2791 [111oe
1198 2762 1256 2791 uloe
1277 2761 1394 2791 sociam.
1440 2760 1573 2801 Legionis

154 2799 315 2842 phthegm.
331 2805 364 2830 et
378 2799 522 2842 Appiano
537 2802 568 2833 in
583 2804 653 2845 Syr.
887 2803 970 2834 enim
993 2814 1104 2835 nomen
1129 2803 1168 2834 a‘d
1195 2804 1274 2835 solos
1300 2803 1456 2834 Romanos
1480 2802 1571 2845 perti-

199 2843 236 2872 ll
263 2841 391 2872 Tantum
421 2853 584 2886 progressus
613 2857 633 2875 a
669 2848 782 2882 castris,
811 2852 844 2875 ut
889 2851 942 2877 net
952 2859 961 2885 3
983 2848 1048 2883 alte,
1066 2846 1106 2877 ad.
1120 2844 1226 2877 socios.

152 2885 362 2916 dimicaturum
398 2889 565 2928 appareret]
612 2888 686 2919 Non
722 2887 847 2929 longius

962 2946 988 2970 x
1013 2932 1037 2970 4
