<?xml version="1.0" encoding="UTF-8"?>
<!DOCTYPE html PUBLIC "-//W3C//DTD XHTML 1.0 Transitional//EN"
    "http://www.w3.org/TR/xhtml1/DTD/xhtml1-transitional.dtd">
<html xmlns="http://www.w3.org/1999/xhtml" xml:lang="en" lang="en">
 <head>
  <title>
</title>
<meta http-equiv="Content-Type" content="text/html;charset=utf-8" />
  <meta name='ocr-system' content='tesseract 3.04.00' />
  <meta name='ocr-capabilities' content='ocr_page ocr_carea ocr_par ocr_line ocrx_word'/>
</head>
<body>
  <div class='ocr_page' id='page_1' title='image "./historiarumaburb03livyuoft_0267.png"; bbox 0 0 1947 3222; ppageno 0'>
   <div class='ocr_carea' id='block_1_1' title="bbox 509 76 1567 120">
    <p class='ocr_par' dir='ltr' id='par_1_1' title="bbox 509 76 1567 120">
     <span class='ocr_line' id='line_1_1' title="bbox 509 76 1567 120; baseline -0.002 -4"><span class='ocrx_word' id='word_1_1' title='bbox 509 79 634 116; x_wconf 90' lang='lat' dir='ltr'>LIB.</span> <span class='ocrx_word' id='word_1_2' title='bbox 664 76 854 114; x_wconf 80' lang='lat' dir='ltr'>XXXV-I.</span> <span class='ocrx_word' id='word_1_3' title='bbox 896 78 967 113; x_wconf 78' lang='lat' dir='ltr'>CA</span> <span class='ocrx_word' id='word_1_4' title='bbox 983 77 1022 114; x_wconf 89' lang='lat' dir='ltr'>P.</span> <span class='ocrx_word' id='word_1_5' title='bbox 1054 78 1210 114; x_wconf 83' lang='lat' dir='ltr'>XXIII.</span> <span class='ocrx_word' id='word_1_6' title='bbox 1495 83 1567 120; x_wconf 71' lang='lat'><em>‘2:37</em></span> 
     </span>
    </p>
   </div>
   <div class='ocr_carea' id='block_1_2' title="bbox 145 185 1763 1663">
    <p class='ocr_par' dir='ltr' id='par_1_2' title="bbox 145 185 1763 1663">
     <span class='ocr_line' id='line_1_2' title="bbox 151 185 1759 242; baseline -0.002 -15"><span class='ocrx_word' id='word_1_7' title='bbox 151 189 317 230; x_wconf 78' lang='lat' dir='ltr'>columes</span> <span class='ocrx_word' id='word_1_8' title='bbox 339 203 427 230; x_wconf 77' lang='lat' dir='ltr'>esse.</span> <span class='ocrx_word' id='word_1_9' title='bbox 470 188 543 229; x_wconf 90' lang='lat' dir='ltr'>Ad</span> <span class='ocrx_word' id='word_1_10' title='bbox 559 203 606 229; x_wconf 86' lang='lat' dir='ltr'>ea</span> <span class='ocrx_word' id='word_1_11' title='bbox 621 201 753 242; x_wconf 91' lang='lat' dir='ltr'>quum</span> <span class='ocrx_word' id='word_1_12' title='bbox 771 185 907 242; x_wconf 86' lang='lat' dir='ltr'>pacati</span> <span class='ocrx_word' id='word_1_13' title='bbox 924 185 1026 226; x_wconf 88' lang='lat' dir='ltr'>nihil</span> <span class='ocrx_word' id='word_1_14' title='bbox 1043 186 1377 240; x_wconf 61' lang='lat' dir='ltr'>responderetur,</span> <span class='ocrx_word' id='word_1_15' title='bbox 1395 187 1445 227; x_wconf 82' lang='lat' dir='ltr'>ad</span> <span class='ocrx_word' id='word_1_16' title='bbox 1453 202 1566 242; x_wconf 83' lang='lat' dir='ltr'>pare-</span> <span class='ocrx_word' id='word_1_17' title='bbox 1585 194 1622 224; x_wconf 65' lang='grc' dir='ltr'>ι’.</span> <span class='ocrx_word' id='word_1_18' title='bbox 1638 194 1759 224; x_wconf 79' lang='grc' dir='ltr'><strong>(“.56ι.</strong></span> 
     </span>
     <span class='ocr_line' id='line_1_3' title="bbox 152 237 1760 300; baseline 0 -16"><span class='ocrx_word' id='word_1_19' title='bbox 152 252 314 300; x_wconf 86' lang='lat' dir='ltr'>retque,</span> <span class='ocrx_word' id='word_1_20' title='bbox 331 245 454 286; x_wconf 86' lang='lat' dir='ltr'>armis</span> <span class='ocrx_word' id='word_1_21' title='bbox 471 259 554 285; x_wconf 84' lang='lat' dir='ltr'>rem</span> <span class='ocrx_word' id='word_1_22' title='bbox 571 243 811 299; x_wconf 81' lang='lat' dir='ltr'>gerendam,</span> <span class='ocrx_word' id='word_1_23' title='bbox 829 251 885 292; x_wconf 87' lang='lat' dir='ltr'>et,</span> <span class='ocrx_word' id='word_1_24' title='bbox 903 257 999 297; x_wconf 82' lang='lat' dir='ltr'>rege</span> <span class='ocrx_word' id='word_1_25' title='bbox 1017 250 1227 297; x_wconf 82' lang='lat' dir='ltr'>superato,</span> <span class='ocrx_word' id='word_1_26' title='bbox 1244 242 1399 283; x_wconf 89' lang='lat' dir='ltr'>bellum</span> <span class='ocrx_word' id='word_1_27' title='bbox 1416 244 1567 284; x_wconf 78' lang='lat' dir='ltr'>AEtoli-</span> <span class='ocrx_word' id='word_1_28' title='bbox 1580 237 1619 267; x_wconf 66' lang='grc' dir='ltr'>Λ·</span> <span class='ocrx_word' id='word_1_29' title='bbox 1637 237 1674 267; x_wconf 72' lang='grc'>(’·</span> <span class='ocrx_word' id='word_1_30' title='bbox 1690 237 1760 267; x_wconf 79' lang='lat'>¹9¹·</span> 
     </span>
     <span class='ocr_line' id='line_1_4' title="bbox 151 297 1563 357; baseline 0 -16"><span class='ocrx_word' id='word_1_31' title='bbox 151 316 245 342; x_wconf 91' lang='lat' dir='ltr'>cum</span> <span class='ocrx_word' id='word_1_32' title='bbox 268 302 476 357; x_wconf 85' lang='lat' dir='ltr'>integrum</span> <span class='ocrx_word' id='word_1_33' title='bbox 493 308 672 347; x_wconf 80' lang='lat' dir='ltr'>restare3</span> <span class='ocrx_word' id='word_1_34' title='bbox 705 308 840 341; x_wconf 85' lang='lat' dir='ltr'>castra</span> <span class='ocrx_word' id='word_1_35' title='bbox 855 300 908 340; x_wconf 88' lang='lat' dir='ltr'>ab</span> <span class='ocrx_word' id='word_1_36' title='bbox 931 297 1231 354; x_wconf 73' lang='lat' dir='ltr'>Thermopylis</span> <span class='ocrx_word' id='word_1_37' title='bbox 1246 299 1298 338; x_wconf 88' lang='lat' dir='ltr'>ad</span> <span class='ocrx_word' id='word_1_38' title='bbox 1317 300 1563 342; x_wconf 72' lang='lat' dir='ltr'>Heracleam</span> 
     </span>
     <span class='ocr_line' id='line_1_5' title="bbox 150 354 1563 414; baseline 0.001 -17"><span class='ocrx_word' id='word_1_39' title='bbox 150 358 281 399; x_wconf 84' lang='lat' dir='ltr'>movit</span> <span class='ocrx_word' id='word_1_40' title='bbox 296 375 304 399; x_wconf 92' lang='lat'>:</span> <span class='ocrx_word' id='word_1_41' title='bbox 338 373 470 414; x_wconf 87' lang='lat' dir='ltr'>eoque</span> <span class='ocrx_word' id='word_1_42' title='bbox 485 357 575 413; x_wconf 89' lang='lat' dir='ltr'>ipso</span> <span class='ocrx_word' id='word_1_43' title='bbox 591 357 672 406; x_wconf 87' lang='lat' dir='ltr'>die,</span> <span class='ocrx_word' id='word_1_44' title='bbox 691 364 739 398; x_wconf 90' lang='lat' dir='ltr'>ut</span> <span class='ocrx_word' id='word_1_45' title='bbox 756 357 881 398; x_wconf 89' lang='lat' dir='ltr'>situm</span> <span class='ocrx_word' id='word_1_46' title='bbox 899 365 1085 397; x_wconf 90' lang='lat' dir='ltr'>nosceret</span> <span class='ocrx_word' id='word_1_47' title='bbox 1101 354 1232 403; x_wconf 86' lang='lat' dir='ltr'>urbis,</span> <span class='ocrx_word' id='word_1_48' title='bbox 1250 355 1302 394; x_wconf 86' lang='lat' dir='ltr'>ab</span> <span class='ocrx_word' id='word_1_49' title='bbox 1319 356 1429 396; x_wconf 88' lang='lat' dir='ltr'>omni</span> <span class='ocrx_word' id='word_1_50' title='bbox 1446 367 1563 412; x_wconf 88' lang='lat' dir='ltr'>parte</span> 
     </span>
     <span class='ocr_line' id='line_1_6' title="bbox 150 411 1763 470; baseline -0.001 -15"><span class='ocrx_word' id='word_1_51' title='bbox 150 430 259 470; x_wconf 86' lang='lat' dir='ltr'>equo</span> <span class='ocrx_word' id='word_1_52' title='bbox 280 415 431 455; x_wconf 82' lang='lat' dir='ltr'>moenia</span> <span class='ocrx_word' id='word_1_53' title='bbox 446 422 505 454; x_wconf 84' lang='lat' dir='ltr'>est</span> <span class='ocrx_word' id='word_1_54' title='bbox 529 414 843 454; x_wconf 80' lang='lat' dir='ltr'>circumvectus.</span> <span class='ocrx_word' id='word_1_55' title='bbox 890 413 978 454; x_wconf 79' lang='lat' dir='ltr'>Sita</span> <span class='ocrx_word' id='word_1_56' title='bbox 995 422 1055 454; x_wconf 90' lang='lat' dir='ltr'>est</span> <span class='ocrx_word' id='word_1_57' title='bbox 1073 411 1279 452; x_wconf 84' lang='lat' dir='ltr'>Heraclea</span> <span class='ocrx_word' id='word_1_58' title='bbox 1295 411 1334 451; x_wconf 90' lang='lat' dir='ltr'>in</span> <span class='ocrx_word' id='word_1_59' title='bbox 1353 413 1563 455; x_wconf 75' lang='lat' dir='ltr'>radicibus</span> <span class='ocrx_word' id='word_1_60' title='bbox 1579 424 1763 456; x_wconf 79' lang='lat' dir='ltr'>Heracleam</span> 
     </span>
     <span class='ocr_line' id='line_1_7' title="bbox 153 467 1706 526; baseline 0.001 -16"><span class='ocrx_word' id='word_1_61' title='bbox 153 473 270 512; x_wconf 79' lang='lat' dir='ltr'>O&#39;etae</span> <span class='ocrx_word' id='word_1_62' title='bbox 300 471 474 512; x_wconf 88' lang='lat' dir='ltr'>montis:</span> <span class='ocrx_word' id='word_1_63' title='bbox 508 471 599 526; x_wconf 87' lang='lat' dir='ltr'>ipsa</span> <span class='ocrx_word' id='word_1_64' title='bbox 628 470 669 510; x_wconf 88' lang='lat' dir='ltr'>in</span> <span class='ocrx_word' id='word_1_65' title='bbox 701 485 862 526; x_wconf 87' lang='lat' dir='ltr'>campo,</span> <span class='ocrx_word' id='word_1_66' title='bbox 894 485 1029 510; x_wconf 87' lang='lat' dir='ltr'>arcem</span> <span class='ocrx_word' id='word_1_67' title='bbox 1060 468 1328 510; x_wconf 79' lang='lat' dir='ltr'>inminentem</span> <span class='ocrx_word' id='word_1_68' title='bbox 1359 468 1449 510; x_wconf 88' lang='lat' dir='ltr'>loco</span> <span class='ocrx_word' id='word_1_69' title='bbox 1479 470 1564 511; x_wconf 86' lang='lat' dir='ltr'>alto</span> <span class='ocrx_word' id='word_1_70' title='bbox 1577 467 1706 498; x_wconf 68' lang='lat' dir='ltr'>obsidet.</span> 
     </span>
     <span class='ocr_line' id='line_1_8' title="bbox 151 525 1565 583; baseline -0.001 -14"><span class='ocrx_word' id='word_1_71' title='bbox 151 536 192 569; x_wconf 84' lang='lat' dir='ltr'>et</span> <span class='ocrx_word' id='word_1_72' title='bbox 223 527 407 583; x_wconf 84' lang='lat' dir='ltr'>undique</span> <span class='ocrx_word' id='word_1_73' title='bbox 429 527 635 583; x_wconf 83' lang='lat' dir='ltr'>praecipiti</span> <span class='ocrx_word' id='word_1_74' title='bbox 655 527 795 568; x_wconf 83' lang='lat' dir='ltr'>habet.</span> <span class='ocrx_word' id='word_1_75' title='bbox 840 526 1160 582; x_wconf 78' lang='lat' dir='ltr'>Contemplatus</span> <span class='ocrx_word' id='word_1_76' title='bbox 1180 525 1332 576; x_wconf 89' lang='lat' dir='ltr'>omnia,</span> <span class='ocrx_word' id='word_1_77' title='bbox 1356 541 1452 581; x_wconf 83' lang='lat' dir='ltr'>quae</span> <span class='ocrx_word' id='word_1_78' title='bbox 1474 542 1565 568; x_wconf 89' lang='lat' dir='ltr'>nos-</span> 
     </span>
     <span class='ocr_line' id='line_1_9' title="bbox 151 582 1563 640; baseline -0.001 -16"><span class='ocrx_word' id='word_1_79' title='bbox 151 583 280 625; x_wconf 86' lang='lat' dir='ltr'>cenda</span> <span class='ocrx_word' id='word_1_80' title='bbox 308 593 440 633; x_wconf 87' lang='lat' dir='ltr'>erant,</span> <span class='ocrx_word' id='word_1_81' title='bbox 466 593 650 640; x_wconf 88' lang='lat' dir='ltr'>quatuor</span> <span class='ocrx_word' id='word_1_82' title='bbox 678 583 802 625; x_wconf 89' lang='lat' dir='ltr'>simul</span> <span class='ocrx_word' id='word_1_83' title='bbox 832 584 932 624; x_wconf 91' lang='lat' dir='ltr'>locis</span> <span class='ocrx_word' id='word_1_84' title='bbox 959 582 1133 639; x_wconf 84' lang='lat' dir='ltr'>adgredi</span> <span class='ocrx_word' id='word_1_85' title='bbox 1160 583 1305 623; x_wconf 87' lang='lat' dir='ltr'>urbem</span> <span class='ocrx_word' id='word_1_86' title='bbox 1333 583 1563 625; x_wconf 85' lang='lat' dir='ltr'>constituit.</span> 
     </span>
     <span class='ocr_line' id='line_1_10' title="bbox 149 639 1566 698; baseline 0.001 -18"><span class='ocrx_word' id='word_1_87' title='bbox 149 656 174 680; x_wconf 85' lang='lat' dir='ltr'>a</span> <span class='ocrx_word' id='word_1_88' title='bbox 202 640 372 681; x_wconf 88' lang='lat' dir='ltr'>flumine</span> <span class='ocrx_word' id='word_1_89' title='bbox 403 642 564 698; x_wconf 84' lang='lat' dir='ltr'>Asopo,</span> <span class='ocrx_word' id='word_1_90' title='bbox 587 657 673 697; x_wconf 87' lang='lat' dir='ltr'>qua</span> <span class='ocrx_word' id='word_1_91' title='bbox 703 649 743 682; x_wconf 90' lang='lat' dir='ltr'>et</span> <span class='ocrx_word' id='word_1_92' title='bbox 770 641 1035 696; x_wconf 78' lang='lat' dir='ltr'>gymnasium</span> <span class='ocrx_word' id='word_1_93' title='bbox 1058 648 1135 690; x_wconf 85' lang='lat' dir='ltr'>est,</span> <span class='ocrx_word' id='word_1_94' title='bbox 1159 639 1210 680; x_wconf 92' lang='lat' dir='ltr'>L.</span> <span class='ocrx_word' id='word_1_95' title='bbox 1234 639 1447 681; x_wconf 89' lang='lat' dir='ltr'>Valerium</span> <span class='ocrx_word' id='word_1_96' title='bbox 1469 656 1566 696; x_wconf 88' lang='lat' dir='ltr'>ope-</span> 
     </span>
     <span class='ocr_line' id='line_1_11' title="bbox 147 697 1565 754; baseline 0.001 -17"><span class='ocrx_word' id='word_1_97' title='bbox 147 697 263 738; x_wconf 87' lang='lat' dir='ltr'>ribus</span> <span class='ocrx_word' id='word_1_98' title='bbox 292 706 421 753; x_wconf 86' lang='lat' dir='ltr'>atque</span> <span class='ocrx_word' id='word_1_99' title='bbox 450 697 755 754; x_wconf 77' lang='lat' dir='ltr'>obpugnationi</span> <span class='ocrx_word' id='word_1_100' title='bbox 776 698 1031 754; x_wconf 87' lang='lat' dir='ltr'>praeposuit:</span> <span class='ocrx_word' id='word_1_101' title='bbox 1064 697 1237 737; x_wconf 79' lang='lat' dir='ltr'>⁸⁴¹arcem</span> <span class='ocrx_word' id='word_1_102' title='bbox 1259 704 1379 737; x_wconf 86' lang='lat' dir='ltr'>extra</span> <span class='ocrx_word' id='word_1_103' title='bbox 1408 712 1565 749; x_wconf 78' lang='lat' dir='ltr'>muros,</span> 
     </span>
     <span class='ocr_line' id='line_1_12' title="bbox 147 753 1567 811; baseline 0 -17"><span class='ocrx_word' id='word_1_104' title='bbox 147 769 244 809; x_wconf 89' lang='lat' dir='ltr'>quae</span> <span class='ocrx_word' id='word_1_105' title='bbox 273 754 537 810; x_wconf 83' lang='lat' dir='ltr'>frequentius</span> <span class='ocrx_word' id='word_1_106' title='bbox 567 770 711 811; x_wconf 80' lang='lat' dir='ltr'>prope,</span> <span class='ocrx_word' id='word_1_107' title='bbox 744 769 870 808; x_wconf 90' lang='lat' dir='ltr'>quam</span> <span class='ocrx_word' id='word_1_108' title='bbox 901 755 1017 804; x_wconf 87' lang='lat' dir='ltr'>urbs,</span> <span class='ocrx_word' id='word_1_109' title='bbox 1048 753 1334 804; x_wconf 78' lang='lat' dir='ltr'>habitabatur,</span> <span class='ocrx_word' id='word_1_110' title='bbox 1359 754 1427 794; x_wconf 89' lang='lat' dir='ltr'>Ti.</span> <span class='ocrx_word' id='word_1_111' title='bbox 1453 755 1567 795; x_wconf 86' lang='lat' dir='ltr'>Sem-</span> 
     </span>
     <span class='ocr_line' id='line_1_13' title="bbox 148 810 1565 867; baseline 0.001 -17"><span class='ocrx_word' id='word_1_112' title='bbox 148 811 296 865; x_wconf 88' lang='lat' dir='ltr'>pronio</span> <span class='ocrx_word' id='word_1_113' title='bbox 319 811 468 867; x_wconf 87' lang='lat' dir='ltr'>Longo</span> <span class='ocrx_word' id='word_1_114' title='bbox 492 811 819 867; x_wconf 83' lang='lat' dir='ltr'>obpugnandam</span> <span class='ocrx_word' id='word_1_115' title='bbox 842 811 983 852; x_wconf 88' lang='lat' dir='ltr'>dedit:</span> <span class='ocrx_word' id='word_1_116' title='bbox 1018 810 1110 852; x_wconf 66' lang='lat' dir='ltr'>²³⁵am</span> <span class='ocrx_word' id='word_1_117' title='bbox 1133 810 1224 851; x_wconf 81' lang='lat' dir='ltr'>sinu</span> <span class='ocrx_word' id='word_1_118' title='bbox 1248 810 1445 861; x_wconf 83' lang='lat' dir='ltr'>Maliaco,</span> <span class='ocrx_word' id='word_1_119' title='bbox 1467 827 1565 866; x_wconf 84' lang='lat' dir='ltr'>quae</span> 
     </span>
     <span class='ocr_line' id='line_1_14' title="bbox 146 867 1565 924; baseline 0.001 -17"><span class='ocrx_word' id='word_1_120' title='bbox 146 867 310 908; x_wconf 85' lang='lat' dir='ltr'>aditum</span> <span class='ocrx_word' id='word_1_121' title='bbox 337 868 450 909; x_wconf 85' lang='lat' dir='ltr'>haud</span> <span class='ocrx_word' id='word_1_122' title='bbox 480 868 643 909; x_wconf 85' lang='lat' dir='ltr'>facilem</span> <span class='ocrx_word' id='word_1_123' title='bbox 673 884 769 924; x_wconf 91' lang='lat' dir='ltr'>pars</span> <span class='ocrx_word' id='word_1_124' title='bbox 799 868 995 918; x_wconf 89' lang='lat' dir='ltr'>habebat,</span> <span class='ocrx_word' id='word_1_125' title='bbox 1020 867 1083 908; x_wconf 92' lang='lat' dir='ltr'>M.</span> <span class='ocrx_word' id='word_1_126' title='bbox 1108 867 1326 915; x_wconf 78' lang='lat' dir='ltr'>Baebium3</span> <span class='ocrx_word' id='word_1_127' title='bbox 1360 868 1413 908; x_wconf 92' lang='lat' dir='ltr'>ab</span> <span class='ocrx_word' id='word_1_128' title='bbox 1434 867 1565 909; x_wconf 86' lang='lat' dir='ltr'>altero</span> 
     </span>
     <span class='ocr_line' id='line_1_15' title="bbox 147 924 1564 980; baseline 0.001 -17"><span class='ocrx_word' id='word_1_129' title='bbox 147 925 370 975; x_wconf 85' lang='lat' dir='ltr'>amniculo,</span> <span class='ocrx_word' id='word_1_130' title='bbox 392 941 516 980; x_wconf 90' lang='lat' dir='ltr'>quem</span> <span class='ocrx_word' id='word_1_131' title='bbox 549 925 720 966; x_wconf 82' lang='lat' dir='ltr'>Melana</span> <span class='ocrx_word' id='word_1_132' title='bbox 750 933 913 975; x_wconf 83' lang='lat' dir='ltr'>vocant,</span> <span class='ocrx_word' id='word_1_133' title='bbox 936 925 1135 965; x_wconf 84' lang='lat' dir='ltr'>adversus</span> <span class='ocrx_word' id='word_1_134' title='bbox 1164 924 1313 965; x_wconf 81' lang='lat' dir='ltr'>Dianae</span> <span class='ocrx_word' id='word_1_135' title='bbox 1344 924 1564 980; x_wconf 86' lang='lat' dir='ltr'>templum,</span> 
     </span>
     <span class='ocr_line' id='line_1_16' title="bbox 149 981 1565 1038; baseline 0.001 -18"><span class='ocrx_word' id='word_1_136' title='bbox 149 982 236 1036; x_wconf 76' lang='lat' dir='ltr'>Ap,</span> <span class='ocrx_word' id='word_1_137' title='bbox 261 981 488 1023; x_wconf 87' lang='lat' dir='ltr'>Claudium</span> <span class='ocrx_word' id='word_1_138' title='bbox 509 981 718 1038; x_wconf 87' lang='lat' dir='ltr'>obposuit.</span> <span class='ocrx_word' id='word_1_139' title='bbox 779 981 988 1022; x_wconf 77' lang='lat' dir='ltr'>⁸⁶Horum</span> <span class='ocrx_word' id='word_1_140' title='bbox 1019 996 1171 1037; x_wconf 83' lang='lat' dir='ltr'>magno</span> <span class='ocrx_word' id='word_1_141' title='bbox 1200 981 1425 1022; x_wconf 83' lang='lat' dir='ltr'>certamine</span> <span class='ocrx_word' id='word_1_142' title='bbox 1454 982 1565 1022; x_wconf 86' lang='lat' dir='ltr'>intra</span> 
     </span>
     <span class='ocr_line' id='line_1_17' title="bbox 146 1038 1565 1094; baseline 0.001 -16"><span class='ocrx_word' id='word_1_143' title='bbox 146 1053 301 1093; x_wconf 85' lang='lat' dir='ltr'>paucos</span> <span class='ocrx_word' id='word_1_144' title='bbox 331 1039 419 1080; x_wconf 87' lang='lat' dir='ltr'>dies</span> <span class='ocrx_word' id='word_1_145' title='bbox 447 1048 596 1088; x_wconf 75' lang='lat' dir='ltr'>turreS,</span> <span class='ocrx_word' id='word_1_146' title='bbox 619 1039 867 1094; x_wconf 85' lang='lat' dir='ltr'>arietesque,</span> <span class='ocrx_word' id='word_1_147' title='bbox 890 1047 930 1079; x_wconf 90' lang='lat' dir='ltr'>et</span> <span class='ocrx_word' id='word_1_148' title='bbox 952 1038 1058 1079; x_wconf 86' lang='lat' dir='ltr'>alius</span> <span class='ocrx_word' id='word_1_149' title='bbox 1088 1038 1222 1078; x_wconf 86' lang='lat' dir='ltr'>omnis</span> <span class='ocrx_word' id='word_1_150' title='bbox 1243 1038 1471 1094; x_wconf 84' lang='lat' dir='ltr'>adparatus</span> <span class='ocrx_word' id='word_1_151' title='bbox 1493 1039 1565 1079; x_wconf 82' lang='lat' dir='ltr'>ob-</span> 
     </span>
     <span class='ocr_line' id='line_1_18' title="bbox 147 1094 1565 1151; baseline 0.001 -17"><span class='ocrx_word' id='word_1_152' title='bbox 147 1095 468 1150; x_wconf 85' lang='lat' dir='ltr'>pugnandarum</span> <span class='ocrx_word' id='word_1_153' title='bbox 491 1095 659 1136; x_wconf 85' lang='lat' dir='ltr'>urbium</span> <span class='ocrx_word' id='word_1_154' title='bbox 681 1095 907 1150; x_wconf 86' lang='lat' dir='ltr'>perficitur.</span> <span class='ocrx_word' id='word_1_155' title='bbox 971 1094 1027 1135; x_wconf 86' lang='lat' dir='ltr'>Et</span> <span class='ocrx_word' id='word_1_156' title='bbox 1045 1110 1178 1151; x_wconf 90' lang='lat' dir='ltr'>quum</span> <span class='ocrx_word' id='word_1_157' title='bbox 1195 1110 1294 1150; x_wconf 83' lang='lat' dir='ltr'>ager</span> <span class='ocrx_word' id='word_1_158' title='bbox 1316 1094 1565 1136; x_wconf 88' lang='lat' dir='ltr'>Heracleen-</span> 
     </span>
     <span class='ocr_line' id='line_1_19' title="bbox 147 1151 1565 1208; baseline 0.001 -17"><span class='ocrx_word' id='word_1_159' title='bbox 147 1151 201 1192; x_wconf 82' lang='lat' dir='ltr'>sis</span> <span class='ocrx_word' id='word_1_160' title='bbox 230 1152 417 1207; x_wconf 87' lang='lat' dir='ltr'>paluster</span> <span class='ocrx_word' id='word_1_161' title='bbox 446 1152 579 1193; x_wconf 89' lang='lat' dir='ltr'>omnis</span> <span class='ocrx_word' id='word_1_162' title='bbox 602 1151 886 1208; x_wconf 83' lang='lat' dir='ltr'>frequensque</span> <span class='ocrx_word' id='word_1_163' title='bbox 915 1153 1098 1207; x_wconf 87' lang='lat' dir='ltr'>proceris</span> <span class='ocrx_word' id='word_1_164' title='bbox 1129 1152 1364 1201; x_wconf 86' lang='lat' dir='ltr'>arboribus,</span> <span class='ocrx_word' id='word_1_165' title='bbox 1386 1151 1565 1207; x_wconf 86' lang='lat' dir='ltr'>benigne</span> 
     </span>
     <span class='ocr_line' id='line_1_20' title="bbox 146 1207 1566 1265; baseline 0.001 -17"><span class='ocrx_word' id='word_1_166' title='bbox 146 1208 200 1248; x_wconf 89' lang='lat' dir='ltr'>ad</span> <span class='ocrx_word' id='word_1_167' title='bbox 220 1223 342 1249; x_wconf 91' lang='lat' dir='ltr'>omne</span> <span class='ocrx_word' id='word_1_168' title='bbox 372 1224 504 1262; x_wconf 77' lang='lat' dir='ltr'>genus</span> <span class='ocrx_word' id='word_1_169' title='bbox 533 1224 707 1265; x_wconf 88' lang='lat' dir='ltr'>operum</span> <span class='ocrx_word' id='word_1_170' title='bbox 738 1208 953 1250; x_wconf 88' lang='lat' dir='ltr'>materiam</span> <span class='ocrx_word' id='word_1_171' title='bbox 976 1207 1299 1265; x_wconf 84' lang='lat' dir='ltr'>suppeditabat:</span> <span class='ocrx_word' id='word_1_172' title='bbox 1333 1217 1440 1258; x_wconf 90' lang='lat' dir='ltr'>tum,</span> <span class='ocrx_word' id='word_1_173' title='bbox 1463 1209 1566 1264; x_wconf 89' lang='lat' dir='ltr'>quia</span> 
     </span>
     <span class='ocr_line' id='line_1_21' title="bbox 145 1265 1564 1321; baseline 0.001 -17"><span class='ocrx_word' id='word_1_174' title='bbox 145 1265 387 1321; x_wconf 86' lang='lat' dir='ltr'>refugerant</span> <span class='ocrx_word' id='word_1_175' title='bbox 417 1266 527 1307; x_wconf 87' lang='lat' dir='ltr'>intra</span> <span class='ocrx_word' id='word_1_176' title='bbox 556 1266 710 1306; x_wconf 86' lang='lat' dir='ltr'>moenia</span> <span class='ocrx_word' id='word_1_177' title='bbox 739 1265 890 1316; x_wconf 83' lang='lat' dir='ltr'>AEtoh&#39;,</span> <span class='ocrx_word' id='word_1_178' title='bbox 912 1265 1129 1315; x_wconf 81' lang='lat' dir='ltr'>87deserta,</span> <span class='ocrx_word' id='word_1_179' title='bbox 1156 1280 1252 1320; x_wconf 87' lang='lat' dir='ltr'>quae</span> <span class='ocrx_word' id='word_1_180' title='bbox 1282 1266 1325 1305; x_wconf 90' lang='lat' dir='ltr'>in</span> <span class='ocrx_word' id='word_1_181' title='bbox 1356 1265 1564 1306; x_wconf 81' lang='lat' dir='ltr'>vestibulo</span> 
     </span>
     <span class='ocr_line' id='line_1_22' title="bbox 145 1321 1563 1377; baseline 0.001 -16"><span class='ocrx_word' id='word_1_182' title='bbox 145 1321 261 1363; x_wconf 91' lang='lat' dir='ltr'>urbis</span> <span class='ocrx_word' id='word_1_183' title='bbox 292 1331 424 1373; x_wconf 86' lang='lat' dir='ltr'>erant,</span> <span class='ocrx_word' id='word_1_184' title='bbox 447 1330 557 1364; x_wconf 91' lang='lat' dir='ltr'>tecta</span> <span class='ocrx_word' id='word_1_185' title='bbox 577 1323 620 1363; x_wconf 91' lang='lat' dir='ltr'>in</span> <span class='ocrx_word' id='word_1_186' title='bbox 641 1323 777 1364; x_wconf 84' lang='lat' dir='ltr'>varios</span> <span class='ocrx_word' id='word_1_187' title='bbox 799 1339 900 1363; x_wconf 86' lang='lat' dir='ltr'>usus</span> <span class='ocrx_word' id='word_1_188' title='bbox 921 1338 1002 1363; x_wconf 91' lang='lat' dir='ltr'>non</span> <span class='ocrx_word' id='word_1_189' title='bbox 1023 1323 1141 1377; x_wconf 83' lang='lat' dir='ltr'>tigna</span> <span class='ocrx_word' id='word_1_190' title='bbox 1161 1321 1286 1362; x_wconf 87' lang='lat' dir='ltr'>modo</span> <span class='ocrx_word' id='word_1_191' title='bbox 1311 1334 1352 1363; x_wconf 89' lang='lat' dir='ltr'>et</span> <span class='ocrx_word' id='word_1_192' title='bbox 1383 1322 1563 1372; x_wconf 89' lang='lat' dir='ltr'>tabulas,</span> 
     </span>
     <span class='ocr_line' id='line_1_23' title="bbox 146 1378 1565 1436; baseline 0.001 -18"><span class='ocrx_word' id='word_1_193' title='bbox 146 1378 218 1418; x_wconf 86' lang='lat' dir='ltr'>sed</span> <span class='ocrx_word' id='word_1_194' title='bbox 239 1379 409 1420; x_wconf 90' lang='lat' dir='ltr'>laterem</span> <span class='ocrx_word' id='word_1_195' title='bbox 436 1395 622 1436; x_wconf 86' lang='lat' dir='ltr'>quoque,</span> <span class='ocrx_word' id='word_1_196' title='bbox 644 1388 684 1421; x_wconf 91' lang='lat' dir='ltr'>et</span> <span class='ocrx_word' id='word_1_197' title='bbox 716 1387 930 1429; x_wconf 79' lang='lat' dir='ltr'>caementa,</span> <span class='ocrx_word' id='word_1_198' title='bbox 953 1388 993 1420; x_wconf 90' lang='lat' dir='ltr'>et</span> <span class='ocrx_word' id='word_1_199' title='bbox 1025 1395 1123 1420; x_wconf 83' lang='lat' dir='ltr'>saxa</span> <span class='ocrx_word' id='word_1_200' title='bbox 1154 1379 1280 1420; x_wconf 85' lang='lat' dir='ltr'>variae</span> <span class='ocrx_word' id='word_1_201' title='bbox 1310 1379 1565 1433; x_wconf 82' lang='lat' dir='ltr'>magnitudi-</span> 
     </span>
     <span class='ocr_line' id='line_1_24' title="bbox 145 1435 501 1491; baseline 0.003 -16"><span class='ocrx_word' id='word_1_202' title='bbox 145 1435 222 1484; x_wconf 90' lang='lat' dir='ltr'>nis,</span> <span class='ocrx_word' id='word_1_203' title='bbox 244 1437 501 1491; x_wconf 83' lang='lat' dir='ltr'>praebebant.</span> 
     </span>
     <span class='ocr_line' id='line_1_25' title="bbox 204 1492 1564 1549; baseline 0 -17"><span class='ocrx_word' id='word_1_204' title='bbox 204 1493 396 1533; x_wconf 82' lang='lat' dir='ltr'>XXIII.</span> <span class='ocrx_word' id='word_1_205' title='bbox 430 1494 488 1534; x_wconf 86' lang='lat' dir='ltr'>Et</span> <span class='ocrx_word' id='word_1_206' title='bbox 521 1494 701 1534; x_wconf 87' lang='lat' dir='ltr'>Romani</span> <span class='ocrx_word' id='word_1_207' title='bbox 733 1493 903 1549; x_wconf 90' lang='lat' dir='ltr'>quidem</span> <span class='ocrx_word' id='word_1_208' title='bbox 935 1493 1132 1548; x_wconf 88' lang='lat' dir='ltr'>operibus</span> <span class='ocrx_word' id='word_1_209' title='bbox 1164 1492 1310 1548; x_wconf 82' lang='lat' dir='ltr'>magis,</span> <span class='ocrx_word' id='word_1_210' title='bbox 1343 1508 1470 1548; x_wconf 90' lang='lat' dir='ltr'>quam</span> <span class='ocrx_word' id='word_1_211' title='bbox 1501 1508 1564 1533; x_wconf 86' lang='lat' dir='ltr'>ar-</span> 
     </span>
     <span class='ocr_line' id='line_1_26' title="bbox 145 1547 1564 1605; baseline 0.001 -18"><span class='ocrx_word' id='word_1_212' title='bbox 145 1547 237 1598; x_wconf 90' lang='lat' dir='ltr'>mis,</span> <span class='ocrx_word' id='word_1_213' title='bbox 269 1550 415 1590; x_wconf 87' lang='lat' dir='ltr'>urbem</span> <span class='ocrx_word' id='word_1_214' title='bbox 446 1550 773 1605; x_wconf 85' lang='lat' dir='ltr'>obpugnabant:</span> <span class='ocrx_word' id='word_1_215' title='bbox 823 1549 958 1591; x_wconf 79' lang='lat' dir='ltr'>AEtoli</span> <span class='ocrx_word' id='word_1_216' title='bbox 989 1558 1133 1590; x_wconf 85' lang='lat' dir='ltr'>contra</span> <span class='ocrx_word' id='word_1_217' title='bbox 1162 1550 1288 1589; x_wconf 85' lang='lat' dir='ltr'>armis</span> <span class='ocrx_word' id='word_1_218' title='bbox 1319 1564 1360 1589; x_wconf 89' lang='lat' dir='ltr'>se</span> <span class='ocrx_word' id='word_1_219' title='bbox 1392 1549 1564 1590; x_wconf 88' lang='lat' dir='ltr'>tueban-</span> 
     </span>
     <span class='ocr_line' id='line_1_27' title="bbox 146 1605 1561 1663; baseline 0.001 -18"><span class='ocrx_word' id='word_1_220' title='bbox 146 1614 228 1645; x_wconf 87' lang='lat' dir='ltr'>tur.</span> <span class='ocrx_word' id='word_1_221' title='bbox 260 1620 370 1655; x_wconf 87' lang='lat' dir='ltr'>nam,</span> <span class='ocrx_word' id='word_1_222' title='bbox 393 1621 526 1661; x_wconf 87' lang='lat' dir='ltr'>quum</span> <span class='ocrx_word' id='word_1_223' title='bbox 556 1607 684 1648; x_wconf 87' lang='lat' dir='ltr'>ariete</span> <span class='ocrx_word' id='word_1_224' title='bbox 715 1615 990 1662; x_wconf 81' lang='lat' dir='ltr'>quaterentur</span> <span class='ocrx_word' id='word_1_225' title='bbox 1019 1605 1142 1655; x_wconf 84' lang='lat' dir='ltr'>muri,</span> <span class='ocrx_word' id='word_1_226' title='bbox 1166 1621 1246 1663; x_wconf 81' lang='lat' dir='ltr'>non</span> <span class='ocrx_word' id='word_1_227' title='bbox 1278 1605 1452 1661; x_wconf 86' lang='lat' dir='ltr'>laqueis,</span> <span class='ocrx_word' id='word_1_228' title='bbox 1475 1605 1561 1647; x_wconf 76' lang='lat' dir='ltr'>88ut</span> 
     </span>
    </p>
   </div>
   <div class='ocr_carea' id='block_1_3' title="bbox 739 1679 988 1711">
    <p class='ocr_par' dir='ltr' id='par_1_3' title="bbox 739 1679 988 1711">
     <span class='ocr_line' id='line_1_28' title="bbox 739 1679 988 1711; baseline 0.008 -2"><span class='ocrx_word' id='word_1_229' title='bbox 739 1682 764 1699; x_wconf 82' lang='lat'>¹¹¹</span> <span class='ocrx_word' id='word_1_230' title='bbox 780 1691 796 1709; x_wconf 87' lang='lat' dir='ltr'>a</span> <span class='ocrx_word' id='word_1_231' title='bbox 811 1679 872 1710; x_wconf 87' lang='lat' dir='ltr'>del.</span> <span class='ocrx_word' id='word_1_232' title='bbox 889 1680 988 1711; x_wconf 87' lang='lat' dir='ltr'>Gron.</span> 
     </span>
    </p>
   </div>
   <div class='ocr_carea' id='block_1_4' title="bbox 145 1743 1563 1789">
    <p class='ocr_par' dir='ltr' id='par_1_4' title="bbox 145 1743 1563 1789">
     <span class='ocr_line' id='line_1_29' title="bbox 145 1743 1563 1789; baseline 0.002 -15"><span class='ocrx_word' id='word_1_233' title='bbox 145 1743 215 1775; x_wconf 87' lang='lat' dir='ltr'>ideo</span> <span class='ocrx_word' id='word_1_234' title='bbox 237 1749 342 1777; x_wconf 86' lang='lat' dir='ltr'>tamen</span> <span class='ocrx_word' id='word_1_235' title='bbox 356 1745 462 1777; x_wconf 87' lang='lat' dir='ltr'>mendi</span> <span class='ocrx_word' id='word_1_236' title='bbox 485 1746 643 1787; x_wconf 81' lang='lat' dir='ltr'>arguenda</span> <span class='ocrx_word' id='word_1_237' title='bbox 665 1751 721 1777; x_wconf 84' lang='lat' dir='ltr'>est.</span> <span class='ocrx_word' id='word_1_238' title='bbox 767 1747 831 1777; x_wconf 82' lang='lat' dir='ltr'>Oc·</span> <span class='ocrx_word' id='word_1_239' title='bbox 876 1752 909 1777; x_wconf 87' lang='lat' dir='ltr'>ta</span> <span class='ocrx_word' id='word_1_240' title='bbox 925 1746 1026 1777; x_wconf 80' lang='lat' dir='ltr'>AEtoli</span> <span class='ocrx_word' id='word_1_241' title='bbox 1049 1746 1230 1788; x_wconf 83' lang='lat' dir='ltr'>confugiunt</span> <span class='ocrx_word' id='word_1_242' title='bbox 1251 1747 1283 1776; x_wconf 88' lang='lat' dir='ltr'>in</span> <span class='ocrx_word' id='word_1_243' title='bbox 1302 1756 1414 1777; x_wconf 88' lang='lat' dir='ltr'>arcem.</span> <span class='ocrx_word' id='word_1_244' title='bbox 1459 1747 1563 1789; x_wconf 83' lang='lat' dir='ltr'>Scrip-</span> 
     </span>
    </p>
   </div>
   <div class='ocr_carea' id='block_1_5' title="bbox 140 1788 833 2815">
    <p class='ocr_par' dir='ltr' id='par_1_5' title="bbox 140 1788 833 2548">
     <span class='ocr_line' id='line_1_30' title="bbox 143 1788 832 1831; baseline 0.004 -14"><span class='ocrx_word' id='word_1_245' title='bbox 143 1794 270 1818; x_wconf 89' lang='lat' dir='ltr'>currunt</span> <span class='ocrx_word' id='word_1_246' title='bbox 285 1788 367 1819; x_wconf 90' lang='lat' dir='ltr'>enim</span> <span class='ocrx_word' id='word_1_247' title='bbox 383 1795 414 1820; x_wconf 88' lang='lat' dir='ltr'>et</span> <span class='ocrx_word' id='word_1_248' title='bbox 429 1789 492 1820; x_wconf 85' lang='lat' dir='ltr'>alia</span> <span class='ocrx_word' id='word_1_249' title='bbox 506 1789 573 1830; x_wconf 90' lang='lat' dir='ltr'>ejus</span> <span class='ocrx_word' id='word_1_250' title='bbox 590 1789 733 1831; x_wconf 81' lang='lat' dir='ltr'>exempla</span> <span class='ocrx_word' id='word_1_251' title='bbox 749 1790 832 1831; x_wconf 91' lang='lat' dir='ltr'>apud</span> 
     </span>
     <span class='ocr_line' id='line_1_31' title="bbox 143 1832 832 1873; baseline 0.004 -13"><span class='ocrx_word' id='word_1_252' title='bbox 143 1835 261 1861; x_wconf 86' lang='lat' dir='ltr'>veteres</span> <span class='ocrx_word' id='word_1_253' title='bbox 297 1832 469 1873; x_wconf 88' lang='lat' dir='ltr'>scriptores.</span> <span class='ocrx_word' id='word_1_254' title='bbox 525 1832 659 1867; x_wconf 80' lang='lat' dir='ltr'>Nonius,</span> <span class='ocrx_word' id='word_1_255' title='bbox 689 1843 718 1863; x_wconf 90' lang='lat' dir='ltr'>c.</span> <span class='ocrx_word' id='word_1_256' title='bbox 757 1834 786 1863; x_wconf 87' lang='lat'>7.</span> <span class='ocrx_word' id='word_1_257' title='bbox 815 1843 832 1864; x_wconf 91' lang='lat' dir='ltr'>e</span> 
     </span>
     <span class='ocr_line' id='line_1_32' title="bbox 145 1873 833 1916; baseline 0.004 -13"><span class='ocrx_word' id='word_1_258' title='bbox 145 1873 283 1904; x_wconf 87' lang='lat' dir='ltr'>Pacuvio</span> <span class='ocrx_word' id='word_1_259' title='bbox 310 1875 436 1916; x_wconf 84' lang='lat' dir='ltr'>allegat,</span> <span class='ocrx_word' id='word_1_260' title='bbox 461 1887 543 1906; x_wconf 68' lang='lat' dir='ltr'>‘num</span> <span class='ocrx_word' id='word_1_261' title='bbox 565 1877 768 1914; x_wconf 74' lang='lat' dir='ltr'>poenitelmut:</span> <span class='ocrx_word' id='word_1_262' title='bbox 802 1882 833 1906; x_wconf 86' lang='lat' dir='ltr'>et</span> 
     </span>
     <span class='ocr_line' id='line_1_33' title="bbox 143 1916 833 1960; baseline 0.004 -14"><span class='ocrx_word' id='word_1_263' title='bbox 143 1916 297 1953; x_wconf 70' lang='lat' dir='ltr'>Jusfinus,</span> <span class='ocrx_word' id='word_1_264' title='bbox 318 1917 382 1948; x_wconf 90' lang='lat' dir='ltr'>sive</span> <span class='ocrx_word' id='word_1_265' title='bbox 403 1917 507 1960; x_wconf 90' lang='lat' dir='ltr'>potius</span> <span class='ocrx_word' id='word_1_266' title='bbox 527 1919 657 1959; x_wconf 84' lang='lat' dir='ltr'>Trogus,</span> <span class='ocrx_word' id='word_1_267' title='bbox 682 1917 704 1948; x_wconf 90' lang='lat' dir='ltr'>l.</span> <span class='ocrx_word' id='word_1_268' title='bbox 727 1919 788 1948; x_wconf 83' lang='lat' dir='ltr'>XI.</span> <span class='ocrx_word' id='word_1_269' title='bbox 805 1929 833 1949; x_wconf 92' lang='lat' dir='ltr'>c.</span> 
     </span>
     <span class='ocr_line' id='line_1_34' title="bbox 144 1960 832 2000; baseline 0.003 -11"><span class='ocrx_word' id='word_1_270' title='bbox 144 1960 176 1989; x_wconf 89' lang='lat'>3.</span> <span class='ocrx_word' id='word_1_271' title='bbox 206 1960 392 1991; x_wconf 74' lang='lat' dir='ltr'>Athenienses</span> <span class='ocrx_word' id='word_1_272' title='bbox 415 1984 423 1992; x_wconf 86' lang='lat'><strong>.</strong></span> <span class='ocrx_word' id='word_1_273' title='bbox 444 1983 451 1991; x_wconf 93' lang='lat'><strong><em>.</em></strong></span> <span class='ocrx_word' id='word_1_274' title='bbox 471 1983 479 1991; x_wconf 90' lang='lat'><strong><em>.</em></strong></span> <span class='ocrx_word' id='word_1_275' title='bbox 501 1963 590 2000; x_wconf 81' lang='lat' dir='ltr'>primi</span> <span class='ocrx_word' id='word_1_276' title='bbox 612 1963 756 2000; x_wconf 59' lang='lat' dir='ltr'>paenitere.</span> <span class='ocrx_word' id='word_1_277' title='bbox 779 1972 832 1991; x_wconf 69' lang='grc' dir='ltr'>σω-</span> 
     </span>
     <span class='ocr_line' id='line_1_35' title="bbox 143 2003 830 2042; baseline 0.004 -12"><span class='ocrx_word' id='word_1_278' title='bbox 143 2008 269 2040; x_wconf 77' lang='lat' dir='ltr'>permzt:</span> <span class='ocrx_word' id='word_1_279' title='bbox 293 2008 324 2033; x_wconf 88' lang='lat' dir='ltr'>et</span> <span class='ocrx_word' id='word_1_280' title='bbox 339 2003 472 2040; x_wconf 87' lang='lat' dir='ltr'>Gellius,</span> <span class='ocrx_word' id='word_1_281' title='bbox 488 2004 508 2034; x_wconf 92' lang='lat' dir='ltr'>l.</span> <span class='ocrx_word' id='word_1_282' title='bbox 525 2005 566 2035; x_wconf 77' lang='lat' dir='ltr'>V.</span> <span class='ocrx_word' id='word_1_283' title='bbox 583 2014 613 2034; x_wconf 85' lang='lat' dir='ltr'>c.</span> <span class='ocrx_word' id='word_1_284' title='bbox 630 2006 656 2034; x_wconf 95' lang='grc'>1.</span> <span class='ocrx_word' id='word_1_285' title='bbox 671 2011 699 2033; x_wconf 81' lang='lat' dir='ltr'>et</span> <span class='ocrx_word' id='word_1_286' title='bbox 713 2004 830 2042; x_wconf 79' lang='lat' dir='ltr'>perhor-</span> 
     </span>
     <span class='ocr_line' id='line_1_36' title="bbox 144 2049 832 2086; baseline 0.004 -13"><span class='ocrx_word' id='word_1_287' title='bbox 144 2051 237 2075; x_wconf 81' lang='lat' dir='ltr'>rescat</span> <span class='ocrx_word' id='word_1_288' title='bbox 262 2056 370 2076; x_wconf 74' lang='lat' dir='ltr'>necesse</span> <span class='ocrx_word' id='word_1_289' title='bbox 397 2052 448 2082; x_wconf 83' lang='lat' dir='ltr'>est,</span> <span class='ocrx_word' id='word_1_290' title='bbox 472 2053 499 2076; x_wconf 82' lang='lat' dir='ltr'>et</span> <span class='ocrx_word' id='word_1_291' title='bbox 526 2049 636 2086; x_wconf 72' lang='lat' dir='ltr'>pudeat</span> <span class='ocrx_word' id='word_1_292' title='bbox 660 2049 779 2081; x_wconf 82' lang='lat' dir='ltr'>tacitus,</span> <span class='ocrx_word' id='word_1_293' title='bbox 805 2053 832 2077; x_wconf 80' lang='lat' dir='ltr'>et</span> 
     </span>
     <span class='ocr_line' id='line_1_37' title="bbox 140 2089 830 2130; baseline 0.004 -13"><span class='ocrx_word' id='word_1_294' title='bbox 140 2089 295 2126; x_wconf 82' lang='lat' dir='ltr'>poeniteat,</span> <span class='ocrx_word' id='word_1_295' title='bbox 340 2095 368 2119; x_wconf 86' lang='lat' dir='ltr'>et</span> <span class='ocrx_word' id='word_1_296' title='bbox 405 2091 548 2130; x_wconf 77' lang='lat' dir='ltr'>gandeat,</span> <span class='ocrx_word' id='word_1_297' title='bbox 585 2096 613 2120; x_wconf 78' lang='lat' dir='ltr'>et</span> <span class='ocrx_word' id='word_1_298' title='bbox 655 2092 830 2121; x_wconf 75' lang='lat' dir='ltr'>admiretur.</span> 
     </span>
     <span class='ocr_line' id='line_1_38' title="bbox 145 2129 827 2168; baseline 0.004 -8"><span class='ocrx_word' id='word_1_299' title='bbox 145 2129 238 2161; x_wconf 86' lang='lat' dir='ltr'>Adde</span> <span class='ocrx_word' id='word_1_300' title='bbox 262 2136 294 2161; x_wconf 89' lang='lat' dir='ltr'>et</span> <span class='ocrx_word' id='word_1_301' title='bbox 317 2132 477 2168; x_wconf 84' lang='lat' dir='ltr'>Plautum,</span> <span class='ocrx_word' id='word_1_302' title='bbox 495 2132 569 2163; x_wconf 84' lang='lat' dir='ltr'>Cas.</span> <span class='ocrx_word' id='word_1_303' title='bbox 583 2131 656 2163; x_wconf 76' lang='lat' dir='ltr'>Act,</span> <span class='ocrx_word' id='word_1_304' title='bbox 671 2133 712 2163; x_wconf 82' lang='lat' dir='ltr'>V.</span> <span class='ocrx_word' id='word_1_305' title='bbox 728 2133 778 2163; x_wconf 81' lang='lat' dir='ltr'>Sc.</span> <span class='ocrx_word' id='word_1_306' title='bbox 795 2133 827 2164; x_wconf 82' lang='lat'>2.</span> 
     </span>
     <span class='ocr_line' id='line_1_39' title="bbox 143 2174 830 2215; baseline 0.001 -12"><span class='ocrx_word' id='word_1_307' title='bbox 143 2183 174 2204; x_wconf 85' lang='lat' dir='ltr'>v.</span> <span class='ocrx_word' id='word_1_308' title='bbox 199 2174 229 2204; x_wconf 86' lang='grc'>3.</span> <span class='ocrx_word' id='word_1_309' title='bbox 255 2176 297 2204; x_wconf 78' lang='lat' dir='ltr'>ila</span> <span class='ocrx_word' id='word_1_310' title='bbox 325 2185 407 2205; x_wconf 74' lang='lat' dir='ltr'>nunc</span> <span class='ocrx_word' id='word_1_311' title='bbox 433 2176 536 2214; x_wconf 81' lang='lat' dir='ltr'>pudeo,</span> <span class='ocrx_word' id='word_1_312' title='bbox 567 2181 653 2215; x_wconf 72' lang='lat' dir='ltr'>atque</span> <span class='ocrx_word' id='word_1_313' title='bbox 678 2177 722 2205; x_wconf 78' lang='lat' dir='ltr'>ita</span> <span class='ocrx_word' id='word_1_314' title='bbox 749 2186 830 2205; x_wconf 75' lang='grc' dir='ltr'><strong><em>ῃιιηε</em></strong></span> 
     </span>
     <span class='ocr_line' id='line_1_40' title="bbox 140 2217 831 2257; baseline 0.003 -11"><span class='ocrx_word' id='word_1_315' title='bbox 140 2226 239 2254; x_wconf 80' lang='lat' dir='ltr'>paveo.</span> <span class='ocrx_word' id='word_1_316' title='bbox 261 2222 291 2247; x_wconf 82' lang='lat' dir='ltr'>et</span> <span class='ocrx_word' id='word_1_317' title='bbox 316 2218 438 2248; x_wconf 85' lang='lat' dir='ltr'>Lucret.</span> <span class='ocrx_word' id='word_1_318' title='bbox 461 2217 482 2248; x_wconf 91' lang='lat' dir='ltr'>l.</span> <span class='ocrx_word' id='word_1_319' title='bbox 507 2218 574 2248; x_wconf 89' lang='lat' dir='ltr'>III.</span> <span class='ocrx_word' id='word_1_320' title='bbox 603 2229 632 2248; x_wconf 94' lang='lat' dir='ltr'>v.</span> <span class='ocrx_word' id='word_1_321' title='bbox 663 2218 737 2248; x_wconf 82' lang='lat'><strong>894.</strong></span> <span class='ocrx_word' id='word_1_322' title='bbox 766 2218 831 2257; x_wconf 82' lang='lat' dir='ltr'>Ipse</span> 
     </span>
     <span class='ocr_line' id='line_1_41' title="bbox 141 2260 828 2302; baseline 0.004 -15"><span class='ocrx_word' id='word_1_323' title='bbox 141 2261 188 2289; x_wconf 84' lang='lat' dir='ltr'>sui</span> <span class='ocrx_word' id='word_1_324' title='bbox 215 2261 338 2292; x_wconf 80' lang='lat' dir='ltr'>miseret.</span> <span class='ocrx_word' id='word_1_325' title='bbox 392 2261 440 2291; x_wconf 85' lang='lat' dir='ltr'>Ex</span> <span class='ocrx_word' id='word_1_326' title='bbox 469 2260 517 2290; x_wconf 85' lang='lat' dir='ltr'>his</span> <span class='ocrx_word' id='word_1_327' title='bbox 552 2260 703 2301; x_wconf 85' lang='lat' dir='ltr'>exemplis</span> <span class='ocrx_word' id='word_1_328' title='bbox 733 2265 828 2302; x_wconf 83' lang='lat' dir='ltr'>patet,</span> 
     </span>
     <span class='ocr_line' id='line_1_42' title="bbox 144 2301 828 2339; baseline 0.004 -9"><span class='ocrx_word' id='word_1_329' title='bbox 144 2301 237 2332; x_wconf 86' lang='lat' dir='ltr'>verba</span> <span class='ocrx_word' id='word_1_330' title='bbox 271 2303 337 2338; x_wconf 84' lang='lat' dir='ltr'>illa,</span> <span class='ocrx_word' id='word_1_331' title='bbox 371 2303 512 2339; x_wconf 78' lang='lat' dir='ltr'>Poem&#39;tet,</span> <span class='ocrx_word' id='word_1_332' title='bbox 551 2303 660 2338; x_wconf 80' lang='lat' dir='ltr'>Pudet,</span> <span class='ocrx_word' id='word_1_333' title='bbox 695 2303 828 2338; x_wconf 76' lang='lat' dir='ltr'>Miseret,</span> 
     </span>
     <span class='ocr_line' id='line_1_43' title="bbox 145 2344 828 2387; baseline 0.004 -14"><span class='ocrx_word' id='word_1_334' title='bbox 145 2353 206 2374; x_wconf 85' lang='lat' dir='ltr'>non</span> <span class='ocrx_word' id='word_1_335' title='bbox 234 2344 344 2376; x_wconf 89' lang='lat' dir='ltr'>diversi</span> <span class='ocrx_word' id='word_1_336' title='bbox 371 2345 463 2376; x_wconf 88' lang='lat' dir='ltr'>fuisse</span> <span class='ocrx_word' id='word_1_337' title='bbox 493 2345 665 2387; x_wconf 83' lang='lat' dir='ltr'>antiquitus</span> <span class='ocrx_word' id='word_1_338' title='bbox 698 2345 828 2386; x_wconf 86' lang='lat' dir='ltr'>generis,</span> 
     </span>
     <span class='ocr_line' id='line_1_44' title="bbox 146 2388 828 2430; baseline 0.004 -15"><span class='ocrx_word' id='word_1_339' title='bbox 146 2395 183 2416; x_wconf 86' lang='lat' dir='ltr'>ac</span> <span class='ocrx_word' id='word_1_340' title='bbox 203 2392 304 2419; x_wconf 87' lang='lat' dir='ltr'>cetera</span> <span class='ocrx_word' id='word_1_341' title='bbox 321 2389 440 2419; x_wconf 83' lang='lat' dir='ltr'>Latinae</span> <span class='ocrx_word' id='word_1_342' title='bbox 461 2388 576 2430; x_wconf 84' lang='lat' dir='ltr'>linguae</span> <span class='ocrx_word' id='word_1_343' title='bbox 599 2389 703 2424; x_wconf 84' lang='lat' dir='ltr'>verba,</span> <span class='ocrx_word' id='word_1_344' title='bbox 720 2399 828 2429; x_wconf 84' lang='lat' dir='ltr'>quam-</span> 
     </span>
     <span class='ocr_line' id='line_1_45' title="bbox 145 2428 830 2470; baseline 0.007 -14"><span class='ocrx_word' id='word_1_345' title='bbox 145 2428 190 2457; x_wconf 92' lang='lat' dir='ltr'>vis</span> <span class='ocrx_word' id='word_1_346' title='bbox 220 2436 327 2470; x_wconf 85' lang='lat' dir='ltr'>postea</span> <span class='ocrx_word' id='word_1_347' title='bbox 351 2431 384 2461; x_wconf 91' lang='lat' dir='ltr'>in</span> <span class='ocrx_word' id='word_1_348' title='bbox 413 2431 505 2462; x_wconf 90' lang='lat' dir='ltr'>aliam</span> <span class='ocrx_word' id='word_1_349' title='bbox 542 2432 671 2462; x_wconf 83' lang='lat' dir='ltr'>formam</span> <span class='ocrx_word' id='word_1_350' title='bbox 700 2431 830 2462; x_wconf 87' lang='lat' dir='ltr'>transie-</span> 
     </span>
     <span class='ocr_line' id='line_1_46' title="bbox 147 2470 829 2515; baseline 0.007 -16"><span class='ocrx_word' id='word_1_351' title='bbox 147 2470 216 2506; x_wconf 86' lang='lat' dir='ltr'>rint,</span> <span class='ocrx_word' id='word_1_352' title='bbox 231 2473 286 2503; x_wconf 88' lang='lat' dir='ltr'>sed</span> <span class='ocrx_word' id='word_1_353' title='bbox 307 2473 351 2504; x_wconf 84' lang='lat' dir='ltr'>ita</span> <span class='ocrx_word' id='word_1_354' title='bbox 372 2480 478 2505; x_wconf 87' lang='lat' dir='ltr'>tamen</span> <span class='ocrx_word' id='word_1_355' title='bbox 499 2479 534 2504; x_wconf 91' lang='lat' dir='ltr'>ut</span> <span class='ocrx_word' id='word_1_356' title='bbox 557 2474 703 2515; x_wconf 90' lang='lat' dir='ltr'>antiquus</span> <span class='ocrx_word' id='word_1_357' title='bbox 725 2484 829 2505; x_wconf 92' lang='lat' dir='ltr'>eorum</span> 
     </span>
     <span class='ocr_line' id='line_1_47' title="bbox 146 2517 659 2548; baseline 0.012 -6"><span class='ocrx_word' id='word_1_358' title='bbox 146 2523 220 2544; x_wconf 88' lang='lat' dir='ltr'>usus</span> <span class='ocrx_word' id='word_1_359' title='bbox 234 2524 293 2545; x_wconf 88' lang='lat' dir='ltr'>non</span> <span class='ocrx_word' id='word_1_360' title='bbox 306 2517 430 2548; x_wconf 87' lang='lat' dir='ltr'>omnino</span> <span class='ocrx_word' id='word_1_361' title='bbox 442 2517 659 2548; x_wconf 84' lang='lat' dir='ltr'>obsolesceret.</span> 
     </span>
    </p>

    <p class='ocr_par' dir='ltr' id='par_1_6' title="bbox 146 2557 832 2815">
     <span class='ocr_line' id='line_1_48' title="bbox 190 2557 829 2599; baseline 0.003 -13"><span class='ocrx_word' id='word_1_362' title='bbox 190 2557 232 2586; x_wconf 73' lang='lat'>84</span> <span class='ocrx_word' id='word_1_363' title='bbox 259 2559 368 2589; x_wconf 82' lang='lat' dir='ltr'>Arcem</span> <span class='ocrx_word' id='word_1_364' title='bbox 404 2566 486 2590; x_wconf 72' lang='lat' dir='ltr'>extra</span> <span class='ocrx_word' id='word_1_365' title='bbox 521 2571 629 2595; x_wconf 85' lang='lat' dir='ltr'>muros,</span> <span class='ocrx_word' id='word_1_366' title='bbox 668 2570 735 2599; x_wconf 68' lang='grc' dir='ltr'>([ιιαε7</span> <span class='ocrx_word' id='word_1_367' title='bbox 757 2557 829 2599; x_wconf 85' lang='lat' dir='ltr'>fre-</span> 
     </span>
     <span class='ocr_line' id='line_1_49' title="bbox 146 2601 829 2643; baseline 0.006 -16"><span class='ocrx_word' id='word_1_368' title='bbox 146 2601 281 2637; x_wconf 80' lang='lat' dir='ltr'>quentius</span> <span class='ocrx_word' id='word_1_369' title='bbox 321 2612 408 2641; x_wconf 79' lang='lat' dir='ltr'>prope</span> <span class='ocrx_word' id='word_1_370' title='bbox 449 2614 538 2643; x_wconf 80' lang='lat' dir='ltr'>quam</span> <span class='ocrx_word' id='word_1_371' title='bbox 575 2604 644 2633; x_wconf 83' lang='lat' dir='ltr'>urbs</span> <span class='ocrx_word' id='word_1_372' title='bbox 680 2602 829 2632; x_wconf 78' lang='lat' dir='ltr'>habitaba-</span> 
     </span>
     <span class='ocr_line' id='line_1_50' title="bbox 147 2640 831 2683; baseline 0.006 -12"><span class='ocrx_word' id='word_1_373' title='bbox 147 2640 213 2680; x_wconf 81' lang='lat' dir='ltr'>tur]</span> <span class='ocrx_word' id='word_1_374' title='bbox 248 2642 375 2683; x_wconf 83' lang='lat' dir='ltr'>Optime</span> <span class='ocrx_word' id='word_1_375' title='bbox 397 2645 556 2676; x_wconf 82' lang='lat' dir='ltr'>annotavit</span> <span class='ocrx_word' id='word_1_376' title='bbox 572 2646 749 2677; x_wconf 81' lang='lat' dir='ltr'>Glareanus</span> <span class='ocrx_word' id='word_1_377' title='bbox 764 2644 831 2675; x_wconf 84' lang='lat' dir='ltr'>haec</span> 
     </span>
     <span class='ocr_line' id='line_1_51' title="bbox 147 2686 832 2729; baseline 0.01 -17"><span class='ocrx_word' id='word_1_378' title='bbox 147 2693 284 2728; x_wconf 81' lang='lat' dir='ltr'>pugnare</span> <span class='ocrx_word' id='word_1_379' title='bbox 307 2695 378 2716; x_wconf 89' lang='lat' dir='ltr'>cum</span> <span class='ocrx_word' id='word_1_380' title='bbox 399 2686 436 2717; x_wconf 92' lang='lat' dir='ltr'>iis</span> <span class='ocrx_word' id='word_1_381' title='bbox 455 2698 524 2729; x_wconf 91' lang='lat' dir='ltr'>quae</span> <span class='ocrx_word' id='word_1_382' title='bbox 539 2699 566 2719; x_wconf 88' lang='lat' dir='ltr'>c.</span> <span class='ocrx_word' id='word_1_383' title='bbox 581 2689 634 2719; x_wconf 83' lang='lat'>24.</span> <span class='ocrx_word' id='word_1_384' title='bbox 657 2687 832 2719; x_wconf 88' lang='lat' dir='ltr'>traduntur.</span> 
     </span>
     <span class='ocr_line' id='line_1_52' title="bbox 149 2725 832 2772; baseline 0.01 -18"><span class='ocrx_word' id='word_1_385' title='bbox 149 2725 198 2755; x_wconf 92' lang='lat' dir='ltr'>Ib1</span> <span class='ocrx_word' id='word_1_386' title='bbox 221 2726 303 2757; x_wconf 83' lang='lat' dir='ltr'>enim</span> <span class='ocrx_word' id='word_1_387' title='bbox 325 2727 374 2758; x_wconf 78' lang='lat' dir='ltr'>Ti.</span> <span class='ocrx_word' id='word_1_388' title='bbox 390 2729 586 2771; x_wconf 74' lang='lat' dir='ltr'>Sempronius</span> <span class='ocrx_word' id='word_1_389' title='bbox 608 2731 648 2761; x_wconf 89' lang='lat' dir='ltr'>ab</span> <span class='ocrx_word' id='word_1_390' title='bbox 670 2740 727 2761; x_wconf 89' lang='lat' dir='ltr'>sua</span> <span class='ocrx_word' id='word_1_391' title='bbox 745 2736 832 2772; x_wconf 86' lang='lat' dir='ltr'>parte</span> 
     </span>
     <span class='ocr_line' id='line_1_53' title="bbox 148 2768 832 2815; baseline 0.012 -19"><span class='ocrx_word' id='word_1_392' title='bbox 148 2768 264 2809; x_wconf 87' lang='lat' dir='ltr'>primus</span> <span class='ocrx_word' id='word_1_393' title='bbox 278 2770 384 2800; x_wconf 87' lang='lat' dir='ltr'>urbem</span> <span class='ocrx_word' id='word_1_394' title='bbox 399 2781 508 2813; x_wconf 83' lang='lat' dir='ltr'>capere</span> <span class='ocrx_word' id='word_1_395' title='bbox 525 2773 637 2804; x_wconf 79' lang='lat' dir='ltr'>dicitur</span> <span class='ocrx_word' id='word_1_396' title='bbox 650 2785 656 2803; x_wconf 75' lang='grc' dir='ltr'><strong><em>ε</em></strong></span> <span class='ocrx_word' id='word_1_397' title='bbox 680 2784 743 2814; x_wconf 87' lang='lat' dir='ltr'>qua</span> <span class='ocrx_word' id='word_1_398' title='bbox 757 2783 832 2815; x_wconf 86' lang='lat' dir='ltr'>cap—</span> 
     </span>
    </p>
   </div>
   <div class='ocr_carea' id='block_1_6' title="bbox 206 2825 395 2852">
    <p class='ocr_par' dir='ltr' id='par_1_7' title="bbox 206 2825 395 2852">
     <span class='ocr_line' id='line_1_54' title="bbox 206 2825 395 2852; baseline 0.016 -3"><span class='ocrx_word' id='word_1_399' title='bbox 206 2825 299 2851; x_wconf 80' lang='lat' dir='ltr'>voL.</span> <span class='ocrx_word' id='word_1_400' title='bbox 325 2826 395 2852; x_wconf 89' lang='lat'>111.</span> 
     </span>
    </p>
   </div>
   <div class='ocr_carea' id='block_1_7' title="bbox 874 1789 1565 1915">
    <p class='ocr_par' dir='ltr' id='par_1_8' title="bbox 874 1789 1565 1915">
     <span class='ocr_line' id='line_1_55' title="bbox 874 1789 1565 1832; baseline 0.001 -13"><span class='ocrx_word' id='word_1_401' title='bbox 874 1790 896 1820; x_wconf 89' lang='lat' dir='ltr'>ti</span> <span class='ocrx_word' id='word_1_402' title='bbox 926 1796 957 1820; x_wconf 86' lang='lat' dir='ltr'>et</span> <span class='ocrx_word' id='word_1_403' title='bbox 984 1789 1170 1831; x_wconf 78' lang='lat' dir='ltr'>antiquiores</span> <span class='ocrx_word' id='word_1_404' title='bbox 1199 1789 1273 1820; x_wconf 83' lang='lat' dir='ltr'>editi</span> <span class='ocrx_word' id='word_1_405' title='bbox 1301 1801 1355 1832; x_wconf 88' lang='lat' dir='ltr'>pro</span> <span class='ocrx_word' id='word_1_406' title='bbox 1380 1801 1467 1829; x_wconf 79' lang='lat' dir='ltr'>quum</span> <span class='ocrx_word' id='word_1_407' title='bbox 1496 1793 1565 1821; x_wconf 80' lang='lat' dir='ltr'>urbs</span> 
     </span>
     <span class='ocr_line' id='line_1_56' title="bbox 874 1832 1564 1873; baseline 0.003 -11"><span class='ocrx_word' id='word_1_408' title='bbox 874 1832 991 1863; x_wconf 80' lang='lat' dir='ltr'>habent</span> <span class='ocrx_word' id='word_1_409' title='bbox 1014 1844 1101 1873; x_wconf 82' lang='lat' dir='ltr'>quam</span> <span class='ocrx_word' id='word_1_410' title='bbox 1128 1834 1158 1862; x_wconf 80' lang='lat' dir='ltr'>in</span> <span class='ocrx_word' id='word_1_411' title='bbox 1184 1834 1265 1863; x_wconf 83' lang='lat' dir='ltr'>urbe.</span> <span class='ocrx_word' id='word_1_412' title='bbox 1310 1832 1393 1862; x_wconf 89' lang='lat' dir='ltr'>Hinc</span> <span class='ocrx_word' id='word_1_413' title='bbox 1418 1832 1564 1864; x_wconf 81' lang='lat' dir='ltr'>emendat</span> 
     </span>
     <span class='ocr_line' id='line_1_57' title="bbox 877 1875 1564 1915; baseline 0 -9"><span class='ocrx_word' id='word_1_414' title='bbox 877 1875 1071 1906; x_wconf 86' lang='lat' dir='ltr'>Gronovius:</span> <span class='ocrx_word' id='word_1_415' title='bbox 1109 1882 1232 1914; x_wconf 80' lang='lat' dir='ltr'>partem,</span> <span class='ocrx_word' id='word_1_416' title='bbox 1261 1887 1320 1915; x_wconf 79' lang='lat' dir='ltr'>qua</span> <span class='ocrx_word' id='word_1_417' title='bbox 1349 1881 1430 1905; x_wconf 64' lang='lat' dir='ltr'>entra</span> <span class='ocrx_word' id='word_1_418' title='bbox 1467 1887 1564 1906; x_wconf 80' lang='lat' dir='ltr'>muros</span> 
     </span>
    </p>
   </div>
   <div class='ocr_carea' id='block_1_8' title="bbox 866 1918 1561 1959">
    <p class='ocr_par' dir='ltr' id='par_1_9' title="bbox 866 1918 1561 1959">
     <span class='ocr_line' id='line_1_58' title="bbox 866 1918 1561 1959; baseline 0.003 -12"><span class='ocrx_word' id='word_1_419' title='bbox 866 1918 1059 1959; x_wconf 65' lang='lat' dir='ltr'>=frequentius</span> <span class='ocrx_word' id='word_1_420' title='bbox 1094 1929 1181 1958; x_wconf 79' lang='lat' dir='ltr'>prope</span> <span class='ocrx_word' id='word_1_421' title='bbox 1207 1930 1293 1958; x_wconf 82' lang='lat' dir='ltr'>quam</span> <span class='ocrx_word' id='word_1_422' title='bbox 1322 1920 1354 1948; x_wconf 78' lang='lat' dir='ltr'>in</span> <span class='ocrx_word' id='word_1_423' title='bbox 1381 1920 1453 1949; x_wconf 79' lang='lat' dir='ltr'>urbe</span> <span class='ocrx_word' id='word_1_424' title='bbox 1481 1919 1561 1949; x_wconf 80' lang='lat' dir='ltr'>habi-</span> 
     </span>
    </p>
   </div>
   <div class='ocr_carea' id='block_1_9' title="bbox 872 1961 1562 2816">
    <p class='ocr_par' dir='ltr' id='par_1_10' title="bbox 873 1961 1562 2172">
     <span class='ocr_line' id='line_1_59' title="bbox 876 1961 1562 2002; baseline 0.004 -12"><span class='ocrx_word' id='word_1_425' title='bbox 876 1963 1006 1992; x_wconf 77' lang='lat' dir='ltr'>tabatur.</span> <span class='ocrx_word' id='word_1_426' title='bbox 1063 1961 1156 1991; x_wconf 85' lang='lat' dir='ltr'>Hanc</span> <span class='ocrx_word' id='word_1_427' title='bbox 1193 1961 1441 1992; x_wconf 80' lang='lat' dir='ltr'>emendationem</span> <span class='ocrx_word' id='word_1_428' title='bbox 1476 1972 1562 2002; x_wconf 86' lang='lat' dir='ltr'>egre-</span> 
     </span>
     <span class='ocr_line' id='line_1_60' title="bbox 875 2003 1562 2044; baseline 0.001 -11"><span class='ocrx_word' id='word_1_429' title='bbox 875 2003 923 2044; x_wconf 87' lang='lat' dir='ltr'>gie</span> <span class='ocrx_word' id='word_1_430' title='bbox 950 2004 1074 2034; x_wconf 87' lang='lat' dir='ltr'>firmant</span> <span class='ocrx_word' id='word_1_431' title='bbox 1101 2003 1168 2034; x_wconf 87' lang='lat' dir='ltr'>haec</span> <span class='ocrx_word' id='word_1_432' title='bbox 1196 2004 1291 2034; x_wconf 87' lang='lat' dir='ltr'>verba</span> <span class='ocrx_word' id='word_1_433' title='bbox 1315 2014 1343 2034; x_wconf 89' lang='lat' dir='ltr'>c.</span> <span class='ocrx_word' id='word_1_434' title='bbox 1369 2005 1421 2034; x_wconf 82' lang='lat'>24.</span> <span class='ocrx_word' id='word_1_435' title='bbox 1450 2005 1562 2044; x_wconf 82' lang='lat' dir='ltr'>quibus</span> 
     </span>
     <span class='ocr_line' id='line_1_61' title="bbox 876 2046 1562 2089; baseline -0.001 -12"><span class='ocrx_word' id='word_1_436' title='bbox 876 2046 1058 2077; x_wconf 77' lang='lat' dir='ltr'>describitur</span> <span class='ocrx_word' id='word_1_437' title='bbox 1072 2057 1111 2077; x_wconf 87' lang='lat' dir='ltr'>ea</span> <span class='ocrx_word' id='word_1_438' title='bbox 1124 2056 1206 2088; x_wconf 64' lang='lat' dir='ltr'>pam,</span> <span class='ocrx_word' id='word_1_439' title='bbox 1224 2056 1293 2087; x_wconf 82' lang='lat' dir='ltr'>quae</span> <span class='ocrx_word' id='word_1_440' title='bbox 1315 2057 1333 2077; x_wconf 87' lang='lat' dir='ltr'>a</span> <span class='ocrx_word' id='word_1_441' title='bbox 1355 2047 1403 2076; x_wconf 83' lang='lat' dir='ltr'>Ti.</span> <span class='ocrx_word' id='word_1_442' title='bbox 1419 2047 1562 2089; x_wconf 87' lang='lat' dir='ltr'>Sempro-</span> 
     </span>
     <span class='ocr_line' id='line_1_62' title="bbox 875 2089 1562 2131; baseline 0.003 -12"><span class='ocrx_word' id='word_1_443' title='bbox 875 2089 926 2120; x_wconf 89' lang='lat' dir='ltr'>nio</span> <span class='ocrx_word' id='word_1_444' title='bbox 955 2089 1210 2131; x_wconf 79' lang='lat' dir='ltr'>oppugnabatur:</span> <span class='ocrx_word' id='word_1_445' title='bbox 1246 2100 1316 2128; x_wconf 78' lang='lat' dir='ltr'>pars</span> <span class='ocrx_word' id='word_1_446' title='bbox 1344 2101 1417 2125; x_wconf 79' lang='lat' dir='ltr'>uua,</span> <span class='ocrx_word' id='word_1_447' title='bbox 1447 2091 1478 2120; x_wconf 76' lang='lat' dir='ltr'>in</span> <span class='ocrx_word' id='word_1_448' title='bbox 1504 2102 1562 2131; x_wconf 79' lang='lat' dir='ltr'>qua</span> 
     </span>
     <span class='ocr_line' id='line_1_63' title="bbox 873 2133 1319 2172; baseline 0 -10"><span class='ocrx_word' id='word_1_449' title='bbox 873 2133 1001 2172; x_wconf 70' lang='lat' dir='ltr'>oedfficia</span> <span class='ocrx_word' id='word_1_450' title='bbox 1016 2139 1098 2163; x_wconf 61' lang='lat' dir='ltr'>extra</span> <span class='ocrx_word' id='word_1_451' title='bbox 1111 2134 1211 2162; x_wconf 85' lang='lat' dir='ltr'>urbem</span> <span class='ocrx_word' id='word_1_452' title='bbox 1225 2139 1319 2163; x_wconf 76' lang='lat' dir='ltr'>erant.</span> 
     </span>
    </p>

    <p class='ocr_par' dir='ltr' id='par_1_11' title="bbox 873 2174 1560 2291">
     <span class='ocr_line' id='line_1_64' title="bbox 916 2174 1560 2216; baseline 0.002 -10"><span class='ocrx_word' id='word_1_453' title='bbox 916 2177 957 2206; x_wconf 83' lang='lat'>85</span> <span class='ocrx_word' id='word_1_454' title='bbox 980 2177 1007 2205; x_wconf 88' lang='lat' dir='ltr'><strong><em>A</em></strong></span> <span class='ocrx_word' id='word_1_455' title='bbox 1028 2176 1096 2206; x_wconf 71' lang='lat' dir='ltr'>sina</span> <span class='ocrx_word' id='word_1_456' title='bbox 1117 2175 1261 2216; x_wconf 79' lang='lat' dir='ltr'>Maliaco]</span> <span class='ocrx_word' id='word_1_457' title='bbox 1293 2174 1444 2206; x_wconf 85' lang='lat' dir='ltr'>Restituit</span> <span class='ocrx_word' id='word_1_458' title='bbox 1459 2176 1560 2207; x_wconf 85' lang='lat' dir='ltr'>Hear-</span> 
     </span>
     <span class='ocr_line' id='line_1_65' title="bbox 873 2217 1559 2259; baseline 0.001 -11"><span class='ocrx_word' id='word_1_459' title='bbox 873 2217 943 2249; x_wconf 90' lang='lat' dir='ltr'>nius</span> <span class='ocrx_word' id='word_1_460' title='bbox 964 2218 1105 2249; x_wconf 86' lang='lat' dir='ltr'>voculam</span> <span class='ocrx_word' id='word_1_461' title='bbox 1129 2230 1158 2254; x_wconf 73' lang='lat' dir='ltr'>a,</span> <span class='ocrx_word' id='word_1_462' title='bbox 1174 2228 1268 2259; x_wconf 87' lang='lat' dir='ltr'>quam</span> <span class='ocrx_word' id='word_1_463' title='bbox 1291 2217 1456 2249; x_wconf 84' lang='lat' dir='ltr'>omiserant</span> <span class='ocrx_word' id='word_1_464' title='bbox 1480 2219 1559 2250; x_wconf 93' lang='lat' dir='ltr'>Gro-</span> 
     </span>
     <span class='ocr_line' id='line_1_66' title="bbox 873 2271 966 2291; baseline 0 0"><span class='ocrx_word' id='word_1_465' title='bbox 873 2271 966 2291; x_wconf 88' lang='lat' dir='ltr'>novu.</span> 
     </span>
    </p>

    <p class='ocr_par' dir='ltr' id='par_1_12' title="bbox 872 2304 1559 2462">
     <span class='ocr_line' id='line_1_67' title="bbox 916 2304 1559 2346; baseline 0 -11"><span class='ocrx_word' id='word_1_466' title='bbox 916 2305 984 2335; x_wconf 69' lang='lat'>86*</span> <span class='ocrx_word' id='word_1_467' title='bbox 996 2304 1111 2334; x_wconf 78' lang='lat' dir='ltr'>Horum</span> <span class='ocrx_word' id='word_1_468' title='bbox 1128 2315 1233 2346; x_wconf 80' lang='lat' dir='ltr'>magno</span> <span class='ocrx_word' id='word_1_469' title='bbox 1248 2305 1420 2345; x_wconf 74' lang='lat' dir='ltr'>certamine]</span> <span class='ocrx_word' id='word_1_470' title='bbox 1451 2306 1559 2342; x_wconf 87' lang='lat' dir='ltr'>Quum</span> 
     </span>
     <span class='ocr_line' id='line_1_68' title="bbox 872 2346 1559 2388; baseline 0.001 -11"><span class='ocrx_word' id='word_1_471' title='bbox 872 2346 905 2377; x_wconf 90' lang='lat' dir='ltr'>hi</span> <span class='ocrx_word' id='word_1_472' title='bbox 932 2347 1012 2378; x_wconf 87' lang='lat' dir='ltr'>inter</span> <span class='ocrx_word' id='word_1_473' title='bbox 1039 2356 1072 2377; x_wconf 88' lang='lat' dir='ltr'>se</span> <span class='ocrx_word' id='word_1_474' title='bbox 1106 2357 1219 2388; x_wconf 84' lang='lat' dir='ltr'>magno</span> <span class='ocrx_word' id='word_1_475' title='bbox 1255 2346 1357 2378; x_wconf 85' lang='lat' dir='ltr'>studio</span> <span class='ocrx_word' id='word_1_476' title='bbox 1393 2353 1559 2382; x_wconf 85' lang='lat' dir='ltr'>certarent,</span> 
     </span>
     <span class='ocr_line' id='line_1_69' title="bbox 873 2389 1558 2432; baseline 0.001 -12"><span class='ocrx_word' id='word_1_477' title='bbox 873 2390 944 2430; x_wconf 85' lang='lat' dir='ltr'>quis</span> <span class='ocrx_word' id='word_1_478' title='bbox 968 2389 1151 2420; x_wconf 84' lang='lat' dir='ltr'>mandatum</span> <span class='ocrx_word' id='word_1_479' title='bbox 1175 2399 1253 2431; x_wconf 89' lang='lat' dir='ltr'>opus</span> <span class='ocrx_word' id='word_1_480' title='bbox 1278 2390 1408 2422; x_wconf 87' lang='lat' dir='ltr'>celerius</span> <span class='ocrx_word' id='word_1_481' title='bbox 1430 2391 1558 2432; x_wconf 82' lang='lat' dir='ltr'>perfice-</span> 
     </span>
     <span class='ocr_line' id='line_1_70' title="bbox 874 2437 929 2462; baseline 0 0"><span class='ocrx_word' id='word_1_482' title='bbox 874 2437 929 2462; x_wconf 89' lang='lat' dir='ltr'>ret.</span> 
     </span>
    </p>

    <p class='ocr_par' dir='ltr' id='par_1_13' title="bbox 872 2475 1558 2730">
     <span class='ocr_line' id='line_1_71' title="bbox 916 2475 1557 2515; baseline 0.002 -10"><span class='ocrx_word' id='word_1_483' title='bbox 916 2476 956 2505; x_wconf 84' lang='lat'>87</span> <span class='ocrx_word' id='word_1_484' title='bbox 988 2475 1121 2510; x_wconf 82' lang='lat' dir='ltr'>Deserta,</span> <span class='ocrx_word' id='word_1_485' title='bbox 1149 2475 1230 2515; x_wconf 80' lang='lat' dir='ltr'>quoe]</span> <span class='ocrx_word' id='word_1_486' title='bbox 1275 2475 1455 2507; x_wconf 81' lang='lat' dir='ltr'>Certissima</span> <span class='ocrx_word' id='word_1_487' title='bbox 1479 2478 1557 2506; x_wconf 89' lang='lat' dir='ltr'>Gro-</span> 
     </span>
     <span class='ocr_line' id='line_1_72' title="bbox 873 2516 1557 2560; baseline 0 -12"><span class='ocrx_word' id='word_1_488' title='bbox 873 2517 956 2548; x_wconf 87' lang='lat' dir='ltr'>novii</span> <span class='ocrx_word' id='word_1_489' title='bbox 979 2516 1166 2548; x_wconf 86' lang='lat' dir='ltr'>emendatio.</span> <span class='ocrx_word' id='word_1_490' title='bbox 1210 2517 1295 2549; x_wconf 81' lang='lat' dir='ltr'>Editi</span> <span class='ocrx_word' id='word_1_491' title='bbox 1317 2519 1410 2560; x_wconf 86' lang='lat' dir='ltr'>vulgo</span> <span class='ocrx_word' id='word_1_492' title='bbox 1432 2522 1557 2550; x_wconf 78' lang='lat' dir='ltr'>deserta-</span> 
     </span>
     <span class='ocr_line' id='line_1_73' title="bbox 873 2560 1558 2602; baseline 0.001 -12"><span class='ocrx_word' id='word_1_493' title='bbox 873 2571 936 2600; x_wconf 83' lang='lat' dir='ltr'>que.</span> <span class='ocrx_word' id='word_1_494' title='bbox 982 2560 1044 2591; x_wconf 86' lang='lat' dir='ltr'>Sed</span> <span class='ocrx_word' id='word_1_495' title='bbox 1065 2560 1181 2601; x_wconf 85' lang='lat' dir='ltr'>scripti,</span> <span class='ocrx_word' id='word_1_496' title='bbox 1197 2560 1254 2591; x_wconf 87' lang='lat' dir='ltr'>nisi</span> <span class='ocrx_word' id='word_1_497' title='bbox 1273 2563 1464 2598; x_wconf 86' lang='lat' dir='ltr'>vetustioreS,</span> <span class='ocrx_word' id='word_1_498' title='bbox 1480 2572 1558 2602; x_wconf 91' lang='lat' dir='ltr'>qua-</span> 
     </span>
     <span class='ocr_line' id='line_1_74' title="bbox 872 2602 1556 2646; baseline 0.001 -13"><span class='ocrx_word' id='word_1_499' title='bbox 872 2603 918 2633; x_wconf 88' lang='lat' dir='ltr'>les</span> <span class='ocrx_word' id='word_1_500' title='bbox 940 2613 1056 2645; x_wconf 89' lang='lat' dir='ltr'>paucos</span> <span class='ocrx_word' id='word_1_501' title='bbox 1077 2602 1169 2643; x_wconf 82' lang='lat' dir='ltr'>hujus</span> <span class='ocrx_word' id='word_1_502' title='bbox 1184 2603 1266 2634; x_wconf 90' lang='lat' dir='ltr'>Livii</span> <span class='ocrx_word' id='word_1_503' title='bbox 1287 2605 1382 2646; x_wconf 86' lang='lat' dir='ltr'>partis</span> <span class='ocrx_word' id='word_1_504' title='bbox 1396 2605 1556 2641; x_wconf 81' lang='lat' dir='ltr'>habemus,</span> 
     </span>
     <span class='ocr_line' id='line_1_75' title="bbox 875 2646 1558 2688; baseline 0.001 -12"><span class='ocrx_word' id='word_1_505' title='bbox 875 2656 938 2677; x_wconf 88' lang='lat' dir='ltr'>non</span> <span class='ocrx_word' id='word_1_506' title='bbox 959 2651 1088 2676; x_wconf 86' lang='lat' dir='ltr'>utuntur</span> <span class='ocrx_word' id='word_1_507' title='bbox 1109 2646 1319 2688; x_wconf 74' lang='lat' dir='ltr'>diphthongis,</span> <span class='ocrx_word' id='word_1_508' title='bbox 1333 2653 1368 2677; x_wconf 89' lang='lat' dir='ltr'>ut</span> <span class='ocrx_word' id='word_1_509' title='bbox 1390 2647 1421 2677; x_wconf 90' lang='lat' dir='ltr'>in</span> <span class='ocrx_word' id='word_1_510' title='bbox 1441 2647 1478 2677; x_wconf 87' lang='lat' dir='ltr'>iis</span> <span class='ocrx_word' id='word_1_511' title='bbox 1490 2658 1558 2687; x_wconf 81' lang='lat' dir='ltr'>quoe</span> 
     </span>
     <span class='ocr_line' id='line_1_76' title="bbox 875 2689 1272 2730; baseline 0 -11"><span class='ocrx_word' id='word_1_512' title='bbox 875 2695 906 2719; x_wconf 85' lang='lat' dir='ltr'>et</span> <span class='ocrx_word' id='word_1_513' title='bbox 920 2700 974 2729; x_wconf 83' lang='lat' dir='ltr'>qne</span> <span class='ocrx_word' id='word_1_514' title='bbox 989 2699 1111 2730; x_wconf 84' lang='lat' dir='ltr'>prorsus</span> <span class='ocrx_word' id='word_1_515' title='bbox 1125 2689 1207 2720; x_wconf 88' lang='lat' dir='ltr'>idem</span> <span class='ocrx_word' id='word_1_516' title='bbox 1223 2689 1272 2719; x_wconf 90' lang='lat' dir='ltr'>sit.</span> 
     </span>
    </p>

    <p class='ocr_par' dir='ltr' id='par_1_14' title="bbox 878 2731 1560 2816">
     <span class='ocr_line' id='line_1_77' title="bbox 919 2731 1560 2772; baseline 0 -10"><span class='ocrx_word' id='word_1_517' title='bbox 919 2733 959 2762; x_wconf 88' lang='lat'>88</span> <span class='ocrx_word' id='word_1_518' title='bbox 988 2732 1028 2762; x_wconf 78' lang='lat' dir='ltr'>Ut</span> <span class='ocrx_word' id='word_1_519' title='bbox 1040 2732 1124 2772; x_wconf 74' lang='lat' dir='ltr'>solet]</span> <span class='ocrx_word' id='word_1_520' title='bbox 1155 2733 1224 2762; x_wconf 85' lang='lat' dir='ltr'>Nec</span> <span class='ocrx_word' id='word_1_521' title='bbox 1238 2732 1339 2762; x_wconf 86' lang='lat' dir='ltr'>minus</span> <span class='ocrx_word' id='word_1_522' title='bbox 1361 2731 1452 2764; x_wconf 75' lang='lat' dir='ltr'>bene,</span> <span class='ocrx_word' id='word_1_523' title='bbox 1468 2738 1502 2762; x_wconf 76' lang='lat' dir='ltr'>ut</span> <span class='ocrx_word' id='word_1_524' title='bbox 1516 2743 1560 2762; x_wconf 83' lang='lat' dir='ltr'>so-</span> 
     </span>
     <span class='ocr_line' id='line_1_78' title="bbox 878 2774 1560 2816; baseline 0.001 -12"><span class='ocrx_word' id='word_1_525' title='bbox 878 2775 948 2809; x_wconf 78' lang='lat' dir='ltr'>lem,</span> <span class='ocrx_word' id='word_1_526' title='bbox 978 2774 999 2804; x_wconf 87' lang='lat' dir='ltr'>ii</span> <span class='ocrx_word' id='word_1_527' title='bbox 1028 2785 1138 2816; x_wconf 85' lang='lat' dir='ltr'>nempe</span> <span class='ocrx_word' id='word_1_528' title='bbox 1168 2774 1220 2815; x_wconf 79' lang='lat' dir='ltr'>qni</span> <span class='ocrx_word' id='word_1_529' title='bbox 1249 2780 1475 2815; x_wconf 77' lang='lat' dir='ltr'>oppugnantur.</span> <span class='ocrx_word' id='word_1_530' title='bbox 1521 2775 1560 2805; x_wconf 76' lang='lat' dir='ltr'>Et</span> 
     </span>
    </p>
   </div>
   <div class='ocr_carea' id='block_1_10' title="bbox 935 2834 951 2855">
    <p class='ocr_par' dir='ltr' id='par_1_15' title="bbox 935 2834 951 2855">
     <span class='ocr_line' id='line_1_79' title="bbox 935 2834 951 2855; baseline 0 0"><span class='ocrx_word' id='word_1_531' title='bbox 935 2834 951 2855; x_wconf 74' lang='lat' dir='ltr'>S</span> 
     </span>
    </p>
   </div>
  </div>
 </body>
</html>
