1947 3222
188 201 228 232 U.
243 200 282 231 C.
297 199 370 230 56⁴2.

185 244 226 274 A.
244 243 282 274 C.
300 243 370 273 190.

185 314 359 345 Antiochus

187 357 328 388 Prusiam
342 354 382 386 ad

185 400 301 429 bellum
313 409 383 429 con-

187 441 273 474 citat.

189 758 312 788 Prusias
328 768 346 789 a

190 801 283 832 Rom.
300 801 338 830 ad

188 844 274 884 pacis
290 841 387 873 eonsi-

189 886 231 915 lia
245 896 366 917 revoca-

190 933 246 958 tur.

202 2004 375 2036 Antiochus

201 2048 226 2078 it
242 2048 280 2078 ad
297 2048 374 2079 clas-

202 2101 277 2122 sem.

400 85 476 117 300
923 73 1282 114 T1T1L1V11

402 188 482 229 niae
509 194 637 243 atque
659 185 841 228 AEolidis
866 183 1110 242 prohibuit‘.
1172 182 1479 239 Pamphilidam
1506 195 1600 222 eum
1621 188 1802 243 quatuor

401 243 576 286 navibus
606 243 725 285 tectis
745 242 798 284 ad
819 258 909 284 eam
939 241 1123 291 classem,
1145 257 1240 297 quae
1261 241 1369 281 cirea
1390 240 1544 280 Patara
1562 247 1664 288 erat,
1685 252 1803 287 mise-

403 309 515 342 runt.
575 300 811 343 Antiochus
834 314 916 340 non
946 298 1175 339 civitatium
1206 297 1344 347 modo,
1366 311 1462 352 quae
1483 295 1591 336 eirca
1609 310 1650 336 se
1671 302 1803 343 erant,

404 357 674 399 contrahebat
707 356 924 413 praesidia3
970 353 1042 395 sed
1075 354 1129 394 ad
1166 353 1371 403 Prusiam,
1404 352 1615 407 Bithyniae
1648 365 1803 406 regem,

404 413 570 455 miserat
601 413 758 469 legatos
787 413 1022 466 literasque‚
1045 410 1201 465 quibus
1231 410 1452 451 transitum
1481 409 1525 450 in
1547 408 1692 449 Asiam
1720 409 1806 448 Ro-

404 485 621 511 manorum
649 469 914 524 increpabat-z
952 467 1093 508 Venire
1122 481 1183 508 eos
1209 468 1266 506 ad
1293 468 1428 507 omnia
1456 479 1584 520 regna
1612 466 1804 514 tollenda,

403 533 447 567 ut
477 529 626 567 nullum
655 539 818 579 usquam
848 525 955 565 orbis
984 530 1196 572 terrarum,
1225 524 1307 564 nisi
1336 524 1574 572 Romanum,
1601 522 1809 576 imperium

405 591 516 625 esset.
576 584 819 635 Philippum
849 587 888 622 et
915 581 1058 621 Nahin
1087 587 1336 635 expugnatos
1345 603 1358 626 ,·
1391 594 1430 621 se
1449 581 1610 620 tertium
1634 580 1735 632 peti.
1765 585 1810 619 ut

404 643 567 695 quisque
589 638 876 693 proximusrab
907 638 1089 691 obpresso
1118 639 1186 688 sit,
1210 651 1289 690 per
1317 650 1447 677 omnes
1476 638 1580 677 velut
1607 637 1812 677 continens

405 698 630 738 incendium
663 710 931 748 pervasurum.
995 695 1060 736 Ab
1093 709 1133 735 se
1162 695 1335 748 gradum
1369 694 1412 733 in
1444 693 1680 747 Bithyniam
1693 693 1810 747 fore,

406 755 567 808 quando
587 754 784 794 Eumenes
811 754 853 793 z'n
878 753 1143 794 voluntariam
1168 752 1393 792 servitutem
1414 751 1670 791 concessisset.
1730 749 1813 790 His

406 819 567 852 motum
603 810 794 851 Prusiam
829 809 960 851 literae
992 807 1194 865 Scipionis
1227 806 1420 856 consulis,
1452 806 1526 847 sed
1559 806 1690 862 magis
1724 806 1814 862 ejus

407 867 549 908 fratris
579 867 784 918 Africani,
809 867 864 909 ab
893 866 1125 922 suspicione
1154 864 1228 906 tali
1257 870 1519 906 averterunt:
1552 862 1640 918 qui,
1662 870 1815 919 praeter

409 923 750 965 consuetudinem
770 931 1016 979 perpetuam
1045 921 1190 980 populi
1213 920 1391 962 Romani
1411 920 1591 975 augendi
1611 920 1723 961 omni
1742 919 1816 959 ho—

407 996 507 1021 nore
535 996 683 1035 regum
713 981 917 1022 sociorum
941 981 1214 1036 majestatem,
1236 977 1470 1019 domesticis
1498 976 1586 1032 ipse
1616 976 1815 1031 exemplis

407 1038 600 1078 Prusiam
630 1037 684 1078 ad
714 1036 1029 1093 promerendam
1059 1035 1282 1077 amicitiam
1312 1050 1430 1076 suam
1460 1033 1673 1090 compulit.
1734 1034 1815 1074 Re-

399 1095 515 1148 gulos
533 1109 573 1134 se
594 1102 771 1147 acceptos
792 1095 835 1134 in
837 1095 970 1146 fidem
991 1093 1030 1133 in
1052 1093 1260 1145 Hispania
1281 1107 1391 1146 reges
1410 1092 1629 1144 reliquisse.
1682 1091 1816 1131 Masi-

405 1152 553 1191 nissam
569 1166 648 1191 non
663 1153 707 1191 in
721 1153 865 1203 patrio
881 1152 993 1191 modo
1008 1151 1155 1191 locasse
1169 1164 1307 1204 regno,
1323 1151 1392 1190 sed
1411 1150 1455 1189 in
1470 1150 1681 1202 Syphacis,
1698 1163 1724 1190 a
1740 1163 1817 1203 quo

405 1215 500 1248 ante
519 1209 875 1262 expulsussuisset,
896 1222 1058 1262 regnum
1080 1208 1308 1260 inposuisse.
1340 1213 1378 1247 et
1397 1221 1477 1247 esse
1497 1221 1580 1246 eum
1602 1221 1680 1246 non
1701 1206 1819 1262 Afri-

405 1279 462 1305 ca:
477 1267 590 1305 modo
606 1280 738 1319 regum
760 1266 876 1319 longe
897 1266 1247 1318 opulentissimum,
1263 1265 1333 1305 sed
1349 1270 1432 1305 toto
1451 1264 1495 1304 in
1511 1263 1604 1303 orbe
1618 1270 1817 1304 terrarum

406 1323 532 1363 cuivis
559 1337 693 1376 regum
721 1323 782 1363 vel
807 1322 1029 1375 majestate,
1050 1323 1111 1363 vel
1138 1321 1284 1362 viribus
1304 1335 1458 1374 parem.
1521 1321 1759 1374 Philippum
1780 1327 1818 1362 ct

409 1379 566 1430 Nabin,
587 1380 714 1420 hostes
735 1379 835 1419 bello
864 1386 1075 1431 superatos
1095 1379 1146 1419 ab
1174 1381 1224 1421 T.
1245 1379 1445 1427 Quinctio,
1468 1384 1600 1418 tamen
1631 1379 1674 1418 in
1694 1393 1817 1433 regno

408 1437 580 1477 relictos.
629 1437 828 1489 Philippo
843 1437 1000 1490 quidem
1017 1450 1126 1478 anno
1140 1437 1276 1488 priore
1291 1437 1411 1476 ctiam
1427 1436 1669 1488 stipendium
1684 1435 1819 1476 remis-

408 1508 506 1543 sum,
537 1494 726 1546 etfilium
757 1494 927 1534 obsidem
957 1495 1176 1535 redditum.-
1209 1499 1247 1534 et
1272 1494 1463 1547 quasdam
1493 1493 1674 1534 civitates
1703 1500 1818 1534 extra

409 1552 713 1600 Macedoniam,
722 1551 972 1604 patientibus
979 1552 1177 1592 Romanis
1190 1549 1510 1603 imperatoribus,
1517 1550 1708 1603 recepisse
1720 1565 1816 1591 eum.

410 1609 464 1648 In
480 1609 616 1648 eadem
632 1609 889 1661 dignitaleet
912 1608 1052 1648 Nabirz
1058 1608 1250 1662 futurum
1255 1608 1403 1662 fuisse,
1422 1607 1502 1647 nisi
1521 1621 1716 1648 enmsuus
1729 1608 1820 1661 pri-

411 1679 473 1704 mo
485 1665 630 1718 furor,
652 1665 930 1718 det'rzclefi·aus
950 1665 1178 1706 AEtolorum
1202 1665 1458 1705 absumsisset.
1519 1663 1707 1704 Maxime
1727 1679 1821 1706 eon-

412 1721 601 1762 firmatus
631 1730 693 1762 est
713 1723 876 1762 animus
906 1722 1028 1778 regiS,
1050 1730 1273 1777 postquam
1300 1721 1353 1761 ad
1374 1735 1469 1761 eum
1493 1722 1539 1761 C.
1559 1720 1723 1770 Livius,
1745 1721 1818 1776 qui

413 1786 569 1833 praetor
603 1786 698 1819 ante
733 1779 851 1819 classi
885 1779 1127 1835 praefuerat,
1161 1778 1323 1833 legatus
1358 1778 1411 1818 ab
1445 1778 1581 1817 Roma
1615 1777 1742 1828 venit,
1776 1785 1818 1819 et

413 1834 606 1881 edocuit;
653 1843 812 1890 quanto
847 1843 886 1876 et
923 1850 1016 1891 spes
1050 1835 1234 1875 victoriae
1265 1835 1414 1875 certior
1445 1833 1659 1884 Romanis,
1692 1848 1819 1889 quarn

415 1891 642 1942 Antiocho,
678 1900 719 1932 et
754 1892 937 1934 amicitia
972 1892 1152 1933 sanctior
1185 1891 1426 1947 firmiorque
1461 1890 1574 1947 apud
1610 1891 1821 1932 Romanos

416 1947 565 1993 futura
585 1956 703 1989 esset.
1811 1980 1813 1982 ,

476 2005 652 2045 XXVI.
685 2005 936 2056 Antiochus,
956 2014 1180 2063 postquam
1200 2021 1226 2046 a
1245 2021 1316 2062 spe
1337 2004 1540 2046 societatis
1566 2004 1727 2045 Prusiae
1753 2003 1823 2045 de-

419 2060 535 2111 cidit,
557 2062 774 2117 Ephesum
804 2063 857 2103 ab
890 2063 1089 2105 Sardibus
1118 2071 1179 2104 est
1208 2062 1420 2119 profectus
1449 2061 1502 2102 ad
1523 2060 1705 2110 classem,
1727 2076 1823 2116 quae

419 2133 494 2173 per
525 2117 685 2173 aliquot
719 2134 878 2160 menses
911 2119 1115 2162 instructa
1145 2136 1191 2161 ae
1226 2127 1372 2176 parata
1400 2119 1552 2168 fuerat,
1582 2117 1819 2166 visendam3

418 2173 550 2229 magis
571 2174 671 2229 quia
701 2176 966 2217 terrestribus
996 2177 1124 2233 copiis
1148 2177 1373 2218 exereitum
1399 2177 1635 2216 Romanum
1656 2182 1697 2214 et
1718 2173 1824 2215 duos

422 2230 632 2286 Scipiones
666 2231 934 2287 imperatores
968 2234 1137 2275 videbat
1174 2232 1365 2274 sustineri
1395 2247 1476 2273 non
1507 2245 1651 2286 posse;
1696 2245 1823 2285 quam

420 2287 534 2342 quod
556 2303 619 2329 res
640 2289 796 2329 navalis
826 2289 915 2344 ipsa
943 2304 1017 2346 per
1039 2306 1078 2332 se
1100 2299 1172 2332 aut
1195 2298 1354 2332 tentata
1373 2288 1449 2330 sibi
1471 2301 1669 2342 umquam
1698 2286 1826 2328 felici-

422 2351 498 2393 ter,
530 2353 603 2385 aut
633 2353 733 2386 tunc
762 2361 924 2401 magnae
959 2356 999 2388 et
1030 2356 1153 2389 certae
1183 2347 1346 2388 fiduciae
1376 2352 1491 2386 esset.
1552 2344 1658 2384 Erat
1687 2351 1825 2385 tamen

420 2399 453 2427 ⁷⁸
461 2410 714 2442 momentum
731 2402 772 2442 in
789 2404 1010 2458 praesentia
1025 2404 1126 2460 spei,
1141 2404 1255 2461 quod
1270 2412 1311 2445 et
1327 2416 1516 2458 magnarii
1533 2409 1693 2456 partem
1711 2400 1826 2441 Rho-

655 2497 668 2521 Τ
678 2500 806 2542 Prqfeclo
823 2503 897 2531 Anti
908 2503 966 2532 >rho
969 2524 1149 2533 ........
1162 2504 1371 2543 ρ’·οΙιὶὸιιιΨιιηί
1390 2502 1486 2532 Gron.
1504 2500 1596 2531 Crev.

424 2588 470 2617 sed
492 2585 630 2628 prqfectio
657 2587 797 2616 Antiochi
821 2588 856 2615 ab
879 2586 1016 2617 Sardibus
1041 2609 1048 2617 .
1071 2610 1078 2618 .
1098 2610 1106 2618 .
1150 2587 1294 2619 orationis
1317 2587 1483 2618 mutatione
1506 2596 1630 2617 necesse
1653 2591 1708 2616 est.
1752 2585 1826 2616 Vic-

426 2631 571 2660 abscedere
593 2628 767 2668 (Rhodios)
791 2631 917 2659 custodia
943 2629 1036 2660 Inniae
1060 2636 1106 2659 at·
1151 2636 1207 2662 tor.
1243 2641 1364 2672 quoque
1394 2631 1490 2661 codex
1525 2629 1644 2671 praefert
1676 2630 1827 2667 Antiochi,

429 2683 482 2712 quc
514 2673 636 2702 AEolidis
661 2672 817 2711 prohibuit.
876 2672 912 2701 Et
943 2671 984 2701 sic
1015 2672 1106 2714 plane
1151 2683 1210 2703 non
1228 2675 1380 2706 Antiocho.

431 2714 533 2745 Modii
569 2715 755 2745 membranae
791 2719 821 2745 et
857 2714 1009 2749 Andreas,
1050 2715 1106 2745 nisi
1193 2717 1450 2747 78*Μιτηιιήιιιηι
1489 2739 1496 2746 .
1529 2739 1536 2747 .
1573 2715 1646 2756 spei]
1698 2715 1828 2757 Aliquid

430 2757 512 2798 quod
565 2758 753 2788 retinuerunt
801 2757 836 2787 τὶ
887 2758 1107 2796 prohibuerunt,
1152 2759 1233 2799 quod
1251 2759 1289 2790 ad
1307 2771 1390 2802 spem
1410 2759 1598 2802 impelleret:
1624 2769 1731 2800 nempe
1746 2758 1828 2800 quod

432 2800 513 2840 quod
537 2800 698 2831 manifesta
726 2799 841 2831 ratione
865 2799 972 2839 corrigi
998 2800 1027 2831 in
1052 2800 1109 2831 hae
1153 2806 1209 2832 xxc.
