1947 3222
532 106 565 143 L
577 105 592 143 1
606 105 648 142 Β.
679 103 870 151 XXXIV.
914 104 942 140 C
956 105 989 146 Α
1005 104 1044 149 P.
1076 104 1161 142 XV.
1483 108 1553 150 ²4⁵7.

132 214 394 259 simulatione
414 214 529 256 suo-ae
549 212 726 263 eliceret.
790 211 858 262 Id,
880 212 999 268 quod,
1017 212 1265 262 crediderat,
1287 213 1437 255 evenit.
1459 228 1550 270 per-
1566 223 1606 255 U.
1619 223 1655 256 C.
1670 224 1744 258 557.

132 271 318 313 timuisse
339 280 380 313 et
400 251 544 314 cedere
565 269 645 310 rati
668 270 894 319 Romanos,
910 276 1034 326 porta
1053 277 1304 325 erumpunt:
1338 278 1394 319 et,
1416 286 1549 334 quan-
1563 268 1605 300 A.
1618 267 1741 300 C.195.

131 337 218 370 tum
243 328 351 376 inter
371 335 504 373 castra
525 341 600 367 sua.
619 334 660 368 et
691 326 874 368 hostium
896 327 1026 368 aciem
1048 325 1239 367 relictum
1260 334 1348 367 crat
1370 325 1462 376 loei,
1485 343 1549 375 ar-

130 385 252 433 matis
287 384 505 441 complent.
582 384 699 425 Dum
730 383 944 439 trepidant
976 383 1062 425 acie
1093 382 1352 432 instruenda,
1389 385 1546 435 consul,

124 443 213 498 jam
235 441 388 499 paratis
417 439 702 495 ordinatisque
731 439 938 489 omnibus,
964 439 1258 495 incompositos
1288 439 1546 495 adgreditur.

131 499 292 555 equites
310 497 466 554 primos
490 497 542 538 ab
573 505 755 553 utroque
784 512 914 537 cornu
940 496 982 538 in
1009 511 1195 553 pugnam
1224 495 1380 545 educit,
1404 497 1476 538 sed
1505 497 1548 538 in

130 556 279 602 dextro
298 553 509 610 extemplo
529 553 655 609 pulsi,
677 553 954 609 cedentesque
976 552 1130 609 trepidi
1155 553 1279 594 etiam
1308 552 1439 609 pediti
1468 561 1549 594 ter-

129 627 263 655 rorem
283 611 473 659 intulere.
536 611 660 661 Quod
681 610 755 652 ubi
777 610 882 652 vidit
903 611 1061 661 consul,
1084 610 1189 652 duas
1209 610 1399 652 cohortes
1415 609 1549 652 delec-

131 677 194 710 tas
213 668 306 710 ⁵4ab
327 668 479 711 dextro
499 667 628 708 latere
648 668 833 710 hostium
860 667 1115 709 circumduci
1131 667 1270 722 jubet,
1293 674 1334 708 et
1354 667 1407 708 ab
1429 664 1549 723 tergo

130 741 171 766 se
191 725 422 775 ostendere,
445 725 693 780 priusquam
717 732 1009 766 concurrerent
1038 724 1230 780 peditum
1260 724 1379 765 acies.
1411 723 1446 764 is
1467 733 1549 766 tei:-

128 797 197 823 ror
216 782 406 838 objectus
427 781 538 823 hosti
567 797 670 832 rem,
692 789 808 822 metu
840 782 1127 822 Romanorum
1157 780 1348 836 equitum
1377 781 1548 822 inclinaf

127 846 228 890 tam,
250 838 445 895 aequavit.
478 847 616 879 tamen
646 838 751 880 adeo
776 838 935 885 turbati
965 846 1082 879 erant
1110 837 1294 878 dexterae
1324 837 1400 878 alae
1431 837 1548 893 equi-

127 903 190 937 tes
251 896 481 952 editesque,
512 903 562 936 ut
589 895 793 951 quosdam
824 894 968 936 consul
997 909 1123 934 manu
1152 893 1241 949 ipse
1270 894 1549 950 reprehende-

128 953 200 1004 rit,
238 952 302 995 ⁵et
323 953 518 994 adversos
537 951 580 992 in
599 952 761 993 hostem
781 951 987 992 verterit¹'.
1018 950 1091 1001 ita,
1113 959 1155 991 et
1186 951 1391 1005 quamdiu
1418 951 1549 992 missi-

127 1008 238 1051 libus
265 1018 502 1066 pugnatum
532 1016 608 1059 est,
630 1023 780 1064 anceps
809 1022 954 1064 pugna
977 1015 1089 1048 erat:
1122 1015 1164 1048 et
1188 1007 1277 1063 jam
1307 1007 1379 1048 abi
1399 1007 1549 1050 dextra

160 1076 262 1118 arte,
300 1066 411 1108 unde
446 1075 580 1107 terror
610 1073 651 1107 et
681 1065 784 1121 fuga
814 1072 1012 1120 coeperat,
1034 1079 1144 1120 aegre
1175 1064 1392 1105 Romanus
1422 1072 1550 1106 resta-

128 1081 213 1165 Eat.
255 1123 353 1164 Abk
369 1123 534 1164 sinistro
555 1137 684 1163 cornu
704 1131 746 1163 et
767 1122 820 1162 ab
840 1121 978 1162 fronte
993 1120 1286 1177 urguebantur
1305 1121 1488 1171 barbari,
1506 1129 1548 1163 et

128 1180 318 1224 cohortes
338 1180 391 1221 ab
420 1188 538 1235 tergo
557 1178 758 1221 instantes
778 1178 921 1235 pavidi
941 1178 1230 1234 respiciebant.
1290 1179 1368 1228 Ut,
1391 1178 1549 1225 emissis

127 1237 390 1278 ⁵⁶soliferreis
425 1236 744 1292 ⁵⁷falaricisque,
785 1235 947 1292 gladios
988 1235 1261 1286 strinxerunt,
1303 1242 1392 1277 tum
1429 1234 1548 1276 velut

127 1293 411 1350 redintegrata
439 1302 502 1335 est
530 1308 686 1349 pugna.
716 1307 800 1334 non
830 1292 948 1333 caecis
974 1292 1129 1333 ictibus
1156 1291 1302 1348 procul
1325 1307 1377 1333 ex
1406 1292 1548 1348 inpro-

126 1350 215 1395 viso
244 1351 599 1392 vulnerabantur:
637 1349 724 1400 sed,
759 1349 866 1406 pede
898 1349 1076 1400 conlato,
1109 1357 1199 1399 tota
1229 1348 1272 1389 in
1307 1348 1465 1390 virtute
1499 1364 1547 1391 ac

131 1408 291 1450 viribus
313 1423 406 1464 spes
425 1414 526 1449 erat.

188 1465 286 1505 XV.
320 1466 468 1506 Fessos
497 1465 587 1520 jam
617 1478 713 1505 suos
747 1463 905 1514 consul,
936 1478 988 1504 ex
1019 1462 1201 1504 secunda
1229 1463 1315 1504 acie
1346 1462 1549 1504 subsidia·
1562 1471 1718 1513 Etfugat.

128 1521 200 1563 riis
235 1522 477 1562 cohortibus
511 1521 553 1562 in
593 1535 780 1576 pugnam
819 1520 1016 1571 inductis,
1051 1519 1250 1561 accendit.
1296 1535 1404 1560 nova
1442 1520 1550 1561 acies

128 1579 253 1620 facta.
298 1577 450 1634 integri
484 1577 720 1619 recentibus
755 1576 848 1618 telis
881 1576 1081 1632 fatigatos
1120 1576 1256 1625 adorti
1292 1576 1432 1617 hostes
1464 1578 1550 1633 pri-

130 1651 246 1676 mum
273 1634 356 1676 acri
381 1635 544 1691 inpetu,
565 1634 681 1675 velut
703 1649 848 1683 cuneo,
869 1633 1164 1690 perculerunt:
1198 1632 1349 1673 deinde
1375 1633 1549 1690 dissipa-

130 1700 194 1734 tos
214 1693 257 1733 in
277 1692 423 1747 fugam
451 1697 716 1732 averterunt:
749 1690 966 1746 effusoque
994 1705 1070 1746 per
1099 1705 1390 1745 agroscursu,
1413 1698 1550 1737 castra

127 1765 171 1790 re
203 1749 435 1790 etebantur.
510 1747 599 1789 Ubi
628 1747 767 1789 omnia
800 1746 906 1803 fuga
939 1746 1146 1802 completa
1175 1746 1282 1788 vidit
1315 1748 1436 1797 Cato,
1458 1747 1548 1803 ipse

126 1820 174 1853 a
213 1805 436 1848 secundam
468 1804 686 1861 legionem,
717 1820 815 1860 quae
845 1804 888 1845 in
920 1803 1107 1853 subsidio
1135 1803 1274 1860 posita
1302 1812 1405 1854 erat,
1437 1819 1547 1860 equo

130 1863 367 1904 revehitur:
400 1870 442 1903 et
464 1862 582 1918 signa
609 1877 699 1918 prae
729 1877 770 1904 se
799 1860 913 1912 ferri,
934 1861 1143 1917 plenoque
1171 1860 1308 1916 gradu
1338 1861 1393 1902 ad
1413 1869 1549 1910 castra

127 1919 312 1963 hostium
331 1918 615 1975 obpugnanda
643 1918 861 1960 succedere
875 1919 1013 1974 jubet.
1046 1917 1079 1960 si
1100 1917 1195 1974 quis
1216 1925 1337 1959 extra
1359 1917 1547 1959 ordinem

128 1976 293 2021 avidius
321 1976 545 2033 procurrit,
567 1984 608 2017 et
637 1975 725 2032 ipse
752 1974 1053 2031 interequitans
1081 1973 1245 2031 ⁵⁸sparo
1275 1974 1472 2031 percutit,
1504 1983 1546 2016 et

129 2033 320 2084 tribunos
351 2032 696 2089 centurionesque
730 2032 932 2089 castigare
957 2032 1094 2088 jubet.
1154 2032 1254 2073 Jam
1285 2039 1420 2080 castra
1453 2031 1546 2072 hos-

129 2090 237 2137 tium
258 2090 636 2146 obpugnabantur:
670 2090 878 2146 saxisque,
901 2098 942 2130 et
973 2089 1162 2139 sudibuS‚
1185 2097 1226 2129 et
1256 2087 1368 2128 omni
1394 2103 1545 2144 genere

128 2146 306 2191 telorum
336 2147 692 2189 submovebantur
721 2162 746 2187 a
765 2146 874 2187 vallo
897 2146 1090 2187 Romani.
1123 2145 1195 2186 ubi
1216 2160 1357 2186 recens
1377 2145 1546 2195 admota

128 2203 236 2261 legio
267 2212 343 2255 est,
365 2212 457 2245 tum
487 2212 528 2245 et
549 2204 894 2260 obpugnantibus
923 2202 1085 2245 animus
1115 2203 1260 2251 crevit,
1282 2210 1324 2243 et
1345 2201 1546 2243 infensius

128 2260 266 2310 hostes
294 2276 372 2318 pro
400 2260 511 2302 vallo
539 2261 797 2316 pugnabant.
860 2260 1019 2301 Consul
1049 2259 1188 2300 omnia
1221 2259 1352 2300 oculis
1384 2259 1546 2315 perlus-

129 2325 227 2369 tra-t,
249 2326 313 2369 ut,
334 2333 422 2374 qua
449 2318 620 2359 minima
647 2318 690 2359 vi
719 2316 930 2369 restatur¹,
952 2332 1002 2358 ea
1020 2325 1139 2374 parte
1162 2316 1388 2372 inrumpat.
1419 2315 1473 2356 ad
1493 2315 1544 2356 si-

172 2404 190 2429 h
203 2412 231 2436 et
242 2408 371 2437 adversos
385 2408 406 2437 ι’.
420 2407 448 2436 h.
466 2417 494 2436 v.
509 2405 569 2447 leg.
584 2408 756 2448 verteritque
771 2407 803 2436 in
817 2406 921 2436 hostem
937 2406 1028 2437 Crev.
1127 2403 1140 2427 ¹
1152 2417 1171 2435 a
1187 2405 1286 2436 Gron.
1301 2405 1393 2436 Crev.
1494 2403 1513 2427 k
1526 2416 1545 2435 α

134 2447 220 2479 Eaed.
344 2448 354 2472 ¹
370 2450 515 2480 resistitur
531 2449 628 2480 Gron-

176 2522 298 2554 542⁸AE
333 2526 430 2555 dextro
459 2524 558 2556 *latere
597 2525 722 2556 hostium
757 2526 816 2554 cir·
862 2524 964 2558 Festo,
982 2533 1076 2564 genus
1097 2523 1148 2553 teli
1170 2529 1261 2553 totum
1273 2522 1428 2564 ferreum.-
1452 2533 1470 2554 a
1491 2524 1545 2554 sol-

137 2566 287 2606 cumduci]
312 2565 509 2598 Circumduci
531 2566 564 2598 in
585 2572 672 2608 terga
685 2566 818 2603 hostium
862 2567 899 2603 lo,
915 2566 998 2608 quod
1019 2565 1206 2597 vocabulum
1229 2567 1314 2597 Osca
1335 2566 1442 2607 lingua
1463 2565 1545 2597 idem

137 2612 247 2650 praeter
259 2607 381 2647 illorum
395 2609 537 2641 dextrum
548 2610 641 2641 latus.
862 2610 1004 2644 sonabat,
1020 2619 1056 2639 ac
1070 2608 1181 2640 Latino
1197 2619 1335 2640 sermone
1347 2615 1450 2640 totum.

180 2651 222 2686 55
247 2650 423 2693 Verteritque
436 2653 469 2682 in
482 2653 602 2694 hostem]
635 2652 687 2683 Sic
706 2652 820 2691 habere
905 2653 945 2683 57
971 2651 1129 2692 Falaricz's]
1152 2653 1176 2684 F
1179 2651 1300 2682 alaricae
1312 2651 1546 2693 descriptionem

139 2692 252 2736 priores
265 2692 361 2729 editos
374 2700 406 2734 et
426 2695 522 2726 MSS.
540 2706 560 2726 a
573 2706 605 2732 se
625 2695 706 2734 visos
724 2701 820 2735 testa·
863 2700 934 2737 pete
949 2706 987 2733 ex
1002 2700 1115 2731 nostro,
1130 2695 1152 2725 l.
1168 2695 1262 2725 XXI.
1276 2705 1303 2725 c.
1319 2696 1350 2725 8.
1532 2698 1536 2699 ⁷

138 2741 189 2765 tur
212 2734 395 2773 Gronovius,
416 2738 528 2778 quibus
549 2738 670 2777 accedit
691 2738 775 2770 Vict.
789 2743 820 2769 et
905 2739 947 2773 58
977 2737 1084 2779 Sparo]
1121 2737 1231 2777 Spar-us
1256 2742 1322 2768 erat
1357 2741 1476 2777 agreste
1501 2739 1547 2766 te-

139 2778 200 2815 duo
215 2788 233 2809 e
248 2778 342 2809 MSS.
354 2779 499 2820 -HeamiL
542 2781 646 2823 Vulgo
668 2787 696 2812 et
717 2784 820 2821 adver-
865 2781 940 2817 lum,
954 2780 986 2811 in
1009 2781 1134 2813 modum
1157 2779 1229 2822 pedi
1250 2788 1421 2814 recurvum,
1438 2779 1464 2812 si
1478 2778 1548 2808 Ser-

137 2832 179 2853 sos
193 2823 225 2853 in
239 2822 343 2852 hostem
356 2824 485 2858 verterit.
866 2823 915 2855 vio
936 2823 1100 2856 credimus.
1124 2822 1205 2855 Eum
1226 2821 1286 2857 vid.
1305 2821 1344 2851 ad
1359 2821 1380 2852 l.
1397 2821 1457 2853 xl.
1473 2821 1549 2853 [ΕΠ.

181 2865 222 2894 56
268 2861 446 2906 Soliserreis]
503 2865 702 2906 Soliferreum‚
747 2872 824 2902 teste
868 2877 895 2897 v.
910 2867 983 2898 682.

927 2911 1000 2948 1.ss
