1947 3222
476 162 599 200 LIB.
629 159 822 199 XXXIX.
865 159 1000 196 CAP.
1030 159 1160 197 XVII.
1451 165 1527 200 413

101 273 361 326 disciplinam
375 271 933 325 sacr7flcandi,.prceterquam
951 282 1058 308 more
1076 267 1274 318 Romano,
1290 269 1530 312 abolerent?
1544 289 1584 320 U.
1595 289 1633 320 c,
1646 288 1720 318 566.

103 331 355 372 Judicabant
372 332 475 371 enim
490 327 800 382 prudentissimi
815 326 898 367 viri
917 326 1046 366 omnis
1061 325 1194 365 divini
1208 326 1452 381 humanique
1457 328 1530 382 ju-
1543 332 1583 364 A.
1594 331 1720 363 C-'186-

103 388 179 436 ris,
198 388 304 429 nihil
317 401 429 442 aeque
443 385 704 427 dissolvendoe
719 384 930 439 religionis
946 397 1039 433 esse,
1057 396 1176 436 quam
1192 382 1261 423 ubi
1275 397 1355 423 non
1369 387 1528 438 patrio,

105 446 175 485 sed
195 452 360 486 externo
390 445 474 485 ritu
492 443 809 496 sacrificaretur.
869 440 974 482 Haec
993 440 1102 482 vobis
1126 441 1390 495 praedicenda
1417 449 1533 495 ratus

104 516 200 551 sum,
230 517 280 544 ne
299 515 379 556 qua
397 501 633 554 superstitio
654 500 835 553 agitaret
855 498 1011 539 animos
1031 503 1196 547 vestros,
1224 511 1342 551 quum
1363 497 1531 540 ⁶⁷demo.

105 561 248 601 lientes
266 573 334 600 nos
353 558 640 599 Bacchanalia
661 557 994 609 discutientesque
1014 553 1193 607 nefarios
1213 562 1332 596 coetus
1351 569 1531 596 cernere-

106 618 172 658 tis.
236 616 400 666 Omnia,
433 616 535 656 Diis
556 615 757 668 propitiis
786 613 1095 668 volentibusque,
1127 627 1174 652 ea
1189 612 1418 666 faciemus:
1448 615 1531 667 qui,

105 675 204 728 quia
223 687 333 714 stium
354 688 497 714 numen
517 672 728 713 sceleribus
743 671 1059 724 libidinibusque
1073 671 1349 711 contaminari
1364 671 1534 724 indigne

88 730 302 785 ferebant,
321 746 370 771 ex
385 732 547 771 occultis
562 745 610 770 ca
627 729 801 770 tenebris
822 729 866 769 in
886 730 1009 769 lucem
1031 734 1307 768 extraxerunt.
1330 742 1401 767 nec
1412 734 1534 781 pate-

97 789 208 841 fieri,
227 795 271 829 ut
292 789 482 842 inpunita
505 793 643 836 essent,
661 788 731 828 sed
749 793 792 827 ut
813 787 1120 827 vindicarentur
1140 791 1178 826 ct
1199 785 1532 838 obprimerentur,

106 847 329 886 voluerunt.
392 846 563 886 Senatus
594 845 848 899 qucestionem
880 850 998 884 extra
1019 843 1201 883 ordinem
1222 844 1272 883 de
1302 856 1350 883 ea
1370 857 1415 883 re
1434 844 1537 884 mihi

108 904 348 958 collegccque
377 918 459 944 meo
479 904 690 944 mandavit
706 921 719 942 .·
750 916 835 953 nos,
858 915 948 957 quse
969 901 1071 957 ipsis
1100 899 1216 941 nobis
1244 901 1405 954 agenda
1425 907 1536 952 sunt,

108 962 271 1014 inpigre
287 975 552 1015 exsequemur.
589 960 837 1014 Vigiliarum
855 964 1140 1000 nocturnarum
1157 971 1293 998 curam
1307 958 1537 1011 perurbem
1591 990 1594 991 γ

107 1018 329 1060 minoribus
368 1018 674 1072 magistratibus
716 1018 1005 1058 mandavimus.
1075 1016 1149 1056 Vos
1181 1029 1348 1069 quoque,
1382 1029 1538 1069 aequum

109 1082 181 1124 est,
219 1090 303 1130 quse
343 1082 476 1117 vestra
515 1076 653 1116 munia
688 1081 794 1124 sunt,
829 1088 908 1128 quo
939 1074 1106 1127 quisque
1136 1074 1220 1112 loco
1244 1073 1405 1125 positus
1439 1074 1535 1123 erit,

104 1135 216 1187 quocl
245 1133 524 1187 imperabitur,
548 1134 712 1186 inpigre
734 1138 952 1185 praestare,
976 1136 1014 1170 et
1035 1131 1137 1170 dare
1165 1143 1342 1182 operam,
1365 1143 1417 1170 ne
1436 1131 1537 1184 quid

91 1191 256 1245 fiaude
275 1192 485 1231 noxiorum
498 1190 678 1243 periculi
699 1195 770 1229 aut
790 1189 980 1229 tumultus
999 1187 1172 1227 oriatur.

170 1249 322 1289 XVII.
356 1247 542 1289 Recitari
558 1246 709 1288 deinde
726 1244 1086 1287 senatusconsulta
1099 1245 1334 1301 jusserunt,
1351 1243 1537 1286 68indici-

111 1320 194 1361 quc
214 1305 437 1362 praemium
466 1312 794 1361 proposuerunt,
818 1303 851 1344 si
873 1302 969 1358 quis
989 1317 1116 1357 quem
1137 1301 1190 1341 ad
1213 1316 1254 1341 se
1276 1301 1536 1352 deduxisset,

109 1377 311 1403 nomenve
327 1362 510 1403 absentis
526 1361 757 1402 detulisset.
804 1361 884 1408 Qui
902 1361 1131 1400 nominatus
1142 1358 1411 1412 profugisset,
1429 1360 1537 1399 diem

109 1426 259 1460 certam
280 1434 320 1460 se
339 1421 535 1472 finituros
549 1441 563 1465 ;
596 1419 654 1458 ad
673 1432 791 1472 quam
812 1418 896 1458 nisi
915 1418 1063 1457 citatus
1092 1417 1375 1469 respondisset,
1397 1416 1539 1457 absens

110 1478 386 1517 damnaretur.
447 1477 484 1517 si
513 1477 604 1530 quis
633 1489 779 1524 eorum,
811 1476 882 1529 qui
911 1481 993 1515 tum
1026 1479 1143 1514 etctra
1179 1479 1330 1514 terra-m
1365 1474 1538 1514 Italiam

108 1541 248 1583 essent,
281 1536 573 1583 nominaretur,
605 1534 645 1573 ei
677 1534 874 1573 lavim-em
905 1533 1010 1572 diem
1040 1532 1221 1581 daturos,
1238 1531 1290 1571 ‘si
1316 1532 1454 1571 venire
1483 1531 1541 1571 acl

110 1606 288 1632 caussam
325 1592 534 1632 dicendam
573 1591 702 1631 vellet.
763 1590 1005 1630 Edixerunt
1041 1588 1206 1638 deinde,
1238 1602 1288 1628 ne
1319 1589 1409 1642 quis
1441 1588 1543 1642 quid

93 1648 221 1702 ,fugae
245 1663 385 1690 caussa
413 1649 652 1697 vendidisse,
676 1662 772 1688 neve
799 1647 936 1687 emisse
961 1646 1105 1687 vellet:
1135 1659 1185 1685 ne
1217 1647 1306 1698 quis
1330 1646 1538 1698 reciperet,

113 1708 277 1757 celaret,
299 1721 373 1760 ope
393 1707 477 1746 ulla
491 1705 663 1759 juvaret
675 1706 905 1759 fugientes.
967 1702 1176 1744 concione
1197 1701 1381 1752 dimissa,
1403 1710 1539 1743 terror

113 1778 292 1819 magnus
323 1764 426 1804 urbe
456 1771 547 1804 tota
575 1763 683 1804 fuit:
716 1778 791 1803 nec
821 1760 1030 1802 moenibus
1058 1775 1099 1800 se
1120 1767 1287 1800 tantum
1317 1758 1433 1800 urbis
1463 1767 1538 1800 aut

113 1820 266 1861 finibus
298 1820 499 1862 Romanis
528 1819 760 1867 continuit;
800 1818 871 1860 sed
900 1817 1055 1874 passim
1085 1832 1160 1872 per
1190 1824 1321 1858 totam
1355 1815 1560 1865 ltaliam„

114 1877 244 1918 literis
274 1877 489 1934 hospitum
519 1877 572 1918 de
603 1876 977 1924 senatusconsulto,
1009 1882 1050 1915 et
1081 1874 1291 1923 concione,
1323 1881 1365 1915 et
1400 1872 1539 1914 edicto

114 1935 332 1975 consulum
363 1934 558 1990 acceptis,
581 1933 783 1990 trepidari
813 1940 1000 1988 coeptum
1031 1940 1105 1972 est.
1168 1930 1301 1971 Multi
1329 1945 1378 1971 ea
1404 1938 1540 1980 nocte,

115 2006 212 2046 quae
243 1991 354 2032 diem
373 1992 562 2032 insecuta
590 1999 667 2039 est,
690 2006 775 2045 quo
797 1990 837 2030 in
861 1989 1056 2029 concione
1077 2003 1141 2028 res
1162 1987 1300 2043 palam
1330 1987 1443 2028 facta
1463 1995 1540 2037 est,

114 2047 315 2089 custodiis
336 2047 444 2088 circa
463 2056 605 2103 portas
635 2046 796 2102 positis,
818 2045 1029 2102 fugientes
1050 2060 1076 2085 a
1096 2043 1325 2084 triumviris
1355 2059 1541 2100 compre-

116 2104 234 2145 hensi
255 2113 296 2146 et
318 2104 481 2145 reducti
503 2112 600 2145 sunt
619 2121 626 2145 :
660 2103 890 2144 multorum
921 2102 1090 2142 nomina
1110 2100 1259 2141 delata.
1292 2100 1467 2156 quidam
1487 2115 1539 2142 ex

115 2160 166 2201 iis
196 2161 275 2202 viri
310 2161 563 2217 feminaeque
598 2169 774 2202 mortem
811 2160 888 2200 sibi
924 2158 1226 2200 consciverunt.
1290 2158 1541 2213 Conjurasse
1554 2171 1668 2214 Capita
1681 2175 1752 2202 oen-

118 2233 246 2274 supra
281 2226 439 2275 septem
473 2217 605 2258 millia
632 2217 817 2258 virorum
850 2231 897 2257 ac
932 2215 1155 2257 mulierum
1186 2213 1445 2256 dicebantur.
1477 2214 1724 2256 CspjurationiS.

118 2274 208 2330 pita
236 2285 378 2317 autem
409 2274 708 2331 conjurationis
737 2273 954 2315 constabat
985 2287 1086 2322 esse,
1108 2270 1213 2311 69Μ.
1236 2279 1277 2312 et
1300 2273 1349 2312 C.
1372 2271 1542 2313 Atinios

119 2331 172 2372 de
200 2332 323 2388 plebe
358 2333 562 2382 Romana,
583 2339 626 2373 et
658 2330 869 2372 Faliscum
900 2330 952 2370 L.
976 2328 1259 2385 Opiternium,
1281 2336 1324 2369 et
1354 2328 1543 2369 Minium

121 2389 358 2431 Cerrinium
391 2391 677 2445 Campanum:
730 2387 784 2428 ab
814 2387 880 2427 his
912 2387 1051 2427 omnia
1085 2385 1271 2426 facinora
1305 2392 1347 2426 et
1381 2384 1544 2440 flagitia

120 2452 235 2487 orta:
267 2462 336 2488 eos
355 2446 559 2488 maximos
590 2444 824 2486 sacerdotes
854 2443 1176 2497 conditoresque
1196 2442 1288 2497 ejus
1318 2441 1422 2482 sacri
1442 2457 1541 2483 esse.

166 2574 207 2605 67
251 2575 442 2607 Demolientes
465 2600 473 2608 .
496 2598 504 2606 .
529 2599 538 2607 .
562 2600 570 2607 .
596 2575 812 2615 Bacchanalia]
857 2574 946 2605 dunt.
990 2571 1178 2603 Promittuut
1206 2571 1366 2614 praemium
1392 2570 1498 2607 indici,
1522 2570 1547 2600 si

126 2617 188 2649 Hic
217 2623 248 2648 et
273 2617 352 2649 infra
379 2619 542 2660 aliquoties
568 2618 814 2650 Bacchanalium
857 2616 937 2658 quiS‚
953 2615 985 2646 id
1006 2621 1063 2652 est,
1080 2615 1134 2657 qui
1149 2615 1198 2646 vel
1214 2615 1349 2656 aliquem
1373 2613 1549 2645 deduxisset

128 2661 252 2692 nomine
290 2661 490 2702 designantur
525 2663 605 2698 loca,
634 2662 666 2692 in
703 2661 816 2703 quibus
860 2660 901 2690 ad
923 2659 1075 2695 consules,
1092 2659 1141 2690 vel
1164 2669 1276 2689 nomen
1299 2657 1435 2688 absentis
1459 2655 1548 2686 detu-

126 2714 215 2734 sacra
229 2704 284 2734 illa
298 2704 414 2734 nefaria
429 2705 674 2736 celebrabantur.
860 2703 954 2734 lisset.

169 2748 210 2778 68
256 2747 409 2786 Indiciqne
458 2749 613 2786 proemium
664 2758 815 2786 proposue-
902 2747 944 2777 69
967 2745 1016 2775 M.
1030 2751 1057 2775 et
1075 2745 1110 2775 C.
1126 2744 1267 2784 Altinius]
1298 2742 1411 2787 Antea.
1425 2739 1550 2780 legeba-

129 2797 212 2825 runt,
235 2791 258 2820 si
291 2789 369 2830 quis]
407 2789 602 2821 Mutavimus
638 2790 815 2832 interpunc-
859 2794 919 2825 tur,
946 2789 992 2819 Μ.
1018 2795 1044 2818 et
1077 2788 1114 2817 L.
1143 2788 1281 2824 Catinios.
1327 2782 1550 2830 Corrigendum

128 2833 254 2868 tionem,
270 2843 339 2873 quae
356 2831 465 2862 vitiosa
484 2838 532 2863 est
551 2832 584 2863 in
603 2833 757 2874 plerisque
779 2831 816 2862 li-
860 2832 960 2863 levem
989 2831 1071 2861 hunc
1099 2839 1230 2860 errorem
1269 2832 1473 2857 monstravere
1503 2825 1550 2855 Si-

128 2876 202 2908 bris.
245 2875 277 2906 Si
290 2878 353 2916 quis
370 2885 432 2905 non
454 2880 500 2906 est
522 2874 643 2905 initium
665 2885 751 2906 nova:
765 2884 819 2916 pe·
862 2874 972 2914 genius
986 2879 1017 2904 et
1033 2871 1216 2904 Gronovius.

129 2920 216 2956 riodi,
242 2918 296 2951 sed
319 2917 444 2951 refertur
472 2917 512 2948 ad
541 2927 579 2948 ea
607 2927 676 2957 quae
703 2927 819 2958 praecc-
1214 2914 1220 2918 “
