1947 3222
494 100 613 137 LIB.
641 98 833 138 XXXIV.
862 99 995 136 CAP.
1023 99 1126 136 LIV.

107 222 261 262 agrum,
284 209 580 250 deducerentur.

1443 104 1514 143 179

641 206 722 246 His
742 205 994 247 deducendis
1025 205 1230 253 triumviri
1257 208 1398 258 creati,
1421 208 1512 263 qui·
1526 218 1566 249 U.
1582 218 1701 250 C.558.

108 265 186 305 bus
222 265 263 306 in
299 265 519 306 triennium
554 262 773 318 imperium
808 271 928 312 esset,
953 263 996 302 in
1030 262 1219 303 Bruttios
1250 264 1298 312 Q.
1323 265 1508 314 Naevius,
1527 261 1613 292 1¹·C·
1631 262 1700 291 194.

109 322 172 361 M.
203 322 416 362 Minucius
450 320 602 369 Rufus,
636 320 698 359 M.
723 319 878 359 Furius
917 318 1152 374 Crassipes:
1197 318 1237 359 in
1270 319 1509 361 Thurinum

108 393 255 432 agrum
286 378 320 402 ⁸⁶
334 380 408 418 Cn.
433 376 632 425 Manlius,
662 375 896 425 Q.¹AElius,
922 376 970 416 L.
993 375 1213 431 Apustius.
1246 391 1295 415 ea
1322 376 1419 416 bina
1445 392 1510 417 co-

107 435 223 476 mitia
259 436 333 476 Cn.
357 433 568 474 Domitius
607 441 761 488 praetor
800 433 984 473 urbanus
1023 433 1066 472 in
1103 432 1308 487 Capitolio
1348 432 1507 473 habuit.

109 491 239 532 AEdes
259 507 307 532 eo
327 503 433 530 anno
462 489 622 544 aliquot
643 488 844 529 dedicatae
875 498 994 530 sunt:
1029 504 1112 529 una
1131 488 1352 529 ⁸⁷Jun0nis
1375 489 1510 544 Sospi-
1526 497 1622 528 AEdes
1637 498 1721 528 dedi-

109 557 162 588 tae
197 547 238 588 in
272 547 362 587 foro
393 546 572 596 olitorio,
597 554 694 585 vota
729 545 944 600 locataque
974 545 1246 600 quadriennio
1281 553 1376 586 ante
1406 560 1430 585 a
1461 546 1609 585 thatae.

109 603 300 645 Cornelio
325 603 491 644 consule
515 602 676 643 Gallico
705 601 841 648 bello;
875 617 1015 643 censor
1045 602 1154 643 idem
1185 601 1417 643 dedicavit:
1450 601 1509 641 al-

106 669 194 701 tera
216 660 361 700 Fauni.
393 659 533 700 aediles
554 674 643 700 eam
677 658 842 699 biennio
871 668 966 700 aute
996 674 1046 699 ex
1077 658 1308 699 multaticio
1337 667 1530 713 argento'

104 716 334 757 faciendam
374 716 571 765 locarant,
615 717 661 756 C.
687 715 939 766 Scribonius,
974 724 1015 757 et
1053 716 1128 756 Cn.
1152 715 1390 762 Domitius;
1434 715 1508 770 qui

104 781 258 828 praetor
289 773 473 814 urbanus
503 787 592 813 eam
622 771 840 813 dedicavit.
875 781 915 813 et
940 772 1071 813 aedem
1091 771 1124 796 3⁸
1138 773 1334 813 Fortunae
1365 771 1511 812 Primi-

103 829 236 884 geniae
256 829 298 871 in
319 830 421 870 colle
443 828 649 877 Quirinali
676 828 883 870 dedicavit
906 830 954 878 Q.
979 828 1164 869 Marcius
1196 828 1332 878 Ralla,
1360 828 1511 869 duum-

104 885 167 926 vir
187 886 241 927 ad
269 886 312 927 id
341 887 477 942 ipsum
499 894 672 926 creatus.
704 894 871 926 voverat
893 901 982 925 eam
1004 885 1145 925 decem
1174 884 1290 925 annis
1310 893 1406 926 ante
1428 885 1512 925 Pu-

105 943 198 983 nico
230 943 340 983 bello
369 943 457 983 89Ρ.
484 942 750 998 Sempronius
773 942 952 998 Sophus,
974 942 1179 991 locaverat
1213 941 1324 981 idem
1353 956 1508 982 censor.

104 998 203 1041 ⁹⁰Et
233 1000 276 1040 in
311 999 446 1041 insula
466 1000 586 1040 Jovis
617 999 747 1039 eedem
771 1000 817 1039 C.
843 998 1042 1039 Servilius
1068 997 1266 1038 duumvir
1289 997 1508 1038 dedicavit.

104 1064 204 1097 vota
231 1065 318 1098 erat
349 1072 420 1097 sex
450 1056 566 1096 annis
596 1064 690 1096 ante
713 1054 875 1095 Gallico
903 1054 1013 1095 bello
1033 1055 1085 1095 ab
1107 1055 1158 1094 L.
1182 1053 1312 1095 Furio
1344 1055 1511 1110 Purpu-

105 1127 227 1153 reone
255 1121 457 1168 praetore;
496 1112 549 1152 ab
579 1112 722 1152 codem
752 1119 896 1166 postea
924 1111 1090 1164 consule
1120 1111 1264 1152 locata.

102 1184 211 1209 anno
230 1178 333 1210 acta.

1326 1111 1431 1152 Haec
1462 1126 1510 1151 eo

160 1226 276 1266 LIV.
310 1227 357 1266 P.
384 1226 521 1281 Scipio
555 1241 606 1266 ex
641 1224 854 1281 provincia
885 1225 1024 1266 Gallia
1058 1224 1111 1265 ad
1145 1225 1332 1266 consules
1367 1225 1511 1266 subro-

100 1282 259 1337 gandos
304 1283 416 1323 venit
424 1289 456 1322 ¹¹².

103 1347 200 1380 sunt
223 1340 273 1380 L.
298 1339 515 1380 Cornelius
539 1338 709 1380 Merula
738 1347 778 1380 et
812 1338 866 1387 Q.
892 1339 1105 1379 Minucius
1128 1338 1351 1380 Thermus.

518 1282 698 1323 Comitia
745 1282 962 1322 consulum
1007 1282 1139 1331 fuere,
1181 1281 1335 1336 quibus
1384 1282 1510 1324 creati
1525 1293 1665 1325 comitia.

1413 1339 1512 1380 Pos-

102 1403 192 1437 tero
221 1396 288 1436 die
318 1396 443 1438 creati
474 1405 571 1437 sunt
600 1403 798 1451 praetores
830 1396 879 1435 L.
905 1395 1121 1436 Cornelius
1148 1394 1299 1450 Scipio,
1323 1397 1386 1436 M.
1411 1396 1512 1438 Ful-

101 1452 194 1493 vius
242 1453 447 1503 Nobilior,
493 1454 540 1493 C.
575 1452 829 1502 Scribonius,
871 1453 933 1492 M.
967 1451 1154 1491 Valerius
1204 1452 1415 1502 Messalla,
1458 1453 1507 1493 L.

102 1508 275 1550 Porcius
306 1509 491 1558 Licinus,
522 1518 563 1550 et
596 1510 642 1548 C.
666 1508 907 1549 Flaminius.

967 1507 1248 1563 ⁹¹Megalesia,
1277 1509 1398 1550 ludos
1428 1524 1510 1550 sce-

104 1565 230 1616 nicos,
254 1567 301 1606 C.
325 1565 484 1606 Atilius
508 1567 721 1615 Serranus,
746 1565 795 1605 L.
821 1564 1058 1606 Scribonius
1081 1565 1190 1605 Libo
1220 1564 1359 1606 aediles
1389 1581 1512 1606 curu-

103 1620 162 1661 les
196 1622 321 1677 primi
356 1622 555 1663 fecerunt.

618 1623 784 1661 Horum
814 1621 997 1662 aedilium
1031 1621 1153 1661 ludos
1185 1621 1394 1662 Romanos
1429 1622 1511 1677 pri·
1523 1634 1626 1664 Ludos

103 1692 219 1718 mum
249 1687 414 1720 senatus
443 1693 468 1718 a
496 1678 653 1741 populo
683 1686 862 1719 secretus
893 1678 1108 1733 spectavit,
1132 1679 1400 1734 praebuitque
1431 1677 1695 1761 ser-{hffihgluss

100 1748 254 1785 moneS,
279 1735 404 1787 (sicut
431 1749 563 1775 omnls
591 1734 752 1775 novitas
779 1734 901 1788 solet)
932 1734 1036 1784 aliis,
1058 1736 1234 1785 tandem,
1256 1737 1362 1788 quod
1389 1738 1511 1776 multo

456 1940 464 1964 1
484 1942 519 1976 Q.
535 1942 556 1972 1.
573 1942 611 1972 P.
628 1942 725 1972 Gron.
741 1941 830 1973 Crev.

145 2026 187 2056 86
211 2026 265 2057 Cn.
283 2027 426 2063 Manlius,
452 2028 487 2059 P.
504 2027 616 2068 AElz'us]
648 2026 707 2058 Vel
733 2027 783 2058 hic

102 2068 269 2109 legendum
292 2076 349 2105 est,
370 2071 408 2106 Q.
422 2071 529 2105 AElz'us,
551 2070 599 2100 vel
621 2069 706 2100 initio
732 2080 783 2101 ca-

101 2111 174 2153 pitis
202 2112 239 2142 P.
255 2113 360 2142 AElius.
407 2113 470 2150 Qui
493 2112 573 2143 enim
601 2112 705 2143 AElius
730 2113 783 2143 tri-

102 2154 203 2185 umvir
225 2155 282 2185 fuit
304 2155 429 2186 coloniae
454 2155 656 2192 deducendae,
674 2155 699 2185 is
719 2156 784 2197 ipse

101 2204 148 2227 est
162 2196 215 2239 qui
237 2197 338 2239 legem
354 2198 392 2228 de
410 2208 447 2229 ea
469 2199 590 2234 tulerat,
608 2204 784 2237 ut‚constat

101 2249 138 2270 ex
152 2239 174 2270 l.
189 2241 326 2272 XXXV.
342 2251 369 2271 c.
384 2242 415 2272 9.

146 2284 185 2313 87
208 2284 333 2314 Jummis
349 2284 484 2325 Sospitae]
521 2284 571 2314 Sic
594 2289 674 2314 recte
697 2284 783 2325 Sigo-

104 2325 184 2361 nius,
219 2337 315 2367 quum
351 2326 434 2368 prius
474 2328 626 2367 legeretur
660 2327 785 2357 Junonis

106 2366 240 2400 Matutae.
276 2370 376 2411 Supra
390 2370 411 2401 l.
424 2370 566 2401 XXXII.
582 2380 608 2400 c.
624 2370 676 2401 30.
690 2381 785 2411 quum

105 2408 184 2440 hanc
205 2411 302 2453 ipsam
325 2412 424 2443 aedem
444 2418 534 2443 vovet
557 2412 596 2443 C.
613 2412 784 2448 Cornelius,

107 2450 216 2483 dicitur
230 2454 345 2484 vovisse
359 2457 449 2485 oedem
464 2456 581 2494 Sospitoe
595 2455 720 2486 Junom'.

148 2495 189 2524 88
213 2495 351 2527 Fortunae
385 2498 586 2539 Primigeniae]
621 2498 694 2529 Vid.
723 2503 786 2528 not.

106 2536 145 2566 ad
161 2537 182 2567 l.
199 2537 320 2569 XXIX.
336 2550 360 2570 c.
377 2541 429 2570 36.

149 2579 190 2609 89
222 2580 259 2611 Ρ.
280 2582 462 2621 Sempronius
505 2583 631 2622 Sophus:
675 2584 782 2613 locave-

104 2628 153 2650 rat
178 2624 251 2652 idem
275 2625 385 2665 censor]
419 2625 479 2656 Hic
502 2635 620 2666 semper
649 2631 740 2656 antea
766 2636 784 2656 a

107 2663 195 2694 Livio
238 2667 410 2697 nominatus
453 2673 499 2698 est
543 2668 580 2698 P.
603 2668 785 2707 Sempronius

109 2706 283 2738 Tuditanus.
326 2709 387 2740 Sed
422 2710 497 2740 nihil
527 2716 612 2741 vetat
642 2710 784 2741 eumdem

107 2748 260 2779 hominem
276 2749 335 2781 duo
350 2752 532 2791 cognomina
545 2753 700 2784 habuisse.
740 2754 782 2784 11-

105 2791 159 2822 lud
187 2798 319 2823 moratur
347 2794 455 2834 magis,
478 2795 560 2835 quod
589 2796 786 2838 Sempronius

102 2844 209 2865 censor
239 2835 448 2876 quinquennio
479 2843 561 2871 ante,
588 2848 681 2878 quam
713 2849 784 2868 con—

918 1945 942 1961 m
959 1943 1046 1972 rediit
1062 1941 1150 1972 Eaed.

827 2027 885 2063 sul,
903 2027 1011 2057 fuerat.
1035 2026 1108 2057 Vid.
1124 2026 1145 2058 l.
1162 2028 1304 2058 XXVII.
1327 2038 1354 2058 c.
1372 2029 1421 2059 11.
1444 2029 1509 2059 Vo-

826 2069 868 2100 vit
895 2076 996 2100 autem
1023 2069 1123 2100 aedem
1150 2070 1291 2100 Fortunae
1313 2071 1509 2112 Primigeniae

825 2113 942 2143 consul.
988 2112 1059 2143 Vid.
1076 2112 1097 2142 1.
1113 2112 1238 2143 XXIX.
1254 2124 1280 2143 c.
1295 2113 1347 2145 36.
1378 2114 1455 2144 Eam
1470 2115 1508 2145 ob

826 2166 951 2186 causam
966 2153 1093 2196 Pighius
1115 2155 1172 2185 hoc
1187 2155 1254 2186 loco
1270 2156 1434 2196 legendum
1450 2168 1508 2199 pu-

826 2204 883 2235 tat,
900 2200 1039 2230 locaverat
1055 2200 1130 2228 idem
1145 2200 1253 2229 consul.
1297 2200 1358 2229 Sed
1381 2210 1419 2230 ex
1442 2201 1508 2242 ipsa

827 2241 1019 2273 distinctione
1054 2241 1270 2277 membrorum,
1299 2249 1413 2272 imerat
1444 2243 1507 2272 Pn-

827 2287 891 2315 nico
916 2286 1003 2315 bello.-
1030 2287 1172 2315 locaverat
1197 2286 1283 2319 idem,
1309 2285 1430 2316 videtur
1457 2286 1505 2316 Li-

827 2327 894 2358 vius
917 2327 978 2358 duo
997 2327 1185 2367 distinguere
1204 2333 1343 2369 tempora
1364 2328 1445 2360 volui
1454 2339 1507 2363 sse,

828 2379 924 2400 unum
939 2377 1029 2407 votae,
1047 2371 1177 2401 alterum
1194 2371 1303 2400 locatae
1318 2370 1404 2401 aedis.
1450 2372 1505 2402 Fa-

829 2413 886 2443 cile
903 2413 1119 2444 crediderimus
1141 2413 1190 2443 hic
1213 2418 1359 2449 nostrum,
1375 2419 1408 2443 ut
1427 2424 1507 2455 saepe

829 2455 905 2486 alias
919 2456 1065 2487 tenuibus
1079 2455 1110 2485 in
1126 2456 1227 2491 rebus,
1242 2456 1432 2487 dormitasse.

871 2499 912 2529 90
937 2499 976 2528 Et
999 2500 1028 2529 ιή
1052 2499 1147 2528 insula
1172 2498 1252 2528 Jovis
1273 2499 1374 2539 aedem]
1401 2500 1438 2529 In
1461 2500 1506 2529 iu-

827 2541 895 2571 sula
909 2541 1054 2572 Tiberina
1068 2540 1169 2571 aedem
1182 2542 1201 2572 J
1206 2540 1270 2572 ovis
1283 2540 1445 2572 dedicavit.

869 2584 908 2614 91
936 2584 1104 2625 Megalesia,
1132 2584 1212 2614 ludos
1233 2586 1354 2614 scenicos
1377 2607 1385 2614 .
1409 2607 1416 2615 .
1438 2586 1507 2614 adi-

828 2627 866 2656 Ies
894 2628 1008 2657 curules
1036 2628 1124 2666 primi
1140 2626 1299 2668 jecerunt]
1341 2629 1414 2657 «Iam
1442 2625 1508 2657 ludi

829 2670 1001 2710 Megalesia
1016 2669 1088 2700 facti
1101 2670 1232 2700 fuerant.
1256 2670 1284 2701 V
1288 2668 1330 2699 id.
1345 2670 1366 2699 l.
1384 2669 1509 2699 XXIX.

828 2722 855 2742 c.
874 2714 922 2742 14.
966 2713 1010 2742 At
1033 2712 1174 2742 nimirum
1196 2722 1233 2742 ea
1255 2722 1340 2742 mens
1354 2718 1400 2742 est
1416 2711 1506 2746 Livii,

829 2760 862 2784 ut
884 2761 948 2785 tum
975 2755 1106 2796 primum
1130 2754 1162 2784 in
1185 2753 1376 2784 celebrandis
1398 2754 1510 2794 Mega-

829 2797 911 2828 lesiis
930 2798 1018 2828 datos
1039 2807 1104 2828 esse
1126 2796 1213 2827 ludos
1235 2795 1373 2826 scenicos
1395 2806 1508 2827 memo-

829 2846 884 2870 ret.

906 2895 935 2921 x
958 2884 983 2920 ‘2

98 1797 195 1832 ante
213 1791 404 1839 debuerit,
427 1792 629 1840 tributum,
653 1792 928 1841 censentibus,
950 1793 1194 1844 amplissimo
1221 1793 1360 1832 ordini
1365 1815 1380 1839 ,·
1404 1793 1506 1842 aliis,
1521 1769 1723 1847 Γεῖιῖὲςρῐῗιῗὶο

97 1848 265 1889 demtum
285 1864 334 1889 ea:
352 1849 556 1903 dignitate
566 1850 727 1902 populi,
749 1849 947 1902 quidquid
964 1848 1166 1901 majestati
1185 1850 1356 1891 Patrum
1378 1849 1509 1903 adjec-
1521 1854 1662 1878 secretus.
