1947 3222
150 186 192 217 U.

149 229 191 260 A.

206 187 242 217 C.

205 229 240 261 C.

366 73 439 108 432
891 69 1252 109 T1T1L1V11

255 187 329 218 568.
360 177 706 232 comprobaverint,
736 178 802 233 qui
830 178 940 219 nobis
967 179 1169 221 victoriam
1199 180 1390 220 dederunt
1401 204 1416 226 ;
1461 193 1634 235 quonam
1662 183 1777 223 modo

257 230 327 261 ¹34·
360 249 423 285 ea,
445 249 530 290 quse
559 235 651 276 belli
666 233 762 290 jure
790 242 884 276 acta
914 244 1019 280 sunt.
1040 237 1079 276 in
1110 237 1429 290 disceptationem
1459 238 1647 279 veniunt?
1678 233 1776 292 quo-

1488 295 1675 336 Nostrum
1703 302 1773 345 est,

358 307 446 332 rum
467 299 597 333 tamen
626 293 806 333 maxima
835 304 948 346 pars2
969 293 1065 333 nihil
1084 295 1247 345 pertinet
1267 296 1324 334 ad
1344 308 1428 334 nos.

358 350 468 404 quod
487 350 728 391 evocavimus
749 364 814 390 eos
830 352 883 390 ad
903 364 1086 390 caussam
1108 351 1327 400 dicendam,
1345 351 1411 406 qui
1432 353 1486 391 ad
1507 365 1621 392 arma
1643 352 1773 392 multi-

360 407 534 447 tudinem
564 407 804 455 excivwant,
837 407 901 460 qui
931 415 1256 460 expugnaverant
1286 409 1488 449 maritima
1518 410 1678 462 oppida,
1708 410 1775 463 qni

358 464 614 516 diripuerant,
648 464 712 518 qui
744 465 886 504 cadem
915 463 1133 516 principum
1158 463 1357 516 jecerant.
1424 467 1540 514 Quod
1574 481 1663 508 itero
1697 467 1771 514 illi,

358 521 550 562 venientes
578 521 617 560 in
649 526 797 568 castra,
830 518 1023 572 interfecti
1051 527 1152 569 sunt,
1183 528 1353 563 vestrum
1384 529 1456 572 est,
1489 524 1597 564 Aren
1633 531 1669 565 et
1703 524 1774 565 Al-

357 578 522 627 cibiade,
563 577 627 631 qui
665 591 766 617 nnnc
801 591 884 626 nos,
925 577 961 617 si
998 578 1094 619 Diis
1133 578 1279 630 placet,
1321 581 1526 630 accusatis,
1567 595 1643 621 non
1687 595 1774 620 nos-

357 641 474 675 trum.
535 634 707 675 Exsules
739 634 1130 676 Lacedoemoniorum
1163 635 1259 689 (quo
1290 637 1329 676 in
1363 650 1521 676 numero
1552 638 1592 678 lii
1625 652 1774 692 qnoque

355 693 433 733 duo
450 690 636 744 suerunt)
668 698 705 732 et
737 697 829 731 tunc
857 692 1053 732 nobiscum
1083 699 1208 742 erant,
1239 700 1311 744 εΗ,
1340 695 1443 748 quod
1471 693 1774 735 ³³domicz'lizmz2'

354 749 428 788 sibi
455 749 689 804 delegerant
724 749 926 789 maritima
950 749 1109 802 oppida,
1141 764 1183 791 se
1210 750 1355 803 petitos
1383 752 1593 798 credentes,
1624 752 1665 792 in
1694 766 1772 799 ρος,
1831 770 1835 774 ·

354 820 519 860 quorum
548 821 667 859 opera
693 807 831 859 patria
861 813 1035 847 extorres
1064 822 1112 846 ne
1131 808 1170 847 in
1200 814 1283 848 tuto
1312 808 1467 862 quidem
1499 809 1632 848 ems-ilio
1658 823 1773 861 posse

354 877 623 904 consenescere
641 878 684 904 se
712 863 1035 919 indignabantur,
1057 864 1225 917 inpetum
1245 863 1446 917 fecerunt.
1477 866 1774 907 Laceclaemonii

355 920 479 974 igitur
511 921 846 970 Lacedaemonios,
878 936 955 961 non
985 922 1136 971 Achcei,
1168 922 1459 976 interficerunt.
1491 937 1572 973 nec,
1594 921 1690 977 jure
1721 937 1774 964 an

355 976 497 1032 injuria
518 978 604 1019 caesi
623 979 716 1028 sint,
739 979 1016 1034 argumentari
1033 977 1164 1031 refert.

413 1035 671 1077 XXXVII.
717 1035 774 1076 At
813 1036 917 1076 enim
946 1036 1016 1076 illa
1045 1043 1149 1078 certe
1186 1042 1316 1078 vestra
1345 1044 1448 1086 sunt,
1478 1037 1634 1090 Achaei,
1663 1039 1771 1093 quod

357 1091 463 1146 leges
508 1093 835 1146 disciplinamque
867 1093 1168 1134 vetustissimam
1207 1094 1385 1149 Lycurgi
1416 1095 1638 1144 sustulistis,
1669 1097 1774 1149 quod

353 1162 483 1189 muros
511 1149 698 1191 diruistis.
761 1151 859 1198 Quce
893 1156 1060 1204 utraque
1086 1152 1137 1191 ab
1170 1151 1306 1191 iisdem
1336 1151 1451 1206 objici
1482 1153 1547 1207 qui
1575 1156 1769 1205 possunt?

352 1220 469 1260 quum
500 1207 601 1247 muri
636 1207 948 1247 Lacedaemoniis
976 1222 1053 1248 ‘non
1084 1209 1134 1248 ab
1164 1209 1372 1262 Lycurgo,
1403 1211 1473 1250 sed
1498 1223 1648 1262 paucos
1676 1216 1771 1251 ante

350 1277 473 1304 annos
512 1265 567 1304 ad
605 1264 894 1305 dissolvendam
936 1265 1120 1319 Lycurgi
1157 1265 1407 1318 disciplinam
1447 1268 1634 1308 exstructi
1674 1267 1768 1308 sint.

357 1321 535 1374 Tyranni
564 1322 663 1361 enim
684 1336 806 1374 nuper
835 1336 912 1373 eos,
933 1336 1065 1362 arcem
1091 1329 1126 1362 et
1148 1323 1426 1364 munimentum
1455 1325 1543 1374 sibi,
1565 1339 1643 1365 non
1673 1325 1768 1365 civi-

352 1379 441 1427 tati,
468 1385 724 1430 paraverunt.
783 1381 858 1428 Et,
881 1379 916 1419 si
947 1379 1118 1420 exsistat
1149 1380 1263 1421 hodie
1294 1380 1344 1420 ab
1373 1379 1509 1434 inferis
1538 1382 1764 1436 Lycurgus,

346 1437 529 1488 gaudeat
548 1436 671 1476 ruinis
691 1451 835 1484 eorum,
859 1442 896 1476 ct
918 1451 1019 1478 nunc
1037 1451 1078 1478 se
1096 1438 1273 1490 patriam
1294 1445 1329 1478 et
1349 1439 1539 1491 Spartam
1559 1439 1766 1493 antiquam

347 1506 562 1547 agnoscere
583 1493 704 1534 dicat.
764 1494 859 1534 Non
879 1494 1208 1546 Philopoemenem
1230 1503 1470 1548 exspectare,
1487 1510 1558 1537 nec
1581 1497 1766 1545 Achaeos,

345 1551 416 1590 secl
444 1565 510 1591 vos
539 1550 628 1602 ipsi,
652 1551 958 1601 Lacedaemonii,
980 1553 1119 1592 cestris
1148 1553 1328 1594 manibus
1357 1553 1515 1593 amoliri
1545 1562 1580 1594 et
1613 1554 1768 1595 diruere

345 1608 478 1648 omnia
500 1608 722 1661 tyrannidis
743 1609 914 1663 vestigia
936 1609 1132 1651 debuistis.
1183 1610 1223 1651 V
1220 1616 1329 1652 estrce
1350 1611 1451 1651 enim
1475 1611 1554 1652 illae
1575 1609 1767 1663 deformes

344 1665 463 1704 veluti
492 1665 692 1706 cicatrices
721 1666 914 1706 servitutis
935 1673 1067 1707 erant.-
1099 1673 1149 1717 et,
1172 1682 1289 1721 quum
1317 1668 1400 1708 sine
1429 1669 1549 1710 muris
1567 1667 1677 1722 ³¹per
1696 1683 1762 1708 oc-

344 1721 542 1776 tingentos
568 1737 690 1775 prope
721 1737 842 1763 annos
873 1723 991 1772 liberi,
1021 1724 1236 1778 aliquando
1266 1726 1389 1765 etiam
1417 1725 1612 1778 principes
1645 1725 1762 1766 Grae-

342 1779 416 1818 cioe
433 1778 629 1830 fuissetis,
650 1779 824 1828 ³⁵muris‚
847 1781 952 1821 velut
983 1782 1243 1833 compedibus,
1266 1782 1516 1822 circumdatis
1546 1783 1668 1824 vincti
1692 1797 1766 1835 per

342 1843 488 1876 centum
511 1851 636 1876 annos
655 1837 842 1883 seruistis.
875 1838 990 1885 Quod
1010 1840 1064 1878 ad
1086 1839 1192 1893 leges
1212 1840 1395 1880 ademtas
1415 1839 1579 1889 adtinet,
1597 1854 1673 1894 ego
1694 1854 1765 1880 an-

341 1893 474 1946 tiquas
495 1894 814 1934 Lacedaemoniis
831 1894 937 1949 leges
953 1902 1142 1948 tyrannos
1161 1897 1350 1936 ademisse
1370 1896 1561 1943 arbitror,·
1595 1911 1666 1938 nos
1685 1911 1764 1938 non

339 1964 432 1989 suas
453 1951 658 1999 ademisse,
677 1965 776 2005 quas
797 1966 873 1992 non
890 1952 1097 2001 habebant,
1114 1954 1186 1993 sed
1201 1960 1353 1994 nostras
1375 1953 1480 2008 leges
1497 1954 1673 2003 dedisse,·
1694 1969 1764 1995 nec

339 2007 445 2047 male
467 2008 702 2049 consuluisse
724 2009 889 2059 civitati,
913 2024 1033 2063 quum
1055 2010 1203 2051 concilii
1224 2011 1346 2051 nostri
1376 2025 1464 2051 eam
1474 2009 1704 2063 jecerimus,
1725 2018 1762 2052 et

338 2064 449 2104 nobis
469 2066 749 2116 miscuerimus,
773 2073 812 2106 ut
834 2081 971 2119 corpus
991 2082 1110 2107 unum
1132 2075 1169 2108 et
1192 2068 1394 2109 concilium
1425 2069 1542 2109 totius
1566 2069 1761 2122 Pelopon-

470 2153 488 2170 2
501 2162 569 2190 pars
584 2153 707 2181 mamma
724 2152 814 2183 Crev.
901 2154 917 2172 ὓ
931 2159 959 2182 et
973 2151 1036 2183 del.
1052 2152 1150 2184 Gron.
1166 2153 1256 2183 Crev.
1343 2151 1359 2175 b
1375 2154 1518 2183 domicilio
1534 2153 1631 2184 Gron.

379 2221 420 2251 33
446 2220 648 2261 Domicilinm]
689 2221 766 2251 Haec
791 2227 838 2252 est
860 2226 933 2252 vett.
960 2221 1025 2253 edi·
1071 2233 1125 2253 nos
1141 2222 1254 2253 exstrui
1278 2228 1397 2263 coeptos
1418 2232 1505 2258 esse3
1533 2222 1674 2257 alterum,
1697 2223 1758 2252 La-

336 2267 438 2294 torum
462 2263 564 2297 lectio,
588 2274 681 2304 quam
706 2274 723 2294 a
751 2264 906 2295 Gronovio
931 2270 1025 2296 testa·
1070 2265 1279 2295 cedaemonem
1307 2276 1359 2307 per
1384 2272 1507 2296 centum
1532 2275 1628 2296 annos
1649 2266 1758 2295 servis-

335 2311 399 2336 tam
428 2306 565 2337 Clericus
594 2305 726 2337 admisit.
775 2307 877 2347 Vulgo
909 2309 1026 2338 domici·
1072 2319 1115 2342 se.
1153 2308 1298 2338 nimirum
1335 2318 1353 2338 a
1389 2308 1527 2350 tyrannis
1570 2318 1758 2349 oppressam.

334 2350 383 2379 lio.
1068 2351 1136 2381 Hoc
1174 2357 1360 2393 postremum
1403 2351 1487 2382 nullo
1523 2356 1614 2391 pacto
1651 2361 1756 2381 verum

375 2392 417 2422 34
445 2392 502 2422 Per·
522 2394 698 2432 octingentos
713 2403 798 2431 prope
812 2393 916 2433 annos]
956 2393 1024 2424 Nu·
1067 2403 1132 2424 esse
1159 2400 1268 2435 potest.
1299 2404 1393 2434 quum
1420 2393 1498 2423 inter
1525 2393 1644 2423 initium
1670 2394 1756 2435 regni

332 2444 435 2464 merus
449 2435 576 2465 oratorie
593 2441 712 2465 auctus.
755 2435 943 2476 Siquidema
963 2437 1023 2477 Ly-
1069 2437 1244 2467 Cleomenis
1267 2442 1297 2466 et
1321 2435 1454 2466 Nabidis
1477 2441 1602 2465 mortem
1626 2437 1681 2467 soli
1710 2437 1756 2467 in-

330 2487 434 2518 eurgo,
450 2488 541 2518 quem
557 2477 605 2507 hic
616 2478 736 2518 respicit
751 2478 866 2514 Livius,
880 2478 919 2508 ad
934 2479 1023 2509 Cleo-

331 2529 452 2550 menem
477 2519 619 2550 Leonidae
644 2520 751 2553 filium,
769 2521 820 2561 qui
836 2521 952 2562 primus
974 2527 1021 2562 ty-

330 2572 446 2593 rannus
470 2562 694 2593 Lacedaemone
722 2563 813 2593 fuisse
837 2564 948 2594 dicitur
971 2574 1022 2595 su-

330 2615 396 2646 pra.
414 2606 468 2637 lib.
486 2605 642 2636 XXXIV.
655 2615 683 2636 e.
696 2607 748 2636 26.
764 2616 824 2636 non
841 2606 1021 2637 effluxerant

331 2649 404 2678 anni
420 2648 556 2680 sexcenti
571 2653 602 2678 et
616 2648 781 2688 octogintz..

373 2693 414 2722 35
453 2691 552 2721 Muris
582 2693 659 2721 reiut
687 2692 864 2731 compedibus
893 2694 1018 2722 circuni-

329 2735 404 2763 ‹latis
432 2736 522 2764 vincti
549 2745 600 2773 per
627 2741 740 2764 centnm
767 2744 854 2764 annos
879 2735 1019 2774 servistis]

331 2775 404 2806 Duo
432 2777 480 2808 hic
509 2777 699 2807 affirmantur
728 2788 746 2808 a
775 2776 879 2808 Livio:
913 2787 1019 2809 unum.

329 2827 430 2849 muros
455 2819 695 2851 Lacedaemoniis
719 2826 790 2851 ante
813 2825 934 2851 centum
966 2831 1020 2850 an-

1067 2522 1204 2552 firmatur
1232 2521 1411 2552 auctoritate
1435 2521 1600 2551 Pausania·
1627 2528 1657 2552 et
1684 2523 1757 2553 Jus-

1066 2564 1133 2599 tini,
1150 2570 1183 2595 ut
1205 2563 1432 2595 observavimus
1456 2563 1494 2594 ad
1515 2563 1534 2593 ἰ.
1554 2565 1710 2596 XXXIV.
1725 2576 1754 2596 c.

1065 2609 1118 2637 38.
1133 2618 1236 2648 supra.
1281 2605 1341 2636 Sed
1356 2607 1407 2646 qui
1432 2606 1463 2637 id
1481 2607 1572 2637 liceat
1587 2606 1687 2639 dicere
1704 2608 1755 2638 Li-

1066 2650 1114 2679 vio
1136 2660 1196 2679 nou
1213 2649 1362 2683 videmus,
1380 2648 1431 2689 qui
1447 2656 1478 2679 et
1494 2650 1561 2681 loco
1585 2650 1674 2681 modo
1690 2661 1752 2681 nie·
1769 2677 1771 2681 .

1064 2698 1180 2723 morato
1202 2698 1231 2722 et
1255 2691 1304 2722 hic
1327 2691 1356 2720 in
1374 2692 1408 2721 iis
1423 2703 1490 2732 quae
1516 2692 1651 2734 proxime
1675 2687 1770 2734 prat-¹¹

1064 2735 1177 2765 cedunt
1211 2734 1331 2776 scripsit
1367 2745 1468 2765 muros
1497 2736 1616 2777 Sparta:
1651 2718 1775 2794 pancos!

1066 2827 1112 2850 IOS
1127 2830 1202 2851 eSSe.

1069 2479 1175 2509 tersint
1192 2479 1264 2510 anni
1279 2480 1331 2510 46.
1356 2478 1453 2508 Primi
1469 2489 1493 2507 η
1511 2478 1587 2508 illud
1609 2478 1647 2509 de
1662 2480 1773 2529 murisi
1823 2492 1830 2502 =

1881 2486 1930 2596 ἶ,

1883 2627 1932 2687 3.

1807 2653 1893 2816 {si

1064 2785 1131 2807 unte
1159 2789 1258 2810 sinnas.
1281 2789 1383 2816 nuper,
1411 2789 1428 2809 a
1451 2779 1589 2820 tyrannis
1617 2786 1826 2838 exstrue-10>
