1947 3222
358 140 407 179 90
870 129 1028 184 ιΤΙΤΙ
1075 129 1246 167 LIVII

147 256 323 288 U.(1.555.
355 258 427 284 nes
458 241 598 298 copias
634 241 763 282 Dium
800 240 1032 285 conti-axin
1081 239 1223 294 ibique
1259 236 1418 279 stativis
1454 235 1613 292 positis,
1650 251 1764 277 exer-

145 299 322 331 A.(5.197.
356 298 487 341 cendo
515 298 703 354 quotidie
733 296 877 346 milite,
899 295 1059 336 hostem
1088 295 1395 351 opperiebatur.
1457 294 1515 334 Et
1538 292 1763 342 Quinctius

355 371 430 412 per
459 355 623 396 eosdem
653 354 782 395 ferme
812 352 914 401 dies,
940 351 993 392 ab
1024 351 1164 392 Elatia
1193 351 1418 407 profectus,
1443 358 1595 406 praeter
1627 348 1764 389 Thro-

355 413 472 453 nium
492 419 532 453 et
557 410 819 466 Scarphaeam
851 408 904 448 ad
927 407 1143 463 Thermop
1174 407 1234 448 las
1264 407 1464 463 pervenit.
1524 406 1554 430 ¹¹
1571 405 1639 447 Ibi
1669 419 1763 446 con-

354 468 497 509 cilium
531 467 787 515 AEtolorum,
816 463 1061 505 Heracleam
1092 463 1133 504 in
1165 465 1310 514 ictum,
1344 464 1494 514 tenuit,
1528 461 1763 504 consultan-

354 525 460 566 tium
496 524 664 580 quantis
703 521 868 563 auxiliis
910 521 1146 561 Romanum
1187 520 1241 562 ad
1279 519 1437 562 bellum
1477 526 1761 576 sequerentur.

356 580 545 637 Cognitis
575 579 779 620 sociorum
809 576 999 626 decretis,
1031 577 1155 618 tertio
1184 577 1251 618 die
1280 577 1332 618 ab
1364 577 1570 617 Heraclea
1597 575 1764 631 Xynias

354 651 611 693 progressus,
645 635 688 675 in
722 634 900 675 confinio
936 633 1164 674 AEnianum
1202 633 1584 688 Thessalorumque
1618 631 1765 688 positis

354 694 513 743 castris,
539 691 720 733 AEtoliea
748 690 906 732 auxilia
934 690 1242 745 opperiebatur.
1301 689 1421 730 Nihil
1449 689 1599 730 morati
1630 687 1763 729 AEtoli

354 758 462 792 sunt.
525 749 706 790 Phaenea
734 747 855 798 duce,
885 746 917 770 ¹²
930 745 1015 786 duo
1044 745 1173 786 millia
1206 745 1395 801 peditum
1426 761 1517 786 cum
1551 745 1764 801 equitibus

353 806 672 863 quadringentis
692 811 907 845 venerunt.
969 803 1034 843 Ne
1054 802 1232 843 dubium
1260 810 1381 852 esset,
1402 802 1508 857 quid
1533 809 1766 858 exspectas-

144 873 309 921 Quinctius
354 872 430 913 set,
471 862 688 904 confestim
729 860 957 910 Quinctius
1006 859 1136 900 movit
1184 866 1329 900 castra.
1404 859 1682 913 Transgresso
1721 857 1764 897 in

141 917 182 1000 ἓξ
185 918 222 989 “1¹³
225 917 314 990 2:³¹1?
356 919 643 961 Phthioticum
675 932 821 973 agrum
859 915 1078 973 quingenti
1115 915 1311 972 Gortynii
1349 914 1625 965 Cretensium,
1657 914 1764 955 duce

142 1001 251 1034 tendit.

354 1048 396 1074 se
426 1033 810 1089 conjunxerepnec
838 1031 899 1071 ita
927 1029 1062 1071 multo
1091 1038 1184 1085 post
1206 1028 1481 1085 Amynander
1512 1043 1608 1068 cum
1630 1027 1766 1068 Athae

353 1105 523 1131 manum
553 1088 743 1146 peditum
765 1086 955 1129 ducentis
975 1094 1015 1127 et
1038 1086 1161 1127 mille.
1224 1086 1462 1141 Philippus,
1485 1084 1653 1140 cognita
1671 1098 1767 1140 pro-

350 1146 530 1188 fectione
560 1146 613 1187 ab
644 1145 787 1186 Elatia
822 1145 1124 1193 Romanorum,
1159 1151 1208 1184 ut
1243 1143 1310 1183 cui
1344 1142 1395 1182 de
1431 1156 1594 1182 summa
1625 1155 1764 1181 rerum

353 1203 515 1244 adesset
563 1210 786 1251 certamen,
827 1199 1109 1242 adhortandos
1147 1199 1298 1240 milites
1337 1207 1468 1248 ratus,
1510 1196 1644 1238 multa
1677 1197 1765 1252 jam

354 1275 463 1316 saepe
498 1267 727 1300 memorata
755 1257 807 1299 de
839 1258 1044 1314 majorum
1079 1255 1322 1306 virtutibus,
1359 1254 1482 1295 simul
1513 1254 1564 1295 de
1596 1253 1766 1294 militari

353 1316 478 1357 laude
519 1315 817 1364 Macedonum,
860 1328 991 1370 quum
1033 1312 1306 1362 disseruisset,
1347 1312 1401 1353 ad
1440 1326 1502 1360 ea,
1538 1326 1633 1366 quae
1674 1318 1765 1351 tum

353 1373 533 1414 maxime
553 1372 710 1414 animos
732 1371 958 1420 terrebant,
980 1369 1219 1426 quibusque
1249 1368 1351 1424 erigi
1373 1368 1427 1409 ad
1447 1367 1630 1423 aliquam
1651 1381 1766 1423 spem

356 977 549 1032 Cydante
561 976 591 1026 ‘¹,
618 983 657 1016 et
683 974 717 999 ¹³
729 974 902 1016 trecenti
935 972 1229 1028 Apolloniatae,
1253 972 1369 1013 haud
1398 971 1553 1027 dispari
1584 978 1762 1020 armatu,
1933 990 1937 1029 Ι

1934 1065 1936 1092 ι

1933 1121 1936 1142 l

353 1438 563 1486 poterant,
586 1428 710 1469 venit.
1934 1411 1936 1460 i

414 1487 488 1526 IV.
512 1487 712 1541 Acceptae
733 1484 787 1525 ad
809 1485 951 1525 Aoum
972 1483 1127 1524 flumen
1146 1484 1188 1523 in
1209 1481 1412 1538 angustiis
1442 1481 1564 1531 cladi,
1580 1480 1611 1504 ¹4
1624 1480 1768 1522 territa
1934 1479 1936 1527 F

359 1542 643 1594 Macedonum
673 1541 894 1597 phalange,
917 1540 968 1580 ad
994 1542 1188 1581 Atracem
1219 1538 1261 1579 vi
1285 1538 1427 1594 pulsos
1458 1539 1669 1578 Romanos
1697 1537 1769 1578 ob-
1934 1534 1936 1560 ¹

356 1600 560 1656 ponebat:
594 1605 631 1639 et
653 1600 740 1638 illic
759 1604 906 1647 tamen,
923 1597 992 1637 ubi
1013 1599 1182 1637 insessas
1193 1595 1344 1650 fauces
1362 1596 1492 1648 Epiri
1512 1608 1591 1634 non
1621 1595 1771 1634 tenuis·
1934 1594 1936 1645 ζ

355 1663 454 1704 sent,
472 1657 649 1708 primam
680 1656 834 1708 culpam
850 1654 989 1708 fuisse
1016 1667 1163 1703 eorum,
1190 1654 1260 1707 qui
1289 1653 1543 1706 neglegenter
1571 1652 1772 1692 custodias

356 1718 588 1754 servassent.
620 1713 844 1760 secundam,
867 1711 910 1750 in
932 1712 1020 1763 ipso
1048 1711 1278 1757 certamine,
1301 1710 1399 1749 Ievis
1422 1714 1644 1749 armaturae
1671 1722 1772 1748 mer-

357 1771 685 1823 cenariormnque
705 1769 887 1809 militum.
946 1768 1213 1808 Macedonum
1236 1780 1328 1806 vero
1351 1766 1598 1819 phalangem
1620 1771 1659 1805 et
1678 1772 1772 1805 tunc

358 1828 524 1875 stetisse,
556 1833 595 1866 et
628 1827 713 1866 loco
746 1838 859 1879 cequo
875 1823 1070 1877 justaque
1090 1837 1234 1878 pagna
1263 1837 1415 1876 semper
1443 1837 1671 1865 mansuram
1707 1823 1770 1862 in-

146 1893 311 1942 Copiarum
359 1885 521 1926 victam.
580 1884 735 1923 Decem
757 1891 798 1923 et
819 1896 888 1921 sex
916 1881 1045 1922 millia
1065 1881 1245 1922 militum
1266 1879 1355 1921 haec
1384 1879 1516 1930 fuere,
1537 1879 1666 1919 robur
1684 1894 1770 1920 om-

146 1943 299 2011 ffiffle'fflse
359 1956 411 1982 ne
431 1940 583 1981 virium
614 1948 655 1981 et
687 1939 816 1994 regni.
877 1938 949 1978 Ad
978 1938 1057 1978 hoc
1087 1937 1172 1978 duo
1201 1936 1331 1978 millia
1359 1944 1641 1985 caetratorum,
1663 1950 1769 1991 quos

360 1997 558 2054 peltastas
592 1996 819 2052 adpellant,
852 1994 884 2018 ¹⁵
900 1995 1200 2050 Thracumque
1232 2002 1273 2035 et
1310 1993 1552 2049 Illyriorum
1591 1991 1768 2044 (Trallis

359 2069 508 2095 nomen
539 2061 601 2095 est
630 2052 764 2109 genti)
796 2067 872 2108 par
902 2066 1100 2092 numerus
1128 2051 1227 2092 bina
1256 2050 1385 2091 millia
1414 2057 1545 2099 erant,
1577 2057 1618 2090 et
1647 2048 1768 2090 mixti

360 2127 412 2152 ex
433 2109 626 2167 pluribus
655 2108 850 2165 gentibus
878 2107 1064 2149 mercede
1094 2107 1288 2149 conducti
1319 2106 1539 2148 auxiliares
1559 2105 1670 2146 mille
1691 2105 1771 2146 fer-

361 2183 441 2218 me,
470 2175 510 2209 et
542 2166 575 2191 ¹⁶
587 2166 673 2208 duo
703 2165 832 2207 millia
861 2165 1065 2221 equitum,
1128 2165 1236 2205 Cum
1268 2165 1317 2205 iis
1348 2163 1475 2219 copiis
1506 2178 1577 2203 rex
1608 2162 1767 2203 hostem

885 2265 900 2287 d
918 2264 1029 2304 Cydate
1045 2264 1141 2295 Gron.
1157 2265 1247 2294 Crev.

407 2361 442 2391 ll
470 2360 515 2391 Ibi
543 2362 697 2391 concilium
724 2362 887 2391 ARolarum
910 2383 918 2391 .
943 2383 951 2390 .
974 2383 981 2390 .
1000 2367 1041 2390 te-

361 2404 446 2445 nuit]
498 2403 613 2434 Tenuit
648 2403 824 2441 Quintium,
863 2413 978 2434 moram
1014 2403 1042 2434 ei

363 2446 500 2487 aliquam
517 2446 632 2476 attulit.

1087 2361 1158 2390 MS.
1192 2359 1301 2390 unicus
1331 2358 1426 2388 habet
1452 2365 1542 2392 terra,
1572 2357 1653 2398 quod
1682 2356 1769 2387 nobis

1087 2412 1155 2433 vere
1173 2412 1208 2432 ac
1225 2401 1352 2432 feliciter
1375 2400 1495 2431 videtur
1518 2401 1558 2431 ab
1573 2400 1647 2430 Ant.
1671 2400 1765 2435 Quae-

1087 2455 1178 2485 rengo
1213 2450 1364 2475 mutatum
1398 2443 1427 2473 in
1459 2444 1574 2473 tei-rita.
1629 2442 1767 2489 Qpponit

409 2491 447 2520 12
472 2489 541 2519 Duo
557 2490 651 2519 millia
672 2489 817 2529 peditum]
856 2488 1044 2529 Conjectura

365 2532 542 2572 Quaereugi.
586 2531 693 2562 Codex
724 2530 963 2571 Bambergensis
989 2530 1043 2561 ha—

363 2574 430 2606 buit
446 2575 514 2605 DC.
558 2573 743 2604 Plutarchus
766 2579 857 2614 auget
872 2583 1042 2608 numerum,

363 2624 395 2649 et
409 2617 583 2648 AEtolorum
606 2616 744 2659 peditum
762 2626 815 2646 sex
832 2616 929 2647 millia
951 2615 1044 2646 fuisse

364 2661 395 2691 in
411 2659 531 2697 Quintii
547 2659 682 2690 exercitu
697 2658 812 2689 scribit.

408 2705 447 2734 13
481 2703 613 2734 Trecenti
643 2703 845 2741 Apolloniam,
877 2702 956 2731 haud
985 2702 1043 2731 ‹Iis-

363 2748 430 2784 pari
458 2746 594 2786 armatu]
648 2744 769 2775 Leviter
802 2743 909 2774 armati
935 2743 1044 2773 eodem

366 2788 428 2818 sere
457 2797 609 2819 armorum
637 2796 760 2829 genere,
789 2797 849 2828 quo
879 2786 1044 2816 Cretenses

365 2831 417 2871 qui
434 2831 524 2861 modo
540 2830 686 2872 appellati
701 2834 783 2861 sunt.

413 2875 446 2903 14
488 2874 599 2903 Territa
649 2874 837 2903 Macedonum
883 2871 1042 2911 phalange]

1088 2487 1250 2529 Philippus
1265 2486 1474 2517 Macedonum
1496 2485 1643 2527 phalangi
1660 2494 1767 2525 repen-

1088 2530 1152 2561 tino
1175 2538 1285 2560 terrore
1307 2527 1551 2569 ‹legredientium
1566 2537 1583 2558 e
1601 2526 1686 2568 jugis
1705 2527 1767 2558 Ro-

1087 2582 1246 2603 manorum
1264 2572 1423 2615 perculsae,
1442 2571 1599 2601 Romanos
1619 2569 1656 2599 ad
1676 2569 1767 2600 Atra-

1087 2625 1153 2646 cem
1168 2625 1228 2645 non
1245 2614 1407 2656 improviso
1431 2614 1536 2654 aliquo
1558 2619 1680 2646 terrore,
1697 2613 1766 2643 nul-

1088 2658 1126 2688 lis
1142 2658 1269 2693 insidiis,
1286 2657 1370 2687 nulla
1383 2661 1458 2691 arte,
1475 2655 1529 2687 sed
1544 2655 1573 2685 vi
1586 2655 1700 2697 pulsos.

1135 2701 1172 2731 15
1212 2701 1412 2739 Thraciamque
1456 2705 1481 2729 et
1522 2699 1695 2739 Illyriorum
1726 2721 1734 2729 .
1760 2720 1769 2728 .

1088 2754 1143 2782 par
1179 2754 1316 2773 numerus
1352 2743 1419 2772 bina
1456 2742 1564 2782 millia]
1618 2741 1767 2775 Thraces,

1090 2785 1250 2826 Illyriique
1265 2784 1372 2817 Tralli.
1389 2783 1455 2826 pari
1479 2785 1556 2814 inter
1579 2794 1610 2813 se
1631 2793 1769 2816 numero,

1089 2827 1148 2858 duo
1165 2838 1272 2870 nempe
1289 2828 1387 2858 millia
1403 2827 1553 2869 cujusque
1569 2826 1702 2868 generisi.

1139 2871 1175 2900 16
1212 2871 1277 2901 Duo
1309 2871 1398 2899 millia
1427 2871 1571 2910 aquilum]
1610 2869 1658 2898 Sic
1688 2866 1771 2896 dedit
