<?xml version="1.0" encoding="UTF-8"?>
<!DOCTYPE html PUBLIC "-//W3C//DTD XHTML 1.0 Transitional//EN"
    "http://www.w3.org/TR/xhtml1/DTD/xhtml1-transitional.dtd">
<html xmlns="http://www.w3.org/1999/xhtml" xml:lang="en" lang="en">
 <head>
  <title>
</title>
<meta http-equiv="Content-Type" content="text/html;charset=utf-8" />
  <meta name='ocr-system' content='tesseract 3.04.00' />
  <meta name='ocr-capabilities' content='ocr_page ocr_carea ocr_par ocr_line ocrx_word'/>
</head>
<body>
  <div class='ocr_page' id='page_1' title='image "./historiarumaburb03livyuoft_0408.png"; bbox 0 0 1947 3222; ppageno 0'>
   <div class='ocr_carea' id='block_1_1' title="bbox 162 679 344 806">
    <p class='ocr_par' dir='ltr' id='par_1_1' title="bbox 162 679 344 806">
     <span class='ocr_line' id='line_1_1' title="bbox 165 679 344 711; baseline 0.006 -1"><span class='ocrx_word' id='word_1_1' title='bbox 165 679 205 710; x_wconf 90' lang='lat' dir='ltr'>U.</span> <span class='ocrx_word' id='word_1_2' title='bbox 218 679 256 710; x_wconf 90' lang='lat' dir='ltr'>C.</span> <span class='ocrx_word' id='word_1_3' title='bbox 269 679 344 711; x_wconf 84' lang='lat'>565.</span> 
     </span>
     <span class='ocr_line' id='line_1_2' title="bbox 162 722 344 755; baseline 0.011 -3"><span class='ocrx_word' id='word_1_4' title='bbox 162 722 202 752; x_wconf 81' lang='lat' dir='ltr'>A.</span> <span class='ocrx_word' id='word_1_5' title='bbox 218 723 256 754; x_wconf 92' lang='lat' dir='ltr'>C.</span> <span class='ocrx_word' id='word_1_6' title='bbox 273 724 344 755; x_wconf 83' lang='lat'>187.</span> 
     </span>
     <span class='ocr_line' id='line_1_3' title="bbox 163 765 291 806; baseline 0.031 -12"><span class='ocrx_word' id='word_1_7' title='bbox 163 765 291 806; x_wconf 83' lang='lat' dir='ltr'>Ligures</span> 
     </span>
    </p>
   </div>
   <div class='ocr_carea' id='block_1_2' title="bbox 160 807 353 891">
    <p class='ocr_par' dir='ltr' id='par_1_2' title="bbox 160 807 353 891">
     <span class='ocr_line' id='line_1_4' title="bbox 163 807 346 850; baseline 0.005 -13"><span class='ocrx_word' id='word_1_8' title='bbox 163 807 264 838; x_wconf 80' lang='lat' dir='ltr'>hostes</span> <span class='ocrx_word' id='word_1_9' title='bbox 279 819 346 850; x_wconf 83' lang='lat' dir='ltr'>per-</span> 
     </span>
     <span class='ocr_line' id='line_1_5' title="bbox 160 851 353 891; baseline 0.01 -11"><span class='ocrx_word' id='word_1_10' title='bbox 160 851 244 891; x_wconf 82' lang='lat' dir='ltr'>petui</span> <span class='ocrx_word' id='word_1_11' title='bbox 262 852 297 882; x_wconf 82' lang='lat' dir='ltr'>P.</span> <span class='ocrx_word' id='word_1_12' title='bbox 312 852 353 882; x_wconf 82' lang='lat' dir='ltr'>R.</span> 
     </span>
    </p>
   </div>
   <div class='ocr_carea' id='block_1_3' title="bbox 158 2055 332 2225">
    <p class='ocr_par' dir='ltr' id='par_1_3' title="bbox 158 2055 332 2225">
     <span class='ocr_line' id='line_1_6' title="bbox 160 2055 318 2087; baseline 0 -1"><span class='ocrx_word' id='word_1_13' title='bbox 160 2055 318 2087; x_wconf 83' lang='lat' dir='ltr'>Adversus</span> 
     </span>
     <span class='ocr_line' id='line_1_7' title="bbox 159 2109 332 2131; baseline 0.012 -2"><span class='ocrx_word' id='word_1_14' title='bbox 159 2109 211 2129; x_wconf 87' lang='lat' dir='ltr'>cos</span> <span class='ocrx_word' id='word_1_15' title='bbox 224 2109 332 2131; x_wconf 88' lang='lat' dir='ltr'>consu-</span> 
     </span>
     <span class='ocr_line' id='line_1_8' title="bbox 158 2141 285 2173; baseline 0.016 -2"><span class='ocrx_word' id='word_1_16' title='bbox 158 2141 222 2172; x_wconf 90' lang='lat' dir='ltr'>lum</span> <span class='ocrx_word' id='word_1_17' title='bbox 238 2153 285 2173; x_wconf 84' lang='lat' dir='ltr'>res</span> 
     </span>
     <span class='ocr_line' id='line_1_9' title="bbox 161 2190 265 2225; baseline -0.01 -9"><span class='ocrx_word' id='word_1_18' title='bbox 161 2190 265 2225; x_wconf 73' lang='lat' dir='ltr'>gestae.</span> 
     </span>
    </p>
   </div>
   <div class='ocr_carea' id='block_1_4' title="bbox 578 268 1583 476">
    <p class='ocr_par' dir='ltr' id='par_1_4' title="bbox 578 268 1583 476">
     <span class='ocr_line' id='line_1_10' title="bbox 578 268 1583 336; baseline -0.002 -1"><span class='ocrx_word' id='word_1_19' title='bbox 578 271 654 335; x_wconf 93' lang='lat' dir='ltr'>T.</span> <span class='ocrx_word' id='word_1_20' title='bbox 709 269 986 336; x_wconf 90' lang='lat' dir='ltr'>LIVII</span> <span class='ocrx_word' id='word_1_21' title='bbox 1062 268 1583 336; x_wconf 84' lang='lat' dir='ltr'>PATAVINI</span> 
     </span>
     <span class='ocr_line' id='line_1_11' title="bbox 787 427 1371 476; baseline 0.003 -2"><span class='ocrx_word' id='word_1_22' title='bbox 787 427 1054 476; x_wconf 82' lang='lat' dir='ltr'>LIBER</span> <span class='ocrx_word' id='word_1_23' title='bbox 1112 427 1371 476; x_wconf 77' lang='lat' dir='ltr'>xxxix.</span> 
     </span>
    </p>
   </div>
   <div class='ocr_carea' id='block_1_5' title="bbox 952 575 1219 599">
    <p class='ocr_par' dir='ltr' id='par_1_5' title="bbox 952 575 1219 599">
     <span class='ocr_line' id='line_1_12' title="bbox 952 575 1219 599; baseline 0 -9"><span class='ocrx_word' id='word_1_24' title='bbox 952 575 1219 599; x_wconf 49' lang='grc' dir='ltr'>...Φ-</span> 
     </span>
    </p>
   </div>
   <div class='ocr_carea' id='block_1_6' title="bbox 375 667 1801 2329">
    <p class='ocr_par' dir='ltr' id='par_1_6' title="bbox 375 667 1801 2042">
     <span class='ocr_line' id='line_1_13' title="bbox 378 667 1797 732; baseline -0.003 -12"><span class='ocrx_word' id='word_1_25' title='bbox 378 667 532 720; x_wconf 90' lang='lat' dir='ltr'>DUM</span> <span class='ocrx_word' id='word_1_26' title='bbox 564 677 654 719; x_wconf 89' lang='lat' dir='ltr'>haec</span> <span class='ocrx_word' id='word_1_27' title='bbox 677 676 730 729; x_wconf 89' lang='lat' dir='ltr'>(si</span> <span class='ocrx_word' id='word_1_28' title='bbox 758 675 883 717; x_wconf 87' lang='lat' dir='ltr'>modo</span> <span class='ocrx_word' id='word_1_29' title='bbox 909 675 989 717; x_wconf 89' lang='lat' dir='ltr'>hoc</span> <span class='ocrx_word' id='word_1_30' title='bbox 1013 691 1122 717; x_wconf 87' lang='lat' dir='ltr'>anno</span> <span class='ocrx_word' id='word_1_31' title='bbox 1151 683 1245 718; x_wconf 86' lang='lat' dir='ltr'>acta</span> <span class='ocrx_word' id='word_1_32' title='bbox 1274 677 1392 730; x_wconf 80' lang='lat' dir='ltr'>sunt)</span> <span class='ocrx_word' id='word_1_33' title='bbox 1416 675 1566 716; x_wconf 87' lang='lat' dir='ltr'>Romae</span> <span class='ocrx_word' id='word_1_34' title='bbox 1595 683 1797 732; x_wconf 83' lang='lat' dir='ltr'>aguntur,</span> 
     </span>
     <span class='ocr_line' id='line_1_14' title="bbox 377 731 1799 789; baseline -0.001 -14"><span class='ocrx_word' id='word_1_35' title='bbox 377 733 565 775; x_wconf 90' lang='lat' dir='ltr'>consules</span> <span class='ocrx_word' id='word_1_36' title='bbox 604 734 728 775; x_wconf 88' lang='lat' dir='ltr'>ambo</span> <span class='ocrx_word' id='word_1_37' title='bbox 765 734 808 774; x_wconf 91' lang='lat' dir='ltr'>in</span> <span class='ocrx_word' id='word_1_38' title='bbox 846 733 1081 789; x_wconf 80' lang='lat' dir='ltr'><strong>Liguribus</strong></span> <span class='ocrx_word' id='word_1_39' title='bbox 1119 733 1321 788; x_wconf 79' lang='lat' dir='ltr'><strong>gerebant</strong></span> <span class='ocrx_word' id='word_1_40' title='bbox 1354 731 1526 774; x_wconf 84' lang='lat' dir='ltr'>bellum.</span> <span class='ocrx_word' id='word_1_41' title='bbox 1587 733 1633 773; x_wconf 92' lang='lat' dir='ltr'>Is</span> <span class='ocrx_word' id='word_1_42' title='bbox 1665 733 1799 774; x_wconf 88' lang='lat' dir='ltr'>hostis</span> 
     </span>
     <span class='ocr_line' id='line_1_15' title="bbox 377 788 1798 845; baseline -0.001 -15"><span class='ocrx_word' id='word_1_43' title='bbox 377 791 494 832; x_wconf 90' lang='lat' dir='ltr'>velut</span> <span class='ocrx_word' id='word_1_44' title='bbox 534 799 660 833; x_wconf 87' lang='lat' dir='ltr'>natus</span> <span class='ocrx_word' id='word_1_45' title='bbox 698 791 752 832; x_wconf 92' lang='lat' dir='ltr'>ad</span> <span class='ocrx_word' id='word_1_46' title='bbox 792 790 1083 832; x_wconf 88' lang='lat' dir='ltr'>continendam</span> <span class='ocrx_word' id='word_1_47' title='bbox 1119 790 1256 832; x_wconf 88' lang='lat' dir='ltr'>¹inter</span> <span class='ocrx_word' id='word_1_48' title='bbox 1290 804 1538 845; x_wconf 89' lang='lat' dir='ltr'>magnorum</span> <span class='ocrx_word' id='word_1_49' title='bbox 1576 788 1798 830; x_wconf 89' lang='lat' dir='ltr'>intervalla</span> 
     </span>
     <span class='ocr_line' id='line_1_16' title="bbox 376 845 1799 903; baseline -0.002 -14"><span class='ocrx_word' id='word_1_50' title='bbox 376 847 582 889; x_wconf 90' lang='lat' dir='ltr'>bellorum</span> <span class='ocrx_word' id='word_1_51' title='bbox 623 847 826 889; x_wconf 84' lang='lat' dir='ltr'>Romanis</span> <span class='ocrx_word' id='word_1_52' title='bbox 864 847 1086 889; x_wconf 89' lang='lat' dir='ltr'>militarem</span> <span class='ocrx_word' id='word_1_53' title='bbox 1133 846 1395 903; x_wconf 80' lang='lat' dir='ltr'>disciplinam</span> <span class='ocrx_word' id='word_1_54' title='bbox 1434 854 1550 887; x_wconf 85' lang='lat' dir='ltr'>erat:</span> <span class='ocrx_word' id='word_1_55' title='bbox 1602 861 1677 887; x_wconf 88' lang='lat' dir='ltr'>nec</span> <span class='ocrx_word' id='word_1_56' title='bbox 1716 845 1799 887; x_wconf 84' lang='lat' dir='ltr'>alia</span> 
     </span>
     <span class='ocr_line' id='line_1_17' title="bbox 376 902 1797 961; baseline -0.001 -16"><span class='ocrx_word' id='word_1_57' title='bbox 376 905 590 961; x_wconf 85' lang='lat' dir='ltr'>provincia</span> <span class='ocrx_word' id='word_1_58' title='bbox 609 905 785 946; x_wconf 87' lang='lat' dir='ltr'>militem</span> <span class='ocrx_word' id='word_1_59' title='bbox 804 905 939 961; x_wconf 89' lang='lat' dir='ltr'>magis</span> <span class='ocrx_word' id='word_1_60' title='bbox 968 904 1023 946; x_wconf 88' lang='lat' dir='ltr'>ad</span> <span class='ocrx_word' id='word_1_61' title='bbox 1052 904 1256 946; x_wconf 88' lang='lat' dir='ltr'>virtutem</span> <span class='ocrx_word' id='word_1_62' title='bbox 1275 903 1464 944; x_wconf 73' lang='lat' dir='ltr'>acuebat.</span> <span class='ocrx_word' id='word_1_63' title='bbox 1496 917 1592 944; x_wconf 90' lang='lat' dir='ltr'>nam</span> <span class='ocrx_word' id='word_1_64' title='bbox 1614 902 1734 953; x_wconf 87' lang='lat' dir='ltr'>Asia,</span> <span class='ocrx_word' id='word_1_65' title='bbox 1755 910 1797 944; x_wconf 89' lang='lat' dir='ltr'>et</span> 
     </span>
     <span class='ocr_line' id='line_1_18' title="bbox 375 959 1799 1018; baseline -0.002 -15"><span class='ocrx_word' id='word_1_66' title='bbox 375 962 618 1004; x_wconf 87' lang='lat' dir='ltr'>amoenitate</span> <span class='ocrx_word' id='word_1_67' title='bbox 658 962 844 1012; x_wconf 86' lang='lat' dir='ltr'>urbium,</span> <span class='ocrx_word' id='word_1_68' title='bbox 880 969 922 1003; x_wconf 89' lang='lat' dir='ltr'>et</span> <span class='ocrx_word' id='word_1_69' title='bbox 957 961 1078 1018; x_wconf 90' lang='lat' dir='ltr'>copia</span> <span class='ocrx_word' id='word_1_70' title='bbox 1111 960 1372 1003; x_wconf 84' lang='lat' dir='ltr'>terrestrium</span> <span class='ocrx_word' id='word_1_71' title='bbox 1400 959 1799 1016; x_wconf 16' lang='lat' dir='ltr'>*maritimarumque</span> 
     </span>
     <span class='ocr_line' id='line_1_19' title="bbox 375 1016 1797 1074; baseline -0.001 -15"><span class='ocrx_word' id='word_1_72' title='bbox 375 1034 531 1069; x_wconf 84' lang='lat' dir='ltr'>rerum,</span> <span class='ocrx_word' id='word_1_73' title='bbox 554 1028 595 1061; x_wconf 89' lang='lat' dir='ltr'>et</span> <span class='ocrx_word' id='word_1_74' title='bbox 620 1018 798 1060; x_wconf 84' lang='lat' dir='ltr'>mollitia</span> <span class='ocrx_word' id='word_1_75' title='bbox 820 1018 1006 1060; x_wconf 86' lang='lat' dir='ltr'>hostium</span> <span class='ocrx_word' id='word_1_76' title='bbox 1033 1018 1243 1074; x_wconf 87' lang='lat' dir='ltr'>regiisque</span> <span class='ocrx_word' id='word_1_77' title='bbox 1270 1017 1437 1074; x_wconf 88' lang='lat' dir='ltr'>opibus,</span> <span class='ocrx_word' id='word_1_78' title='bbox 1459 1016 1645 1067; x_wconf 87' lang='lat' dir='ltr'>ditiores,</span> <span class='ocrx_word' id='word_1_79' title='bbox 1667 1031 1797 1073; x_wconf 88' lang='lat' dir='ltr'>quam</span> 
     </span>
     <span class='ocr_line' id='line_1_20' title="bbox 376 1073 1796 1131; baseline -0.002 -15"><span class='ocrx_word' id='word_1_80' title='bbox 376 1076 583 1127; x_wconf 87' lang='lat' dir='ltr'>fortiores,</span> <span class='ocrx_word' id='word_1_81' title='bbox 625 1076 835 1117; x_wconf 87' lang='lat' dir='ltr'>exercitus</span> <span class='ocrx_word' id='word_1_82' title='bbox 885 1075 1081 1117; x_wconf 83' lang='lat' dir='ltr'>faciebat.</span> <span class='ocrx_word' id='word_1_83' title='bbox 1131 1075 1344 1131; x_wconf 81' lang='lat' dir='ltr'>praecipue</span> <span class='ocrx_word' id='word_1_84' title='bbox 1384 1075 1463 1116; x_wconf 90' lang='lat' dir='ltr'>sub</span> <span class='ocrx_word' id='word_1_85' title='bbox 1502 1073 1678 1130; x_wconf 88' lang='lat' dir='ltr'>imperio</span> <span class='ocrx_word' id='word_1_86' title='bbox 1719 1075 1796 1115; x_wconf 91' lang='lat' dir='ltr'>Cn.</span> 
     </span>
     <span class='ocr_line' id='line_1_21' title="bbox 378 1130 1799 1188; baseline -0.001 -15"><span class='ocrx_word' id='word_1_87' title='bbox 378 1132 529 1174; x_wconf 91' lang='lat' dir='ltr'>Manlii</span> <span class='ocrx_word' id='word_1_88' title='bbox 563 1133 698 1175; x_wconf 88' lang='lat' dir='ltr'>solute</span> <span class='ocrx_word' id='word_1_89' title='bbox 730 1147 777 1173; x_wconf 89' lang='lat' dir='ltr'>ac</span> <span class='ocrx_word' id='word_1_90' title='bbox 810 1132 1078 1188; x_wconf 79' lang='lat' dir='ltr'>neglegenter</span> <span class='ocrx_word' id='word_1_91' title='bbox 1112 1131 1248 1173; x_wconf 85' lang='lat' dir='ltr'>habiti</span> <span class='ocrx_word' id='word_1_92' title='bbox 1283 1139 1393 1173; x_wconf 88' lang='lat' dir='ltr'>sunt.</span> <span class='ocrx_word' id='word_1_93' title='bbox 1436 1131 1581 1187; x_wconf 88' lang='lat' dir='ltr'>itaque</span> <span class='ocrx_word' id='word_1_94' title='bbox 1611 1130 1799 1187; x_wconf 87' lang='lat' dir='ltr'>asperius</span> 
     </span>
     <span class='ocr_line' id='line_1_22' title="bbox 376 1187 1798 1246; baseline -0.001 -15"><span class='ocrx_word' id='word_1_95' title='bbox 376 1190 519 1246; x_wconf 87' lang='lat' dir='ltr'>paullo</span> <span class='ocrx_word' id='word_1_96' title='bbox 549 1190 628 1231; x_wconf 85' lang='lat' dir='ltr'>iter</span> <span class='ocrx_word' id='word_1_97' title='bbox 657 1189 701 1231; x_wconf 90' lang='lat' dir='ltr'>in</span> <span class='ocrx_word' id='word_1_98' title='bbox 735 1189 934 1239; x_wconf 84' lang='lat' dir='ltr'>Thracia,</span> <span class='ocrx_word' id='word_1_99' title='bbox 967 1197 1009 1230; x_wconf 91' lang='lat' dir='ltr'>et</span> <span class='ocrx_word' id='word_1_100' title='bbox 1044 1188 1310 1230; x_wconf 84' lang='lat' dir='ltr'>exercitatior</span> <span class='ocrx_word' id='word_1_101' title='bbox 1339 1188 1470 1229; x_wconf 87' lang='lat' dir='ltr'>hostis</span> <span class='ocrx_word' id='word_1_102' title='bbox 1499 1202 1652 1243; x_wconf 88' lang='lat' dir='ltr'>magna</span> <span class='ocrx_word' id='word_1_103' title='bbox 1680 1187 1798 1229; x_wconf 85' lang='lat' dir='ltr'>clade</span> 
     </span>
     <span class='ocr_line' id='line_1_23' title="bbox 375 1244 1797 1302; baseline -0.002 -15"><span class='ocrx_word' id='word_1_104' title='bbox 375 1262 445 1287; x_wconf 90' lang='lat' dir='ltr'>eos</span> <span class='ocrx_word' id='word_1_105' title='bbox 480 1246 735 1302; x_wconf 76' lang='lat' dir='ltr'>castigavit.⁴</span> <span class='ocrx_word' id='word_1_106' title='bbox 777 1247 830 1287; x_wconf 91' lang='lat' dir='ltr'>In</span> <span class='ocrx_word' id='word_1_107' title='bbox 871 1245 1107 1301; x_wconf 85' lang='lat' dir='ltr'>Liguribus</span> <span class='ocrx_word' id='word_1_108' title='bbox 1145 1246 1285 1286; x_wconf 87' lang='lat' dir='ltr'>omnia</span> <span class='ocrx_word' id='word_1_109' title='bbox 1323 1253 1456 1295; x_wconf 89' lang='lat' dir='ltr'>erant,</span> <span class='ocrx_word' id='word_1_110' title='bbox 1492 1259 1590 1300; x_wconf 87' lang='lat' dir='ltr'>quae</span> <span class='ocrx_word' id='word_1_111' title='bbox 1621 1244 1797 1285; x_wconf 88' lang='lat' dir='ltr'>militem</span> 
     </span>
     <span class='ocr_line' id='line_1_24' title="bbox 375 1301 1799 1358; baseline -0.002 -13"><span class='ocrx_word' id='word_1_112' title='bbox 375 1303 629 1346; x_wconf 79' lang='lat' dir='ltr'>excitarent:</span> <span class='ocrx_word' id='word_1_113' title='bbox 672 1304 762 1345; x_wconf 89' lang='lat' dir='ltr'>loca</span> <span class='ocrx_word' id='word_1_114' title='bbox 796 1310 993 1344; x_wconf 86' lang='lat' dir='ltr'>montana</span> <span class='ocrx_word' id='word_1_115' title='bbox 1027 1312 1069 1344; x_wconf 88' lang='lat' dir='ltr'>et</span> <span class='ocrx_word' id='word_1_116' title='bbox 1103 1317 1264 1358; x_wconf 85' lang='lat' dir='ltr'>aspera,</span> <span class='ocrx_word' id='word_1_117' title='bbox 1293 1301 1491 1358; x_wconf 23' lang='lat' dir='ltr'>²quaesset</span> <span class='ocrx_word' id='word_1_118' title='bbox 1520 1301 1621 1358; x_wconf 84' lang='lat' dir='ltr'>ipsis</span> <span class='ocrx_word' id='word_1_119' title='bbox 1651 1316 1799 1357; x_wconf 86' lang='lat' dir='ltr'>capere</span> 
     </span>
     <span class='ocr_line' id='line_1_25' title="bbox 377 1356 1799 1416; baseline -0.003 -14"><span class='ocrx_word' id='word_1_120' title='bbox 377 1361 494 1402; x_wconf 81' lang='lat' dir='ltr'>labor</span> <span class='ocrx_word' id='word_1_121' title='bbox 523 1369 628 1411; x_wconf 75' lang='lat' dir='ltr'>erat.</span> <span class='ocrx_word' id='word_1_122' title='bbox 650 1369 691 1403; x_wconf 92' lang='lat' dir='ltr'>et</span> <span class='ocrx_word' id='word_1_123' title='bbox 719 1376 772 1401; x_wconf 84' lang='lat' dir='ltr'>ex</span> <span class='ocrx_word' id='word_1_124' title='bbox 802 1358 1105 1416; x_wconf 80' lang='lat' dir='ltr'>praeoccupatis</span> <span class='ocrx_word' id='word_1_125' title='bbox 1135 1359 1312 1415; x_wconf 85' lang='lat' dir='ltr'>dejicere</span> <span class='ocrx_word' id='word_1_126' title='bbox 1341 1356 1712 1400; x_wconf 49' lang='lat' dir='ltr'>hostem&#39;sitlinera</span> <span class='ocrx_word' id='word_1_127' title='bbox 1734 1373 1799 1399; x_wconf 88' lang='lat' dir='ltr'>ar-</span> 
     </span>
     <span class='ocr_line' id='line_1_26' title="bbox 376 1414 1801 1474; baseline -0.003 -15"><span class='ocrx_word' id='word_1_128' title='bbox 376 1418 476 1469; x_wconf 89' lang='lat' dir='ltr'>dua,</span> <span class='ocrx_word' id='word_1_129' title='bbox 498 1425 693 1474; x_wconf 85' lang='lat' dir='ltr'>angusta,</span> <span class='ocrx_word' id='word_1_130' title='bbox 722 1417 874 1458; x_wconf 86' lang='lat' dir='ltr'>infesta</span> <span class='ocrx_word' id='word_1_131' title='bbox 902 1414 1085 1457; x_wconf 82' lang='lat' dir='ltr'>insidiis:</span> <span class='ocrx_word' id='word_1_132' title='bbox 1118 1416 1250 1457; x_wconf 88' lang='lat' dir='ltr'>hostis</span> <span class='ocrx_word' id='word_1_133' title='bbox 1279 1415 1396 1465; x_wconf 86' lang='lat' dir='ltr'>levis,</span> <span class='ocrx_word' id='word_1_134' title='bbox 1427 1424 1468 1457; x_wconf 89' lang='lat' dir='ltr'>et</span> <span class='ocrx_word' id='word_1_135' title='bbox 1498 1414 1637 1465; x_wconf 85' lang='lat' dir='ltr'>velox,</span> <span class='ocrx_word' id='word_1_136' title='bbox 1665 1423 1707 1456; x_wconf 90' lang='lat' dir='ltr'>et</span> <span class='ocrx_word' id='word_1_137' title='bbox 1737 1430 1801 1455; x_wconf 91' lang='lat' dir='ltr'>re-</span> 
     </span>
     <span class='ocr_line' id='line_1_27' title="bbox 376 1471 1799 1531; baseline -0.003 -15"><span class='ocrx_word' id='word_1_138' title='bbox 376 1475 589 1531; x_wconf 84' lang='lat' dir='ltr'>pentinus,</span> <span class='ocrx_word' id='word_1_139' title='bbox 611 1475 686 1531; x_wconf 92' lang='lat' dir='ltr'>qui</span> <span class='ocrx_word' id='word_1_140' title='bbox 712 1474 877 1516; x_wconf 90' lang='lat' dir='ltr'>nullum</span> <span class='ocrx_word' id='word_1_141' title='bbox 908 1488 1087 1529; x_wconf 88' lang='lat' dir='ltr'>usquam</span> <span class='ocrx_word' id='word_1_142' title='bbox 1117 1481 1300 1529; x_wconf 88' lang='lat' dir='ltr'>tempus,</span> <span class='ocrx_word' id='word_1_143' title='bbox 1321 1472 1487 1514; x_wconf 90' lang='lat' dir='ltr'>nullum</span> <span class='ocrx_word' id='word_1_144' title='bbox 1512 1471 1651 1512; x_wconf 92' lang='lat' dir='ltr'>locum</span> <span class='ocrx_word' id='word_1_145' title='bbox 1682 1471 1799 1528; x_wconf 90' lang='lat' dir='ltr'>quie-</span> 
     </span>
     <span class='ocr_line' id='line_1_28' title="bbox 376 1529 1800 1586; baseline -0.003 -13"><span class='ocrx_word' id='word_1_146' title='bbox 376 1541 467 1573; x_wconf 90' lang='lat' dir='ltr'>tum</span> <span class='ocrx_word' id='word_1_147' title='bbox 489 1539 564 1573; x_wconf 86' lang='lat' dir='ltr'>aut</span> <span class='ocrx_word' id='word_1_148' title='bbox 585 1546 777 1573; x_wconf 87' lang='lat' dir='ltr'>securum</span> <span class='ocrx_word' id='word_1_149' title='bbox 809 1546 896 1572; x_wconf 88' lang='lat' dir='ltr'>esse</span> <span class='ocrx_word' id='word_1_150' title='bbox 917 1530 1092 1572; x_wconf 89' lang='lat' dir='ltr'>sineret:</span> <span class='ocrx_word' id='word_1_151' title='bbox 1125 1529 1387 1586; x_wconf 84' lang='lat' dir='ltr'>obpugnatio</span> <span class='ocrx_word' id='word_1_152' title='bbox 1416 1529 1644 1570; x_wconf 80' lang='lat' dir='ltr'>necessaria</span> <span class='ocrx_word' id='word_1_153' title='bbox 1663 1529 1800 1570; x_wconf 88' lang='lat' dir='ltr'>muni-</span> 
     </span>
     <span class='ocr_line' id='line_1_29' title="bbox 376 1585 1798 1643; baseline -0.003 -13"><span class='ocrx_word' id='word_1_154' title='bbox 376 1597 518 1630; x_wconf 89' lang='lat' dir='ltr'>torum</span> <span class='ocrx_word' id='word_1_155' title='bbox 558 1588 838 1638; x_wconf 82' lang='lat' dir='ltr'>castellorum,</span> <span class='ocrx_word' id='word_1_156' title='bbox 875 1587 1079 1629; x_wconf 88' lang='lat' dir='ltr'>laboriosa</span> <span class='ocrx_word' id='word_1_157' title='bbox 1120 1587 1244 1628; x_wconf 88' lang='lat' dir='ltr'>simul</span> <span class='ocrx_word' id='word_1_158' title='bbox 1283 1586 1625 1643; x_wconf 88' lang='lat' dir='ltr'>periculosaque:</span> <span class='ocrx_word' id='word_1_159' title='bbox 1677 1585 1798 1642; x_wconf 91' lang='lat' dir='ltr'>inops</span> 
     </span>
     <span class='ocr_line' id='line_1_30' title="bbox 377 1642 1798 1702; baseline -0.002 -15"><span class='ocrx_word' id='word_1_160' title='bbox 377 1647 507 1702; x_wconf 86' lang='lat' dir='ltr'>regio,</span> <span class='ocrx_word' id='word_1_161' title='bbox 544 1660 642 1702; x_wconf 86' lang='lat' dir='ltr'>quae</span> <span class='ocrx_word' id='word_1_162' title='bbox 682 1644 935 1702; x_wconf 80' lang='lat' dir='ltr'>parsimonia</span> <span class='ocrx_word' id='word_1_163' title='bbox 968 1644 1246 1700; x_wconf 87' lang='lat' dir='ltr'>adstringeret</span> <span class='ocrx_word' id='word_1_164' title='bbox 1281 1644 1451 1695; x_wconf 87' lang='lat' dir='ltr'>milites,</span> <span class='ocrx_word' id='word_1_165' title='bbox 1485 1643 1642 1700; x_wconf 81' lang='lat' dir='ltr'>praedae</span> <span class='ocrx_word' id='word_1_166' title='bbox 1682 1642 1798 1684; x_wconf 87' lang='lat' dir='ltr'>haud</span> 
     </span>
     <span class='ocr_line' id='line_1_31' title="bbox 376 1700 1797 1759; baseline -0.002 -16"><span class='ocrx_word' id='word_1_167' title='bbox 376 1703 558 1745; x_wconf 87' lang='lat' dir='ltr'>multum</span> <span class='ocrx_word' id='word_1_168' title='bbox 581 1703 801 1759; x_wconf 86' lang='lat' dir='ltr'>praeberet.</span> <span class='ocrx_word' id='word_1_169' title='bbox 855 1703 1009 1757; x_wconf 88' lang='lat' dir='ltr'>Itaque</span> <span class='ocrx_word' id='word_1_170' title='bbox 1030 1716 1111 1742; x_wconf 91' lang='lat' dir='ltr'>non</span> <span class='ocrx_word' id='word_1_171' title='bbox 1134 1701 1219 1741; x_wconf 85' lang='lat' dir='ltr'>lixa</span> <span class='ocrx_word' id='word_1_172' title='bbox 1240 1701 1509 1756; x_wconf 85' lang='lat' dir='ltr'>sequebatur,</span> <span class='ocrx_word' id='word_1_173' title='bbox 1532 1715 1614 1741; x_wconf 89' lang='lat' dir='ltr'>non</span> <span class='ocrx_word' id='word_1_174' title='bbox 1629 1700 1797 1755; x_wconf 85' lang='lat' dir='ltr'>jumen-</span> 
     </span>
     <span class='ocr_line' id='line_1_32' title="bbox 376 1757 1797 1816; baseline -0.002 -15"><span class='ocrx_word' id='word_1_175' title='bbox 376 1768 516 1801; x_wconf 88' lang='lat' dir='ltr'>torum</span> <span class='ocrx_word' id='word_1_176' title='bbox 547 1760 698 1816; x_wconf 89' lang='lat' dir='ltr'>longus</span> <span class='ocrx_word' id='word_1_177' title='bbox 727 1759 832 1801; x_wconf 90' lang='lat' dir='ltr'>ordo</span> <span class='ocrx_word' id='word_1_178' title='bbox 861 1773 1010 1814; x_wconf 86' lang='lat' dir='ltr'>agmen</span> <span class='ocrx_word' id='word_1_179' title='bbox 1040 1757 1315 1800; x_wconf 82' lang='lat' dir='ltr'>extendebat:</span> <span class='ocrx_word' id='word_1_180' title='bbox 1348 1757 1467 1808; x_wconf 87' lang='lat' dir='ltr'>nihil,</span> <span class='ocrx_word' id='word_1_181' title='bbox 1496 1765 1650 1812; x_wconf 84' lang='lat' dir='ltr'>praeter</span> <span class='ocrx_word' id='word_1_182' title='bbox 1679 1772 1797 1798; x_wconf 85' lang='lat' dir='ltr'>arma</span> 
     </span>
     <span class='ocr_line' id='line_1_33' title="bbox 375 1812 1793 1872; baseline -0.001 -15"><span class='ocrx_word' id='word_1_183' title='bbox 375 1825 416 1858; x_wconf 86' lang='lat' dir='ltr'>et</span> <span class='ocrx_word' id='word_1_184' title='bbox 439 1818 549 1859; x_wconf 85' lang='lat' dir='ltr'>viros</span> <span class='ocrx_word' id='word_1_185' title='bbox 578 1831 742 1858; x_wconf 85' lang='lat' dir='ltr'>omnem</span> <span class='ocrx_word' id='word_1_186' title='bbox 774 1830 888 1872; x_wconf 90' lang='lat' dir='ltr'>spem</span> <span class='ocrx_word' id='word_1_187' title='bbox 916 1815 957 1855; x_wconf 92' lang='lat' dir='ltr'>in</span> <span class='ocrx_word' id='word_1_188' title='bbox 979 1816 1104 1855; x_wconf 86' lang='lat' dir='ltr'>armis</span> <span class='ocrx_word' id='word_1_189' title='bbox 1133 1815 1348 1863; x_wconf 86' lang='lat' dir='ltr'>habentes,</span> <span class='ocrx_word' id='word_1_190' title='bbox 1370 1822 1470 1855; x_wconf 89' lang='lat' dir='ltr'>erat.</span> <span class='ocrx_word' id='word_1_191' title='bbox 1532 1814 1621 1854; x_wconf 88' lang='lat' dir='ltr'>Nec</span> <span class='ocrx_word' id='word_1_192' title='bbox 1651 1812 1793 1855; x_wconf 87' lang='lat' dir='ltr'>deerat</span> 
     </span>
     <span class='ocr_line' id='line_1_34' title="bbox 376 1869 1796 1930; baseline -0.002 -17"><span class='ocrx_word' id='word_1_193' title='bbox 376 1889 578 1930; x_wconf 89' lang='lat' dir='ltr'>umquam</span> <span class='ocrx_word' id='word_1_194' title='bbox 601 1889 696 1915; x_wconf 88' lang='lat' dir='ltr'>eum</span> <span class='ocrx_word' id='word_1_195' title='bbox 718 1872 767 1914; x_wconf 91' lang='lat' dir='ltr'>iis</span> <span class='ocrx_word' id='word_1_196' title='bbox 786 1872 854 1913; x_wconf 86' lang='lat' dir='ltr'>vel</span> <span class='ocrx_word' id='word_1_197' title='bbox 869 1872 1043 1913; x_wconf 89' lang='lat' dir='ltr'>materia</span> <span class='ocrx_word' id='word_1_198' title='bbox 1062 1871 1177 1922; x_wconf 90' lang='lat' dir='ltr'>belli,</span> <span class='ocrx_word' id='word_1_199' title='bbox 1192 1870 1259 1912; x_wconf 87' lang='lat' dir='ltr'>vel</span> <span class='ocrx_word' id='word_1_200' title='bbox 1279 1886 1448 1919; x_wconf 87' lang='lat' dir='ltr'>eaussa;</span> <span class='ocrx_word' id='word_1_201' title='bbox 1480 1869 1604 1926; x_wconf 83' lang='lat' dir='ltr'>³quia</span> <span class='ocrx_word' id='word_1_202' title='bbox 1623 1878 1796 1927; x_wconf 87' lang='lat' dir='ltr'>propter</span> 
     </span>
     <span class='ocr_line' id='line_1_35' title="bbox 375 1927 1795 1986; baseline -0.002 -16"><span class='ocrx_word' id='word_1_203' title='bbox 375 1930 644 1973; x_wconf 84' lang='lat' dir='ltr'>domesticam</span> <span class='ocrx_word' id='word_1_204' title='bbox 665 1930 847 1986; x_wconf 85' lang='lat' dir='ltr'>inopiam</span> <span class='ocrx_word' id='word_1_205' title='bbox 869 1928 1026 1970; x_wconf 86' lang='lat' dir='ltr'>vicinos</span> <span class='ocrx_word' id='word_1_206' title='bbox 1046 1944 1168 1984; x_wconf 87' lang='lat' dir='ltr'>agros</span> <span class='ocrx_word' id='word_1_207' title='bbox 1188 1927 1470 1969; x_wconf 87' lang='lat' dir='ltr'>incursabant.</span> <span class='ocrx_word' id='word_1_208' title='bbox 1497 1942 1571 1968; x_wconf 88' lang='lat' dir='ltr'>nec</span> <span class='ocrx_word' id='word_1_209' title='bbox 1592 1935 1731 1968; x_wconf 88' lang='lat' dir='ltr'>tamen</span> <span class='ocrx_word' id='word_1_210' title='bbox 1751 1927 1795 1968; x_wconf 89' lang='lat' dir='ltr'>in</span> 
     </span>
     <span class='ocr_line' id='line_1_36' title="bbox 375 1986 1256 2042; baseline -0.002 -14"><span class='ocrx_word' id='word_1_211' title='bbox 375 1987 596 2029; x_wconf 85' lang='lat' dir='ltr'>discrimen</span> <span class='ocrx_word' id='word_1_212' title='bbox 619 2002 792 2028; x_wconf 81' lang='lat' dir='ltr'>summae</span> <span class='ocrx_word' id='word_1_213' title='bbox 812 2001 953 2027; x_wconf 88' lang='lat' dir='ltr'>rerum</span> <span class='ocrx_word' id='word_1_214' title='bbox 973 1986 1256 2042; x_wconf 83' lang='lat' dir='ltr'>pugnabatur.</span> 
     </span>
    </p>

    <p class='ocr_par' dir='ltr' id='par_1_7' title="bbox 376 2040 1797 2329">
     <span class='ocr_line' id='line_1_37' title="bbox 435 2040 1797 2097; baseline -0.002 -12"><span class='ocrx_word' id='word_1_215' title='bbox 435 2046 498 2085; x_wconf 89' lang='lat' dir='ltr'>II.</span> <span class='ocrx_word' id='word_1_216' title='bbox 532 2044 579 2086; x_wconf 90' lang='lat' dir='ltr'>C.</span> <span class='ocrx_word' id='word_1_217' title='bbox 604 2041 836 2085; x_wconf 83' lang='lat' dir='ltr'>Flaminius</span> <span class='ocrx_word' id='word_1_218' title='bbox 870 2042 1028 2091; x_wconf 81' lang='lat' dir='ltr'>consul,</span> <span class='ocrx_word' id='word_1_219' title='bbox 1060 2058 1156 2084; x_wconf 81' lang='lat' dir='ltr'>cum</span> <span class='ocrx_word' id='word_1_220' title='bbox 1194 2041 1453 2084; x_wconf 87' lang='lat' dir='ltr'>Friniatibus</span> <span class='ocrx_word' id='word_1_221' title='bbox 1491 2040 1723 2097; x_wconf 85' lang='lat' dir='ltr'>Liguribus</span> <span class='ocrx_word' id='word_1_222' title='bbox 1754 2041 1797 2082; x_wconf 88' lang='lat' dir='ltr'>in</span> 
     </span>
     <span class='ocr_line' id='line_1_38' title="bbox 376 2098 1794 2157; baseline -0.002 -15"><span class='ocrx_word' id='word_1_223' title='bbox 376 2117 478 2157; x_wconf 84' lang='lat' dir='ltr'>agro</span> <span class='ocrx_word' id='word_1_224' title='bbox 507 2117 651 2142; x_wconf 87' lang='lat' dir='ltr'>eorum</span> <span class='ocrx_word' id='word_1_225' title='bbox 681 2101 876 2157; x_wconf 88' lang='lat' dir='ltr'>pluribus</span> <span class='ocrx_word' id='word_1_226' title='bbox 906 2099 1064 2156; x_wconf 85' lang='lat' dir='ltr'>proeliis</span> <span class='ocrx_word' id='word_1_227' title='bbox 1094 2099 1284 2140; x_wconf 85' lang='lat' dir='ltr'>secundis</span> <span class='ocrx_word' id='word_1_228' title='bbox 1313 2099 1450 2149; x_wconf 85' lang='lat' dir='ltr'>factis,</span> <span class='ocrx_word' id='word_1_229' title='bbox 1471 2100 1514 2140; x_wconf 89' lang='lat' dir='ltr'>in</span> <span class='ocrx_word' id='word_1_230' title='bbox 1540 2098 1794 2140; x_wconf 88' lang='lat' dir='ltr'>deditionem</span> 
     </span>
     <span class='ocr_line' id='line_1_39' title="bbox 376 2154 1796 2215; baseline -0.003 -16"><span class='ocrx_word' id='word_1_231' title='bbox 376 2166 544 2215; x_wconf 87' lang='lat' dir='ltr'>gentem</span> <span class='ocrx_word' id='word_1_232' title='bbox 574 2159 749 2214; x_wconf 84' lang='lat' dir='ltr'>aceepit,</span> <span class='ocrx_word' id='word_1_233' title='bbox 775 2166 816 2198; x_wconf 91' lang='lat' dir='ltr'>et</span> <span class='ocrx_word' id='word_1_234' title='bbox 846 2172 962 2198; x_wconf 88' lang='lat' dir='ltr'>arma</span> <span class='ocrx_word' id='word_1_235' title='bbox 991 2156 1170 2198; x_wconf 85' lang='lat' dir='ltr'>ademit:</span> <span class='ocrx_word' id='word_1_236' title='bbox 1208 2172 1257 2197; x_wconf 88' lang='lat' dir='ltr'>ea</span> <span class='ocrx_word' id='word_1_237' title='bbox 1283 2156 1385 2212; x_wconf 89' lang='lat' dir='ltr'>quia</span> <span class='ocrx_word' id='word_1_238' title='bbox 1413 2171 1496 2197; x_wconf 92' lang='lat' dir='ltr'>non</span> <span class='ocrx_word' id='word_1_239' title='bbox 1527 2155 1684 2197; x_wconf 87' lang='lat' dir='ltr'>sincera</span> <span class='ocrx_word' id='word_1_240' title='bbox 1712 2154 1796 2195; x_wconf 84' lang='lat' dir='ltr'>fide</span> 
     </span>
     <span class='ocr_line' id='line_1_40' title="bbox 378 2212 1794 2270; baseline -0.003 -14"><span class='ocrx_word' id='word_1_241' title='bbox 378 2215 612 2264; x_wconf 86' lang='lat' dir='ltr'>tradebant,</span> <span class='ocrx_word' id='word_1_242' title='bbox 649 2229 783 2270; x_wconf 87' lang='lat' dir='ltr'>quum</span> <span class='ocrx_word' id='word_1_243' title='bbox 823 2214 1142 2269; x_wconf 82' lang='lat' dir='ltr'>castigarentur,</span> <span class='ocrx_word' id='word_1_244' title='bbox 1178 2213 1332 2254; x_wconf 87' lang='lat' dir='ltr'>relictis</span> <span class='ocrx_word' id='word_1_245' title='bbox 1371 2212 1487 2263; x_wconf 83' lang='lat' dir='ltr'>vicis,</span> <span class='ocrx_word' id='word_1_246' title='bbox 1528 2213 1571 2254; x_wconf 90' lang='lat' dir='ltr'>in</span> <span class='ocrx_word' id='word_1_247' title='bbox 1610 2219 1794 2253; x_wconf 86' lang='lat' dir='ltr'>montem</span> 
     </span>
     <span class='ocr_line' id='line_1_41' title="bbox 377 2267 1795 2329; baseline -0.004 -16"><span class='ocrx_word' id='word_1_248' title='bbox 377 2272 598 2329; x_wconf 87' lang='lat' dir='ltr'>Auginum</span> <span class='ocrx_word' id='word_1_249' title='bbox 631 2271 925 2327; x_wconf 84' lang='lat' dir='ltr'>confugerunt.</span> <span class='ocrx_word' id='word_1_250' title='bbox 957 2270 1174 2312; x_wconf 85' lang='lat' dir='ltr'>confestim</span> <span class='ocrx_word' id='word_1_251' title='bbox 1206 2278 1375 2312; x_wconf 85' lang='lat' dir='ltr'>secutus</span> <span class='ocrx_word' id='word_1_252' title='bbox 1403 2279 1465 2312; x_wconf 87' lang='lat' dir='ltr'>est</span> <span class='ocrx_word' id='word_1_253' title='bbox 1499 2267 1654 2311; x_wconf 90' lang='lat' dir='ltr'>consul.</span> <span class='ocrx_word' id='word_1_254' title='bbox 1717 2269 1795 2309; x_wconf 86' lang='lat' dir='ltr'>Ce-</span> 
     </span>
    </p>
   </div>
   <div class='ocr_carea' id='block_1_7' title="bbox 1664 2368 1794 2399">
    <p class='ocr_par' dir='ltr' id='par_1_8' title="bbox 1664 2368 1794 2399">
     <span class='ocr_line' id='line_1_42' title="bbox 1664 2368 1794 2399; baseline 0.008 -2"><span class='ocrx_word' id='word_1_255' title='bbox 1664 2368 1794 2399; x_wconf 69' lang='lat' dir='ltr'>adso-in·</span> 
     </span>
    </p>
   </div>
   <div class='ocr_carea' id='block_1_8' title="bbox 374 2371 1061 2881">
    <p class='ocr_par' dir='ltr' id='par_1_9' title="bbox 374 2371 1061 2617">
     <span class='ocr_line' id='line_1_43' title="bbox 419 2371 1061 2411; baseline -0.003 -9"><span class='ocrx_word' id='word_1_256' title='bbox 419 2373 434 2402; x_wconf 92' lang='grc'>1</span> <span class='ocrx_word' id='word_1_257' title='bbox 474 2371 556 2401; x_wconf 79' lang='lat' dir='ltr'>Inter</span> <span class='ocrx_word' id='word_1_258' title='bbox 584 2382 757 2411; x_wconf 74' lang='lat' dir='ltr'>magnorum</span> <span class='ocrx_word' id='word_1_259' title='bbox 793 2371 947 2401; x_wconf 73' lang='lat' dir='ltr'>intervalla</span> <span class='ocrx_word' id='word_1_260' title='bbox 976 2371 1061 2400; x_wconf 72' lang='lat' dir='ltr'>bello-</span> 
     </span>
     <span class='ocr_line' id='line_1_44' title="bbox 374 2412 1061 2455; baseline -0.001 -11"><span class='ocrx_word' id='word_1_261' title='bbox 374 2414 457 2455; x_wconf 80' lang='lat' dir='ltr'>rum]</span> <span class='ocrx_word' id='word_1_262' title='bbox 496 2415 628 2455; x_wconf 79' lang='lat' dir='ltr'>Aliquot</span> <span class='ocrx_word' id='word_1_263' title='bbox 647 2413 764 2453; x_wconf 75' lang='lat' dir='ltr'>scripti,</span> <span class='ocrx_word' id='word_1_264' title='bbox 783 2413 862 2444; x_wconf 72' lang='lat' dir='ltr'>inter</span> <span class='ocrx_word' id='word_1_265' title='bbox 884 2423 961 2454; x_wconf 81' lang='lat' dir='ltr'>quos</span> <span class='ocrx_word' id='word_1_266' title='bbox 986 2412 1061 2444; x_wconf 75' lang='lat' dir='ltr'>Vic-</span> 
     </span>
     <span class='ocr_line' id='line_1_45' title="bbox 374 2456 1061 2499; baseline 0 -12"><span class='ocrx_word' id='word_1_267' title='bbox 374 2457 502 2493; x_wconf 79' lang='lat' dir='ltr'>torinus,</span> <span class='ocrx_word' id='word_1_268' title='bbox 525 2468 576 2496; x_wconf 66' lang='lat' dir='ltr'>prr</span> <span class='ocrx_word' id='word_1_269' title='bbox 602 2457 750 2487; x_wconf 84' lang='lat' dir='ltr'>exhibent</span> <span class='ocrx_word' id='word_1_270' title='bbox 773 2467 828 2499; x_wconf 85' lang='lat' dir='ltr'>pro</span> <span class='ocrx_word' id='word_1_271' title='bbox 850 2459 946 2487; x_wconf 73' lang='lat' dir='ltr'>inter:</span> <span class='ocrx_word' id='word_1_272' title='bbox 978 2456 1061 2497; x_wconf 89' lang='lat' dir='ltr'>quod</span> 
     </span>
     <span class='ocr_line' id='line_1_46' title="bbox 375 2499 1060 2536; baseline -0.003 -5"><span class='ocrx_word' id='word_1_273' title='bbox 375 2499 603 2531; x_wconf 69' lang='lat' dir='ltr'>admittendum</span> <span class='ocrx_word' id='word_1_274' title='bbox 639 2500 770 2536; x_wconf 80' lang='lat' dir='ltr'>videtur,</span> <span class='ocrx_word' id='word_1_275' title='bbox 801 2510 838 2530; x_wconf 88' lang='lat' dir='ltr'>ne</span> <span class='ocrx_word' id='word_1_276' title='bbox 873 2499 954 2531; x_wconf 86' lang='lat' dir='ltr'>male</span> <span class='ocrx_word' id='word_1_277' title='bbox 988 2509 1060 2530; x_wconf 89' lang='lat' dir='ltr'>con-</span> 
     </span>
     <span class='ocr_line' id='line_1_47' title="bbox 374 2542 1061 2574; baseline -0.001 -1"><span class='ocrx_word' id='word_1_278' title='bbox 374 2547 499 2574; x_wconf 84' lang='lat' dir='ltr'>currant</span> <span class='ocrx_word' id='word_1_279' title='bbox 520 2542 579 2573; x_wconf 84' lang='lat' dir='ltr'>sibi</span> <span class='ocrx_word' id='word_1_280' title='bbox 602 2548 709 2573; x_wconf 85' lang='lat' dir='ltr'>mutuo</span> <span class='ocrx_word' id='word_1_281' title='bbox 733 2543 780 2572; x_wconf 73' lang='lat' dir='ltr'>ha:</span> <span class='ocrx_word' id='word_1_282' title='bbox 805 2542 874 2573; x_wconf 80' lang='lat' dir='ltr'>duae</span> <span class='ocrx_word' id='word_1_283' title='bbox 900 2552 992 2573; x_wconf 81' lang='lat' dir='ltr'>voces</span> <span class='ocrx_word' id='word_1_284' title='bbox 1016 2545 1061 2573; x_wconf 83' lang='lat' dir='ltr'>in-</span> 
     </span>
     <span class='ocr_line' id='line_1_48' title="bbox 375 2586 677 2617; baseline -0.003 -2"><span class='ocrx_word' id='word_1_285' title='bbox 375 2593 419 2617; x_wconf 76' lang='lat' dir='ltr'>ter</span> <span class='ocrx_word' id='word_1_286' title='bbox 433 2609 441 2617; x_wconf 92' lang='lat'>.</span> <span class='ocrx_word' id='word_1_287' title='bbox 459 2608 467 2617; x_wconf 91' lang='lat'>.</span> <span class='ocrx_word' id='word_1_288' title='bbox 481 2608 490 2616; x_wconf 87' lang='lat'>.</span> <span class='ocrx_word' id='word_1_289' title='bbox 511 2586 677 2616; x_wconf 73' lang='lat' dir='ltr'>intervalla.</span> 
     </span>
    </p>

    <p class='ocr_par' dir='ltr' id='par_1_10' title="bbox 374 2628 1061 2881">
     <span class='ocr_line' id='line_1_49' title="bbox 417 2628 1061 2668; baseline -0.003 -9"><span class='ocrx_word' id='word_1_290' title='bbox 417 2630 437 2659; x_wconf 81' lang='lat'><strong>2</strong></span> <span class='ocrx_word' id='word_1_291' title='bbox 463 2629 538 2663; x_wconf 74' lang='lat' dir='ltr'>Qum</span> <span class='ocrx_word' id='word_1_292' title='bbox 552 2635 577 2659; x_wconf 76' lang='lat' dir='ltr'>et.</span> <span class='ocrx_word' id='word_1_293' title='bbox 596 2630 661 2668; x_wconf 75' lang='lat' dir='ltr'>ipsis</span> <span class='ocrx_word' id='word_1_294' title='bbox 676 2639 775 2667; x_wconf 78' lang='lat' dir='ltr'>capere</span> <span class='ocrx_word' id='word_1_295' title='bbox 791 2629 869 2657; x_wconf 71' lang='lat' dir='ltr'>labor</span> <span class='ocrx_word' id='word_1_296' title='bbox 883 2628 940 2668; x_wconf 77' lang='lat' dir='ltr'>esi]</span> <span class='ocrx_word' id='word_1_297' title='bbox 980 2628 1061 2667; x_wconf 76' lang='lat' dir='ltr'>Lege</span> 
     </span>
     <span class='ocr_line' id='line_1_50' title="bbox 375 2671 1061 2712; baseline -0.004 -11"><span class='ocrx_word' id='word_1_298' title='bbox 375 2683 444 2702; x_wconf 79' lang='lat' dir='ltr'>eum</span> <span class='ocrx_word' id='word_1_299' title='bbox 471 2671 612 2702; x_wconf 81' lang='lat' dir='ltr'>Schelio:</span> <span class='ocrx_word' id='word_1_300' title='bbox 641 2683 702 2712; x_wconf 79' lang='lat' dir='ltr'>qua·</span> <span class='ocrx_word' id='word_1_301' title='bbox 725 2678 751 2700; x_wconf 79' lang='lat' dir='ltr'>et</span> <span class='ocrx_word' id='word_1_302' title='bbox 777 2672 835 2710; x_wconf 67' lang='lat' dir='ltr'>ipsa</span> <span class='ocrx_word' id='word_1_303' title='bbox 858 2681 958 2709; x_wconf 70' lang='lat' dir='ltr'>capere</span> <span class='ocrx_word' id='word_1_304' title='bbox 982 2671 1061 2700; x_wconf 73' lang='lat' dir='ltr'>labor</span> 
     </span>
     <span class='ocr_line' id='line_1_51' title="bbox 375 2712 1059 2756; baseline -0.004 -11"><span class='ocrx_word' id='word_1_305' title='bbox 375 2722 449 2749; x_wconf 71' lang='lat' dir='ltr'>crat,</span> <span class='ocrx_word' id='word_1_306' title='bbox 477 2715 525 2745; x_wconf 83' lang='lat' dir='ltr'>vel</span> <span class='ocrx_word' id='word_1_307' title='bbox 554 2714 667 2756; x_wconf 74' lang='lat' dir='ltr'>potius,</span> <span class='ocrx_word' id='word_1_308' title='bbox 691 2715 769 2744; x_wconf 74' lang='lat' dir='ltr'>labor</span> <span class='ocrx_word' id='word_1_309' title='bbox 797 2720 874 2743; x_wconf 54' lang='lat' dir='ltr'>esset.</span> <span class='ocrx_word' id='word_1_310' title='bbox 922 2712 999 2751; x_wconf 72' lang='lat' dir='ltr'>Ipsa,</span> <span class='ocrx_word' id='word_1_311' title='bbox 1029 2713 1059 2742; x_wconf 77' lang='lat' dir='ltr'>id</span> 
     </span>
     <span class='ocr_line' id='line_1_52' title="bbox 375 2755 1059 2791; baseline -0.004 -4"><span class='ocrx_word' id='word_1_312' title='bbox 375 2763 432 2791; x_wconf 71' lang='lat' dir='ltr'>est,</span> <span class='ocrx_word' id='word_1_313' title='bbox 463 2758 582 2788; x_wconf 67' lang='lat' dir='ltr'>etiamsi</span> <span class='ocrx_word' id='word_1_314' title='bbox 620 2766 708 2787; x_wconf 85' lang='lat' dir='ltr'>nemo</span> <span class='ocrx_word' id='word_1_315' title='bbox 744 2756 890 2786; x_wconf 78' lang='lat' dir='ltr'>obstaret.</span> <span class='ocrx_word' id='word_1_316' title='bbox 928 2755 961 2785; x_wconf 70' lang='grc' dir='ltr'>τὸ</span> <span class='ocrx_word' id='word_1_317' title='bbox 993 2762 1059 2785; x_wconf 59' lang='lat' dir='ltr'>esset</span> 
     </span>
     <span class='ocr_line' id='line_1_53' title="bbox 378 2798 1059 2840; baseline -0.003 -11"><span class='ocrx_word' id='word_1_318' title='bbox 378 2800 499 2830; x_wconf 78' lang='lat' dir='ltr'>firmant</span> <span class='ocrx_word' id='word_1_319' title='bbox 520 2810 556 2830; x_wconf 82' lang='lat' dir='ltr'>ea</span> <span class='ocrx_word' id='word_1_320' title='bbox 579 2810 648 2840; x_wconf 77' lang='lat' dir='ltr'>qua:</span> <span class='ocrx_word' id='word_1_321' title='bbox 671 2804 841 2840; x_wconf 80' lang='lat' dir='ltr'>sequuntur</span> <span class='ocrx_word' id='word_1_322' title='bbox 863 2798 966 2834; x_wconf 84' lang='lat' dir='ltr'>verba,</span> <span class='ocrx_word' id='word_1_323' title='bbox 988 2798 1059 2828; x_wconf 82' lang='lat' dir='ltr'>sub-</span> 
     </span>
     <span class='ocr_line' id='line_1_54' title="bbox 374 2842 1060 2881; baseline 0 -9"><span class='ocrx_word' id='word_1_324' title='bbox 374 2842 503 2881; x_wconf 71' lang='lat' dir='ltr'>junctivi</span> <span class='ocrx_word' id='word_1_325' title='bbox 527 2843 629 2873; x_wconf 68' lang='lat' dir='ltr'>omnia</span> <span class='ocrx_word' id='word_1_326' title='bbox 652 2842 747 2877; x_wconf 81' lang='lat' dir='ltr'>modi,</span> <span class='ocrx_word' id='word_1_327' title='bbox 763 2843 847 2873; x_wconf 66' lang='lat' dir='ltr'>hmtix</span> <span class='ocrx_word' id='word_1_328' title='bbox 862 2865 870 2872; x_wconf 88' lang='lat'>.</span> <span class='ocrx_word' id='word_1_329' title='bbox 888 2865 895 2871; x_wconf 98' lang='lat'>.</span> <span class='ocrx_word' id='word_1_330' title='bbox 914 2864 921 2871; x_wconf 93' lang='lat'>.</span> <span class='ocrx_word' id='word_1_331' title='bbox 934 2843 984 2881; x_wconf 75' lang='lat' dir='ltr'>qui</span> <span class='ocrx_word' id='word_1_332' title='bbox 1001 2864 1008 2872; x_wconf 88' lang='lat'>.</span> <span class='ocrx_word' id='word_1_333' title='bbox 1026 2863 1033 2870; x_wconf 93' lang='lat'>.</span> <span class='ocrx_word' id='word_1_334' title='bbox 1053 2864 1060 2872; x_wconf 94' lang='lat'>.</span> 
     </span>
    </p>
   </div>
   <div class='ocr_carea' id='block_1_9' title="bbox 1106 2371 1642 2411">
    <p class='ocr_par' dir='ltr' id='par_1_11' title="bbox 1106 2371 1642 2411">
     <span class='ocr_line' id='line_1_55' title="bbox 1106 2371 1642 2411; baseline -0.004 -12"><span class='ocrx_word' id='word_1_335' title='bbox 1106 2371 1211 2400; x_wconf 79' lang='lat' dir='ltr'>sineret</span> <span class='ocrx_word' id='word_1_336' title='bbox 1223 2381 1233 2406; x_wconf 90' lang='lat'><em>;</em></span> <span class='ocrx_word' id='word_1_337' title='bbox 1265 2371 1346 2409; x_wconf 73' lang='lat' dir='ltr'>inops</span> <span class='ocrx_word' id='word_1_338' title='bbox 1369 2371 1461 2411; x_wconf 78' lang='lat' dir='ltr'>regio,</span> <span class='ocrx_word' id='word_1_339' title='bbox 1482 2379 1544 2409; x_wconf 65' lang='lat' dir='ltr'>qna:</span> <span class='ocrx_word' id='word_1_340' title='bbox 1567 2388 1576 2397; x_wconf 85' lang='lat'>.</span> <span class='ocrx_word' id='word_1_341' title='bbox 1601 2390 1610 2398; x_wconf 87' lang='lat'>.</span> <span class='ocrx_word' id='word_1_342' title='bbox 1632 2388 1642 2398; x_wconf 82' lang='lat'>.</span> 
     </span>
    </p>
   </div>
   <div class='ocr_carea' id='block_1_10' title="bbox 1103 2420 1197 2454">
    <p class='ocr_par' dir='ltr' id='par_1_12' title="bbox 1103 2420 1197 2454">
     <span class='ocr_line' id='line_1_56' title="bbox 1103 2420 1197 2454; baseline 0 -11"><span class='ocrx_word' id='word_1_343' title='bbox 1103 2420 1197 2454; x_wconf 76' lang='lat' dir='ltr'>geret.</span> 
     </span>
    </p>
   </div>
   <div class='ocr_carea' id='block_1_11' title="bbox 1105 2453 1793 2788">
    <p class='ocr_par' dir='ltr' id='par_1_13' title="bbox 1105 2453 1793 2788">
     <span class='ocr_line' id='line_1_57' title="bbox 1149 2453 1793 2494; baseline -0.005 -7"><span class='ocrx_word' id='word_1_344' title='bbox 1149 2457 1197 2487; x_wconf 78' lang='lat'>3*</span> <span class='ocrx_word' id='word_1_345' title='bbox 1209 2455 1289 2490; x_wconf 73' lang='lat' dir='ltr'>Quia</span> <span class='ocrx_word' id='word_1_346' title='bbox 1310 2461 1428 2494; x_wconf 75' lang='lat' dir='ltr'>propter</span> <span class='ocrx_word' id='word_1_347' title='bbox 1443 2475 1451 2484; x_wconf 86' lang='grc'><strong>.</strong></span> <span class='ocrx_word' id='word_1_348' title='bbox 1467 2475 1476 2483; x_wconf 83' lang='grc'><strong>.</strong></span> <span class='ocrx_word' id='word_1_349' title='bbox 1490 2464 1542 2484; x_wconf 78' lang='lat' dir='ltr'>nec</span> <span class='ocrx_word' id='word_1_350' title='bbox 1563 2453 1674 2494; x_wconf 67' lang='lat' dir='ltr'>farneti]</span> <span class='ocrx_word' id='word_1_351' title='bbox 1714 2453 1793 2485; x_wconf 70' lang='lat' dir='ltr'>Haec</span> 
     </span>
     <span class='ocr_line' id='line_1_58' title="bbox 1106 2495 1792 2537; baseline 0 -9"><span class='ocrx_word' id='word_1_352' title='bbox 1106 2498 1168 2529; x_wconf 88' lang='lat' dir='ltr'>duo</span> <span class='ocrx_word' id='word_1_353' title='bbox 1182 2499 1320 2529; x_wconf 76' lang='lat' dir='ltr'>membra</span> <span class='ocrx_word' id='word_1_354' title='bbox 1343 2495 1504 2528; x_wconf 79' lang='lat' dir='ltr'>reserenda</span> <span class='ocrx_word' id='word_1_355' title='bbox 1526 2501 1598 2527; x_wconf 87' lang='lat' dir='ltr'>sunt</span> <span class='ocrx_word' id='word_1_356' title='bbox 1615 2495 1654 2527; x_wconf 80' lang='lat' dir='ltr'>ad</span> <span class='ocrx_word' id='word_1_357' title='bbox 1669 2507 1707 2528; x_wconf 87' lang='lat' dir='ltr'>ea</span> <span class='ocrx_word' id='word_1_358' title='bbox 1721 2506 1792 2537; x_wconf 83' lang='lat' dir='ltr'>quae</span> 
     </span>
     <span class='ocr_line' id='line_1_59' title="bbox 1106 2540 1790 2583; baseline -0.004 -12"><span class='ocrx_word' id='word_1_359' title='bbox 1106 2551 1299 2583; x_wconf 78' lang='lat' dir='ltr'>praecessere,</span> <span class='ocrx_word' id='word_1_360' title='bbox 1317 2541 1362 2570; x_wconf 75' lang='lat' dir='ltr'>vel</span> <span class='ocrx_word' id='word_1_361' title='bbox 1384 2541 1508 2570; x_wconf 75' lang='lat' dir='ltr'>materia</span> <span class='ocrx_word' id='word_1_362' title='bbox 1531 2540 1608 2572; x_wconf 72' lang='lat' dir='ltr'>belli.</span> <span class='ocrx_word' id='word_1_363' title='bbox 1626 2541 1669 2570; x_wconf 75' lang='lat' dir='ltr'>vel</span> <span class='ocrx_word' id='word_1_364' title='bbox 1691 2551 1790 2571; x_wconf 74' lang='lat' dir='ltr'>consu.</span> 
     </span>
     <span class='ocr_line' id='line_1_60' title="bbox 1108 2582 1792 2625; baseline -0.001 -11"><span class='ocrx_word' id='word_1_365' title='bbox 1108 2585 1277 2625; x_wconf 82' lang='lat' dir='ltr'>Nunquam</span> <span class='ocrx_word' id='word_1_366' title='bbox 1299 2583 1406 2614; x_wconf 84' lang='lat' dir='ltr'>deerat</span> <span class='ocrx_word' id='word_1_367' title='bbox 1426 2593 1521 2613; x_wconf 83' lang='lat' dir='ltr'>causa</span> <span class='ocrx_word' id='word_1_368' title='bbox 1542 2582 1628 2617; x_wconf 85' lang='lat' dir='ltr'>belli,</span> <span class='ocrx_word' id='word_1_369' title='bbox 1643 2582 1717 2624; x_wconf 88' lang='lat' dir='ltr'>quia</span> <span class='ocrx_word' id='word_1_370' title='bbox 1740 2582 1792 2613; x_wconf 88' lang='lat' dir='ltr'>Li-</span> 
     </span>
     <span class='ocr_line' id='line_1_61' title="bbox 1105 2625 1791 2667; baseline -0.001 -11"><span class='ocrx_word' id='word_1_371' title='bbox 1105 2638 1194 2667; x_wconf 75' lang='lat' dir='ltr'>gures</span> <span class='ocrx_word' id='word_1_372' title='bbox 1232 2636 1350 2667; x_wconf 85' lang='lat' dir='ltr'>semper</span> <span class='ocrx_word' id='word_1_373' title='bbox 1378 2625 1495 2655; x_wconf 74' lang='lat' dir='ltr'>vicinos</span> <span class='ocrx_word' id='word_1_374' title='bbox 1532 2635 1622 2666; x_wconf 80' lang='lat' dir='ltr'>agros</span> <span class='ocrx_word' id='word_1_375' title='bbox 1654 2625 1791 2656; x_wconf 84' lang='lat' dir='ltr'>incursa-</span> 
     </span>
     <span class='ocr_line' id='line_1_62' title="bbox 1106 2668 1791 2709; baseline 0 -10"><span class='ocrx_word' id='word_1_376' title='bbox 1106 2670 1198 2699; x_wconf 82' lang='lat' dir='ltr'>bant:</span> <span class='ocrx_word' id='word_1_377' title='bbox 1231 2679 1389 2708; x_wconf 76' lang='lat' dir='ltr'>nunquam</span> <span class='ocrx_word' id='word_1_378' title='bbox 1415 2668 1520 2699; x_wconf 77' lang='lat' dir='ltr'>deerat</span> <span class='ocrx_word' id='word_1_379' title='bbox 1549 2668 1689 2703; x_wconf 80' lang='lat' dir='ltr'>materia,</span> <span class='ocrx_word' id='word_1_380' title='bbox 1718 2668 1791 2709; x_wconf 83' lang='lat' dir='ltr'>quia</span> 
     </span>
     <span class='ocr_line' id='line_1_63' title="bbox 1106 2710 1790 2752; baseline 0 -12"><span class='ocrx_word' id='word_1_381' title='bbox 1106 2722 1165 2742; x_wconf 83' lang='lat' dir='ltr'>non</span> <span class='ocrx_word' id='word_1_382' title='bbox 1188 2722 1257 2742; x_wconf 83' lang='lat' dir='ltr'>cum</span> <span class='ocrx_word' id='word_1_383' title='bbox 1282 2711 1318 2741; x_wconf 78' lang='lat' dir='ltr'>iis</span> <span class='ocrx_word' id='word_1_384' title='bbox 1341 2711 1385 2741; x_wconf 76' lang='lat' dir='ltr'>ita</span> <span class='ocrx_word' id='word_1_385' title='bbox 1409 2712 1616 2752; x_wconf 70' lang='lat' dir='ltr'>pugnabatur.</span> <span class='ocrx_word' id='word_1_386' title='bbox 1631 2716 1666 2741; x_wconf 76' lang='lat' dir='ltr'>ut</span> <span class='ocrx_word' id='word_1_387' title='bbox 1686 2710 1790 2741; x_wconf 86' lang='lat' dir='ltr'>decer—</span> 
     </span>
     <span class='ocr_line' id='line_1_64' title="bbox 1107 2753 1790 2788; baseline 0.001 -5"><span class='ocrx_word' id='word_1_388' title='bbox 1107 2761 1226 2785; x_wconf 77' lang='lat' dir='ltr'>neretur</span> <span class='ocrx_word' id='word_1_389' title='bbox 1241 2755 1280 2784; x_wconf 79' lang='lat' dir='ltr'>«le</span> <span class='ocrx_word' id='word_1_390' title='bbox 1301 2765 1422 2785; x_wconf 68' lang='lat' dir='ltr'>sumina</span> <span class='ocrx_word' id='word_1_391' title='bbox 1444 2765 1554 2788; x_wconf 71' lang='lat' dir='ltr'>reruni.</span> <span class='ocrx_word' id='word_1_392' title='bbox 1571 2759 1605 2785; x_wconf 84' lang='lat' dir='ltr'>ut</span> <span class='ocrx_word' id='word_1_393' title='bbox 1619 2759 1682 2784; x_wconf 77' lang='lat' dir='ltr'>tota</span> <span class='ocrx_word' id='word_1_394' title='bbox 1705 2753 1790 2784; x_wconf 80' lang='lat' dir='ltr'>natio</span> 
     </span>
    </p>
   </div>
   <div class='ocr_carea' id='block_1_12' title="bbox 1100 2797 1789 2839">
    <p class='ocr_par' dir='ltr' id='par_1_14' title="bbox 1100 2797 1789 2839">
     <span class='ocr_line' id='line_1_65' title="bbox 1100 2797 1789 2839; baseline 0 -12"><span class='ocrx_word' id='word_1_395' title='bbox 1100 2797 1166 2838; x_wconf 81' lang='lat' dir='ltr'>jam</span> <span class='ocrx_word' id='word_1_396' title='bbox 1194 2797 1269 2828; x_wconf 75' lang='lat' dir='ltr'>serre</span> <span class='ocrx_word' id='word_1_397' title='bbox 1296 2797 1406 2839; x_wconf 80' lang='lat' dir='ltr'>jugum</span> <span class='ocrx_word' id='word_1_398' title='bbox 1434 2798 1562 2829; x_wconf 80' lang='lat' dir='ltr'>subacta</span> <span class='ocrx_word' id='word_1_399' title='bbox 1591 2797 1710 2828; x_wconf 80' lang='lat' dir='ltr'>cervice</span> <span class='ocrx_word' id='word_1_400' title='bbox 1738 2806 1789 2827; x_wconf 88' lang='lat' dir='ltr'>co-</span> 
     </span>
    </p>
   </div>
   <div class='ocr_carea' id='block_1_13' title="bbox 1105 2845 1234 2879">
    <p class='ocr_par' dir='ltr' id='par_1_15' title="bbox 1105 2845 1234 2879">
     <span class='ocr_line' id='line_1_66' title="bbox 1105 2845 1234 2879; baseline -0.008 -8"><span class='ocrx_word' id='word_1_401' title='bbox 1105 2845 1234 2879; x_wconf 59' lang='lat' dir='ltr'>geretur.</span> 
     </span>
    </p>
   </div>
  </div>
 </body>
</html>
