1947 3222
526 82 648 120 LIB.
676 82 854 120 XXXII.
900 82 1033 119 CAP.
1064 83 1198 121 XXX.
1506 89 1554 126 77
1593 56 1595 58 Ι

142 189 314 245 pronius
335 191 522 246 Longus.
581 190 760 232 Delectu
781 189 815 214 ²³
828 190 1036 246 rebusque
1056 189 1146 231 aliis
1166 191 1318 232 divinis
1346 191 1550 234 liumanis-
1569 207 1610 238 U,
1623 206 1748 238 C.555.

141 261 240 301 que,
261 263 358 303 quae
387 263 462 304 per
489 247 600 303 ipsos
629 247 791 303 agenda
825 256 957 296 erant,
982 246 1191 303 perfectis,
1213 248 1400 289 consules
1434 250 1556 290 ambo
1569 250 1608 279 Α·
1622 249 1659 281 C·
1677 249 1749 280 197.

142 302 186 343 in
217 304 398 345 Galliam
428 303 616 360 profecti.
678 303 897 345 Cornelius
917 312 1031 345 recta
1064 303 1118 344 ad
1150 304 1350 345 Insubres
1378 306 1460 356 via,
1481 306 1556 362 qui
1569 291 1740 366 ggnspsltxgn

142 368 234 401 tum
268 360 310 402 in
339 361 463 402 armis
492 368 624 410 erant,
658 360 905 402 Cenomanis
940 361 1159 410 adsumtis,
1192 361 1241 410 Q.
1265 361 1481 403 Minucius
1514 363 1602 410 inin
1616 346 1733 409 (ig-auia.

141 416 247 458 laeva
264 418 399 459 Italiae
419 417 472 458 ad
493 417 674 457 inferum
695 433 807 458 mare
828 417 944 458 flexit
965 418 1058 467 iter,
1078 418 1358 473 Genuamque
1373 419 1558 460 exercitu

141 473 339 524 abducto,
361 474 414 515 ab
437 473 666 529 Liguribus
695 490 814 515 orsus
841 483 903 515 est
934 474 1105 515 bellum.
1163 473 1376 530 ²⁴Oppida
1403 473 1436 497 ‘²⁵
1446 475 1560 515 Clas-

141 529 293 571 tidium
313 538 354 571 et
377 530 616 580 Litubium,
638 539 819 587 utraque
841 531 1067 587 Ligurum,
1089 539 1129 572 et
1160 530 1258 572 duae
1287 530 1422 586 gentis
1453 531 1560 587 ejus-

140 586 235 627 dem
256 586 459 638 civitates,
483 587 685 629 Celelates
709 587 1060 643 Cerdiciatesque,
1079 603 1164 629 sese
1185 587 1449 629 dediderunt.
1501 589 1560 629 Et

133 644 224 699 jam
255 645 394 685 omnia
423 645 481 685 cis
513 644 693 694 Padum,
714 653 868 701 praeter
891 645 1110 686 Gallorum
1136 645 1276 694 Boios,
1301 645 1458 686 Ilvates
1489 645 1562 685 Li-

137 715 308 756 gurum,
334 702 412 743 sub
433 701 590 743 ditione
620 710 753 744 erant.
784 701 1023 758 quindecim
1052 701 1224 758 oppida,
1252 701 1472 742 hominum
1502 701 1562 742 vi-

138 756 246 812 ginti
275 757 407 799 millia
440 774 526 800 esse
561 758 822 809 dicebantur,
854 774 951 815 quae
987 774 1029 800 se
1058 757 1317 800 dediderant.
1379 758 1486 799 Inde
1519 758 1563 799 in

139 828 290 869 agrum
313 815 512 856 Boiorum
535 815 716 871 legiones
737 815 873 857 duxit.

198 871 360 913 XXX.
394 872 594 913 Boiorum
628 873 836 914 exercitus
865 872 983 913 haud
1012 873 1072 914 ita
1100 872 1236 913 multo
1266 881 1362 914 ante
1392 872 1564 929 trajece-

139 936 206 970 rat
228 928 408 979 Padum,
424 930 711 985 junxeratque
739 944 780 969 se
803 929 1057 970 Insubribus
1077 937 1119 969 et
1141 929 1413 970 Cenomanis:
1446 929 1565 985 quod

139 984 200 1026 ita
218 994 475 1042 acceperant,
496 985 728 1041 conjunctis
757 985 992 1042 legionibus
1022 985 1210 1027 consules
1235 1000 1323 1026 rem
1355 994 1563 1041 gesturos,

139 1049 190 1083 ut
210 1050 250 1083 et
277 1042 357 1098 ipsi
388 1042 570 1084 conlatas
600 1041 642 1082 in
672 1057 805 1083 unum
825 1042 934 1083 vires
963 1043 1188 1083 firmarent.
1251 1043 1483 1098 Postquam
1504 1043 1564 1083 fa„

140 1113 208 1140 ma
236 1099 402 1150 accidit,
424 1098 603 1140 alterum
638 1099 850 1140 consulem
873 1099 1073 1140 Boiorum
1105 1114 1224 1140 urere
1254 1114 1392 1154 agros,
1414 1098 1564 1141 seditio

138 1154 350 1211 extemplo
383 1164 476 1198 orta
509 1163 583 1197 est.
647 1155 865 1198 Postulare
897 1156 1005 1207 Boii,
1036 1165 1086 1198 ut
1122 1156 1410 1197 laborantibus
1439 1171 1563 1212 opem

138 1211 321 1254 universi
351 1212 521 1255 ferrent.
583 1213 784 1254 Insubres
815 1229 982 1269 negare,
1005 1229 1047 1254 se
1077 1228 1153 1254 sua
1181 1212 1431 1254 deserturos.
1495 1214 1564 1255 Ita

137 1267 282 1310 divisae
302 1270 448 1326 copiae,
471 1269 671 1328 Boiisque
697 1270 739 1311 in
768 1286 917 1326 agrum
945 1286 1070 1311 suum
1091 1269 1317 1311 tutandum
1346 1270 1561 1326 profectis,

140 1325 355 1377 Insubres,
377 1342 472 1368 cum
506 1327 753 1369 Cenomanis
783 1342 908 1384 super
938 1328 1071 1369 amnis
1103 1327 1254 1368 Mincii
1284 1327 1446 1382 ripamc
1467 1342 1563 1368 con-

139 1382 348 1425 sederunt.
409 1384 530 1425 Infra
564 1400 660 1426 eum
699 1384 838 1426 locum
872 1384 1061 1441 quinque
1100 1383 1232 1425 millia
1269 1398 1486 1440 passuum,
1519 1393 1560 1425 et

137 1440 282 1481 consul
314 1441 533 1482 Cornelius
562 1441 697 1483 eidem
731 1441 895 1482 flumini
922 1450 1057 1483 castra
1083 1440 1299 1498 adplicuit.
1335 1440 1432 1482 inde
1466 1440 1562 1482 mit-

138 1496 266 1537 tendo
292 1498 336 1538 in
356 1498 469 1538 vicos
491 1499 825 1539 Cenomanorum
847 1498 1136 1554 Brixiamque,
1158 1498 1275 1553 quod
1304 1505 1432 1553 caput
1462 1512 1561 1552 gen-

138 1552 193 1593 tis
213 1561 317 1603 erat,
339 1562 388 1595 ut
418 1554 516 1596 satis
546 1554 762 1611 comperit,
783 1570 867 1596 non
894 1570 946 1595 ex
977 1554 1226 1596 auctoritate
1257 1553 1465 1595 seniorum
1492 1554 1562 1610 ju-

139 1618 356 1651 ventutem
385 1611 429 1652 in
457 1611 582 1652 armis
603 1627 703 1662 esse,
725 1626 800 1652 nec
830 1611 1002 1667 publico
1031 1610 1201 1652 consilio
1224 1610 1469 1651 Insubrium
1492 1611 1563 1652 de-

137 1666 308 1708 fectioni
342 1666 601 1709 Cenomanos
631 1683 674 1709 se
708 1668 977 1725 adjunxisse3
1020 1668 1167 1708 excitis
1196 1667 1251 1708 ad
1287 1682 1329 1708 se
1360 1667 1560 1724 principi-

138 1723 234 1773 bus,
254 1723 289 1747 ²⁶
303 1724 349 1765 id
360 1723 374 1745 ‘¹
396 1740 518 1780 agere
538 1740 586 1766 ac
606 1725 742 1766 moliri
766 1724 908 1781 coepit,
931 1733 978 1766 ut
1000 1724 1273 1766 desciscerent
1293 1724 1347 1765 ab
1370 1724 1561 1765 Insubri-

137 1779 218 1821 bus
249 1781 492 1831 Cenomani,
523 1790 579 1832 et,
611 1782 738 1838 signis
768 1781 958 1832 sublatis,
984 1790 1059 1823 aut
1089 1781 1234 1822 domos
1262 1780 1463 1831 redirent,
1485 1790 1559 1824 aut

137 1836 194 1878 ad
213 1838 425 1880 Romanos
444 1839 680 1881 transirent.
741 1841 802 1881 Et
830 1839 875 1880 id
895 1838 1068 1895 quidem
1088 1838 1288 1895 inpetrari
1309 1837 1486 1894 nequiit.
1517 1838 1561 1881 in

136 1893 183 1934 id
212 1894 312 1936 data
340 1895 443 1937 fides
472 1896 631 1937 consuli
661 1904 738 1947 est,
760 1905 809 1937 ut
839 1895 882 1937 in
911 1896 997 1937 acie
1022 1903 1094 1937 aut
1117 1894 1392 1951 quiescerent,
1414 1903 1503 1946 aut,
1526 1896 1559 1937 si

137 1966 224 2006 qua
252 1951 377 1993 etiam
410 1952 569 1994 occasio
603 1953 766 2004 fuisset,
797 1952 1047 2010 adjuvarent
1078 1953 1302 1993 Romanos.
1364 1953 1471 1993 Haec
1501 1952 1561 1994 ita

137 2008 376 2050 convenisse
416 2010 616 2051 Insubres
654 2010 930 2066 ignorabant:
975 2010 1144 2051 suberat
1184 2017 1324 2050 tamen
1363 2008 1560 2065 quaedam

138 2064 318 2121 suspicio
352 2066 513 2117 animis,
543 2066 683 2108 labare
713 2067 841 2109 fidem
875 2066 1093 2108 sociorum.
1156 2066 1325 2122 Itaque,
1350 2081 1484 2121 quum
1516 2066 1559 2107 in

542 2184 557 2202 ‘²
570 2182 650 2221 ripas
663 2181 761 2213 Gron.

182 2279 223 2310 23
249 2278 345 2311 Rebus
366 2302 375 2311 .
399 2303 408 2312 .
431 2303 439 2312 .
462 2291 523 2321 qum
545 2292 598 2321 per
619 2282 691 2319 ipsos
712 2282 826 2322 agenda

138 2322 240 2363 erant]
264 2322 315 2354 Sic
330 2324 414 2366 apud
437 2324 512 2354 Sall.
528 2323 561 2354 in
575 2323 666 2355 Bello
681 2324 700 2355 J
703 2323 827 2364 ugurth.

138 2375 168 2396 c.
192 2366 245 2396 41.
274 2367 458 2398 abundantm
487 2378 588 2398 earu-m
622 2377 735 2402 rerum,
764 2376 829 2407 quae

134 2409 233 2448 prima
247 2411 381 2440 mortales
391 2412 517 2442 ducunt.
816 2438 822 2440 -

181 2452 223 2482 24
234 2452 252 2470 *³
264 2452 379 2492 Oppida
403 2476 410 2483 .
426 2476 434 2484 .
450 2476 459 2484 .
480 2452 627 2493 civitates]
656 2452 717 2483 Hic
743 2452 826 2483 clare

138 2492 205 2525 haec
220 2494 282 2526 duo
296 2495 536 2537 distinguuntur.
582 2496 689 2535 Oppidi
702 2495 826 2526 nomine

139 2536 212 2567 urbs
243 2538 309 2569 sola
340 2538 533 2580 intellig-itur.
576 2538 622 2569 At
650 2540 752 2569 civitas
781 2544 828 2569 est

140 2579 270 2611 societas
278 2580 392 2612 civium
404 2582 437 2613 in
448 2592 544 2612 unum
556 2591 666 2623 corpus
680 2581 827 2612 collecto-

139 2631 218 2657 rum,
228 2629 260 2653 et
273 2634 327 2665 pro
340 2627 446 2664 populo
457 2625 596 2660 sumitur,
606 2625 659 2666 qui
673 2635 711 2655 ex
723 2624 828 2655 multis

139 2663 260 2705 oppidis
273 2666 386 2699 vicisve
401 2673 530 2699 constet.

182 2708 225 2738 25
249 2709 425 2741 Clastidium
437 2734 445 2742 .
459 2733 468 2742 .
481 2734 490 2742 .
506 2710 671 2752 Ligurum]
696 2709 784 2740 Infra
796 2720 825 2741 c.

140 2749 193 2780 31.
216 2750 402 2783 Clastidium
422 2753 544 2784 videtur
567 2752 714 2794 assignari
732 2751 825 2783 Boio-

139 2801 208 2822 rum
223 2794 357 2835 regioni:
381 2801 413 2827 et
426 2796 448 2827 1.
460 2796 588 2827 XXIX.
604 2806 633 2826 c.
648 2796 699 2827 11.
713 2795 826 2826 diserte

141 2834 245 2866 Livius
276 2837 450 2869 Clastidium
484 2840 516 2869 in
546 2838 649 2870 Gallia
679 2838 827 2881 appellat.

890 2181 906 2205 d
920 2182 960 2212 ibi
975 2191 1061 2222 agere
1075 2179 1158 2212 Ead.

869 2280 960 2312 Idem
975 2280 1174 2311 confirmatur
1187 2284 1218 2310 et
1240 2290 1278 2311 ex
1294 2279 1407 2322 Polyb.
1422 2278 1445 2309 l.
1460 2278 1508 2310 ΙΙ.
1529 2284 1560 2310 et

870 2335 908 2354 ex
923 2324 1010 2355 Plut.
1024 2323 1056 2354 in
1070 2322 1236 2354 Marcello.
1280 2323 1394 2364 Itaque
1413 2331 1476 2352 non
1492 2322 1559 2353 sine

870 2377 968 2398 causa
981 2365 1138 2397 existimat
1153 2365 1296 2406 Sigonius
1312 2364 1479 2406 legendum
1492 2375 1559 2396 esse

871 2410 1031 2445 Caristum,
1050 2408 1134 2449 quod
1160 2414 1207 2439 est
1232 2408 1382 2450 oppidum
1409 2407 1558 2449 Ligurum

869 2451 902 2483 in
910 2463 982 2493 agro
992 2451 1170 2487 Statiellati‚
1179 2457 1303 2482 auctore
1311 2451 1408 2487 Livio,
1418 2450 1440 2481 l.
1449 2451 1559 2481 XLII.

870 2506 899 2526 c.
914 2496 944 2526 7.
967 2494 1041 2526 Vid.
1063 2500 1095 2525 et
1109 2494 1228 2526 Cellar.
1248 2494 1366 2535 Geogr.
1381 2494 1459 2525 Ant.
1471 2493 1493 2523 l.
1509 2493 1558 2524 ΙΙ.

870 2548 898 2570 c.
913 2539 946 2569 9.

913 2581 956 2611 26
979 2579 1017 2610 Id
1040 2590 1127 2621 agere
1151 2591 1186 2610 ac
1210 2580 1309 2610 moliri
1332 2579 1432 2619 coepz‘t]
1464 2577 1558 2607 Men-

871 2623 945 2654 dose
972 2622 1090 2653 habent
1112 2622 1319 2654 Gronovianae
1345 2621 1494 2653 editiones
1518 2621 1559 2650 ibi

871 2677 967 2708 agere.
1021 2666 1127 2701 Hanc,
1163 2676 1258 2707 quam
1295 2663 1486 2706 reposuimus
1527 2668 1560 2693 et

868 2709 948 2740 ratio
971 2708 1149 2740 Latinitatis
1176 2707 1350 2749 flagitabat,
1373 2705 1558 2747 scripturam

869 2758 970 2783 servat
999 2751 1119 2782 Victor.
1145 2751 1255 2785 codex,
1285 2755 1317 2780 et
1343 2748 1497 2785 Andreas,
1527 2755 1558 2780 et

870 2800 949 2826 teste
983 2794 1133 2829 Hearnio,
1169 2793 1268 2825 omnis
1308 2790 1492 2835 scriptorum
1527 2796 1559 2823 et

869 2838 1022 2870 editorum
1035 2847 1157 2868 manus.
