1947 3222
351 70 426 104 320
872 34 1229 121 T1T1L1V11

349 175 491 218 rinalis
510 191 559 217 eo
588 190 696 217 anno
714 175 991 231 inauguratus
1017 176 1175 230 fuerat)
1200 176 1262 216 M.
1289 174 1557 230 Sempronius
1580 175 1760 216 Tudita-

349 247 444 283 nus,
469 234 538 289 Sp.
563 233 805 274 Postumius
828 233 1023 283 Albinus,
1047 233 1097 273 L.
1122 232 1316 273 Plautius
1339 233 1567 288 Hypsaeus,
1591 232 1642 272 L.
1667 233 1758 272 Bae-

350 289 445 330 bius
466 290 608 330 Dives.

137 355 319 387 U.C.563.
409 346 632 387 XLVIII.
666 347 728 386 M.
762 346 914 386 Fulvio
945 344 1160 385 Nobiliore
1195 353 1236 385 et
1274 346 1348 386 Cn.
1383 345 1545 386 Manlio
1577 345 1759 386 Vulsone

137 398 230 470 ²314}-
248 399 318 470 ¹189·
351 403 604 453 consulibus,
635 403 822 443 Valerius
852 402 1006 442 Antias
1035 409 1181 442 auctor
1210 411 1285 451 est,
1318 418 1525 442 rumorem
1557 402 1760 443 celebrem

140 464 200 514 Cn]
218 451 340 513 ffiffi’i'o
353 460 499 500 Romae
528 460 670 509 fuisse,
692 470 734 500 et
764 474 867 513 pene
897 473 974 513 pro
995 466 1108 498 certo
1127 457 1335 508 habitum,
1356 459 1581 514 recipiendi
1606 459 1761 514 Scipio-

137 526 227 557 Coss.
350 517 414 557 nis
443 516 714 557 adolescentis
744 530 902 563 caussa,
925 514 1134 555 consulem
1167 514 1218 554 L.
1244 515 1491 570 Scipionem,
1513 524 1553 556 et
1585 531 1680 556 cum
1711 531 1760 556 eo

137 592 258 624 Rumor
272 603 324 624 va-
353 574 400 613 P.
423 573 688 621 Africanum,
709 572 753 611 in
774 571 1043 626 conloquium
1074 578 1265 611 evocatos
1295 571 1418 627 regis,
1440 580 1480 613 et
1511 572 1622 628 ipsos
1652 587 1761 612 com-

134 645 192 683 qus
205 635 243 684 de
256 646 328 684 qaps
351 630 574 685 prehensos
604 644 716 676 esse;
749 636 805 678 et,
828 627 1008 668 ducibus
1038 627 1184 683 captis,
1207 628 1424 669 confestim
1444 628 1498 669 ad
1519 637 1653 670 castra
1677 629 1762 670 Ro-

133 679 339 750 {isSSmpmm-
351 701 472 727 mana
492 686 720 726 exercitum
743 684 935 734 ductum,
957 699 1088 739 eaque
1110 693 1365 739 expugnata,
1380 692 1420 725 et
1442 684 1597 725 deletas
1618 701 1760 726 omnes

156 732 201 753 ¹¹⁸
350 742 487 798 copias
519 743 805 782 Romanorum
835 757 933 782 esse.
1007 741 1074 781 Ob
1109 740 1198 781 haec
1232 740 1398 781 AEtolos
1433 741 1646 782 sustulisse
1676 743 1762 783 ani-

348 814 451 849 mos,
488 809 530 840 et
564 799 758 840 abnuisse
793 798 998 853 imperata
1030 797 1180 847 facere,
1213 797 1505 853 principesque
1540 813 1684 839 eorum
1718 799 1762 840 in

348 855 656 905 Macedoniam,
692 864 734 896 et
763 855 807 895 in
837 855 1072 904 Dardanos,
1105 862 1146 895 et
1176 853 1219 894 in
1251 854 1491 904 Thraciam,
1524 854 1578 894 ad
1607 855 1763 895 condu-

346 912 476 953 cenda
497 913 685 965 mercede
705 912 862 954 auxilia
890 912 1110 967 profectos.
1173 912 1280 951 Haec
1301 911 1373 966 qui
1402 910 1646 952 nunciarent
1678 912 1764 952 Ro-

346 984 472 1020 mam,
499 971 554 1010 A.
589 966 838 1011 Terentium
869 969 1097 1009 Varronem
1128 976 1169 1009 et
1202 969 1265 1008 M.
1290 967 1516 1008 Claudium
1547 968 1761 1024 Lepidum

347 1026 401 1066 ad
423 1028 478 1066 A.
496 1026 689 1067 Cornelio
709 1034 966 1082 propraetore
987 1041 1038 1066 ex
1058 1024 1221 1065 AEtolia
1241 1024 1386 1065 missos
1403 1040 1503 1066 esse.
1566 1025 1762 1066 Subtexit

347 1082 497 1124 deinde
527 1083 683 1124 fabulae
713 1083 825 1133 huic,
854 1083 1012 1137 legatos
1043 1081 1212 1123 AEtolos
1241 1081 1283 1121 in
1315 1089 1460 1123 senatu
1491 1081 1598 1122 inter
1628 1091 1765 1123 cetera

347 1139 427 1180 hoc
448 1155 618 1196 quoque
647 1139 924 1195 interrogatos
952 1153 1063 1186 esse3
1097 1138 1208 1179 unde
1233 1137 1460 1187 audissent,
1491 1138 1764 1194 imperatores

350 1197 562 1237 Romanos
596 1197 638 1237 in
674 1196 780 1236 Asia
814 1203 956 1251 captos
985 1195 1038 1236 ab
1070 1195 1282 1236 Antiocho
1312 1210 1423 1250 rege,
1460 1202 1501 1236 et
1532 1195 1762 1236 exercitum

348 1252 533 1294 deletum
565 1256 680 1293 esse?
723 1252 891 1294 AEtolos
920 1251 1195 1308 respondisse,
1227 1251 1279 1292 ab
1312 1252 1397 1291 suis
1427 1251 1574 1306 legatis
1605 1267 1661 1301 se,
1688 1267 1761 1307 qul

349 1325 445 1352 cum
475 1309 641 1351 consule
671 1309 843 1359 fuerint,
866 1309 1058 1350 certiores
1089 1309 1232 1349 factos.
1294 1308 1493 1349 Rumoris
1514 1308 1641 1364 hujus
1663 1309 1764 1364 quia

349 1368 555 1408 neminem
585 1366 714 1407 alium
744 1375 955 1408 auctorem
985 1366 1133 1415 habeo,
1158 1380 1295 1420 neque
1325 1364 1544 1406 adfirmata
1573 1380 1638 1405 res
1672 1381 1764 1406 mea

350 1423 542 1480 opinione
564 1424 631 1473 sit,
653 1439 728 1464 nec
747 1439 825 1479 pro
847 1437 953 1463 vana
972 1421 1264 1478 praetermissa.

138 1488 247 1530 Legati
261 1489 320 1519 {3
410 1481 592 1521 XLIX.
625 1479 758 1522 AEtoli
799 1480 926 1536 legati
960 1479 1003 1520 in
1039 1487 1229 1520 senatum
1268 1477 1512 1528 introducti,
1549 1494 1681 1534 quum
1721 1487 1762 1520 et

138 1532 268 1605 {uhtu-um
283 1542 330 1563 ¹¹²·
351 1553 495 1579 caussa
515 1553 583 1578 eos
605 1553 680 1578 sua
700 1545 740 1578 et
767 1537 938 1578 fortuna
957 1536 1212 1586 hortaretur,
1234 1544 1281 1576 ut
1304 1535 1539 1576 confitendo
1574 1550 1645 1576 seu
1678 1551 1765 1576 suoe

138 1584 312 1650 (Ξξηῗεξῗεθ
351 1595 486 1651 culpae
508 1610 578 1636 seu
602 1595 729 1635 errori
750 1593 913 1634 veniam
934 1601 1123 1648 peterent
1151 1592 1376 1648 supplices;
1410 1592 1492 1632 orsi
1513 1608 1537 1632 a
1556 1592 1767 1633 beneficiis

350 1652 393 1692 in
433 1651 639 1707 populum
683 1651 935 1700 Romanum,
977 1658 1018 1690 et
1089 1664 1187 1704 rope
1228 1650 1528 1704 exprobrantes
1563 1649 1763 1690 virtutem

352 1723 469 1750 suam
499 1708 541 1749 in
573 1707 760 1764 Philippi
783 1707 908 1756 bello,
931 1714 970 1747 et
1001 1707 1055 1747 ob
1077 1706 1280 1747 enderunt
1303 1720 1423 1746 aures
1444 1704 1663 1746 insolentia
1683 1721 1765 1746 ser-

351 1765 509 1813 monis3
542 1773 582 1806 et
614 1780 676 1814 eo,
707 1773 849 1806 vetera
877 1771 918 1804 et
948 1762 1168 1803 obliterata
1198 1761 1437 1817 repetendo,
1460 1776 1546 1802 rem
1578 1761 1765 1803 adduxe-

351 1829 466 1871 runt,
488 1829 536 1862 ut
557 1821 672 1862 haud
691 1821 834 1877 paullo
854 1819 1041 1876 plurium
1062 1818 1358 1859 maleficiorum
1379 1818 1529 1874 gentis,
1547 1833 1674 1873 quam
1694 1819 1764 1859 be-

351 1878 609 1929 neficiorum,
631 1877 828 1918 memoria
849 1876 1006 1917 subiret
1037 1875 1193 1916 animos
1222 1876 1413 1924 Patrum,
1435 1883 1491 1925 et,
1513 1875 1668 1930 quibus
1690 1875 1765 1916 mi-

353 1935 575 1976 sericordia
593 1950 700 1990 opus
730 1942 833 1984 erat,
855 1933 959 1974 iram
989 1940 1030 1974 et
1060 1932 1204 1973 odium
1225 1931 1447 1973 irritarent.
1510 1931 1764 1987 Interrogati

353 1992 406 2033 ab
437 2007 521 2033 uno
551 1999 752 2041 senatore,
770 1991 1103 2044 permitterentne
1132 1989 1346 2029 arbitrium
1368 1990 1417 2028 de
1437 2003 1478 2029 se
1499 1990 1654 2042 populo
1679 1989 1765 2030 Ro-

354 2052 501 2089 mano?
543 2048 693 2089 deinde
728 2048 781 2089 ab
816 2047 960 2096 altero,
996 2046 1229 2087 habiturine
1263 2046 1426 2094 eosdem,
1466 2060 1561 2099 quos
1589 2047 1764 2098 populus

354 2107 577 2155 Romanus,
599 2107 722 2146 socios
743 2111 780 2145 et
807 2106 935 2145 hostes
964 2107 1118 2145 essent?
1159 2102 1264 2144 nihil
1293 2102 1347 2143 ad
1377 2118 1426 2143 ea
1453 2102 1763 2158 respondentes,

355 2162 497 2218 egredi
528 2162 683 2218 templo
712 2162 819 2218 jussi
851 2169 959 2203 sunt.
1023 2160 1337 2202 Conclamatum
1372 2159 1522 2200 deinde
1551 2174 1680 2215 prope
1710 2159 1764 2200 ab

355 2220 548 2260 universo
569 2226 714 2260 senatu
738 2226 821 2269 est,
850 2219 970 2259 Totos
989 2219 1119 2258 adhuc
1140 2217 1333 2258 Antiochi
1353 2217 1515 2257 AEtolos
1536 2230 1629 2265 esse,
1650 2222 1688 2255 et
1717 2230 1767 2255 ear

354 2279 474 2317 unica
496 2291 543 2316 ea
564 2291 633 2329 spe
646 2277 825 2328 pendere
845 2277 999 2316 animos
1019 2289 1164 2315 eorum.
1224 2275 1371 2328 Itaque
1391 2273 1532 2313 bellum
1552 2286 1636 2313 cum
1656 2272 1768 2313 baud

355 2333 487 2374 dubiis
506 2333 680 2374 hostibus
695 2333 925 2387 gerendum,
944 2332 1314 2385 perdomandosque
1319 2333 1482 2385 seroces
1502 2330 1654 2370 animos
1671 2344 1762 2370 esse.

356 2391 500 2432 Etiam
521 2390 592 2430 illa
620 2405 685 2431 res
714 2389 916 2439 accendit,
939 2388 1054 2445 quod
1083 2404 1132 2429 eo
1159 2388 1248 2444 ipso
1278 2395 1360 2428 tem
1393 2402 1477 2436 ore,
1505 2401 1591 2441 quo
1621 2400 1765 2441 pacem

355 2447 409 2489 ab
446 2447 643 2487 Romanis
675 2446 887 2502 petebant,
923 2445 1116 2501 Dolopiae
1151 2453 1278 2500 atque
1311 2445 1371 2485 At
1387 2442 1577 2484 iamaniae
1607 2442 1765 2484 bellum

356 2503 599 2545 inserebant.
664 2502 1076 2544 senatusconsultum
1097 2502 1139 2542 in
1162 2502 1236 2542 Μ’.
1262 2500 1385 2542 Acilii
1407 2498 1666 2550 sententiam,
1688 2499 1763 2555 qui

357 2560 616 2602 Antiochum
636 2558 884 2614 AEtolosque
897 2559 1119 2607 devicerat,
1134 2558 1290 2598 factum
1312 2565 1387 2603 est,
1414 2556 1467 2597 Ut
1484 2556 1622 2596 AEtoli
1637 2570 1681 2597 eo
1696 2557 1764 2597 die

342 2617 584 2671 juberentur
605 2617 812 2670 proficisci
841 2616 892 2656 ab
921 2616 1028 2664 urbe,
1051 2621 1089 2655 et
1119 2615 1230 2654 intra
1261 2614 1630 2668 quintumdecimum
1660 2614 1766 2654 diem

361 2773 428 2805 Res
450 2773 573 2805 minime
596 2772 691 2804 dubia
713 2778 770 2809 est,
785 2782 823 2803 ex
837 2783 928 2815 capp.
944 2774 995 2803 50.
1012 2778 1042 2803 et
1086 2772 1156 2803 huie
1175 2772 1308 2803 membro
1321 2775 1546 2813 praeponeretur
1562 2769 1619 2800 hic.

359 2817 412 2848 51.
437 2816 522 2847 infra.
569 2817 628 2847 Sed
652 2816 760 2847 clarior
783 2816 880 2846 oratio
907 2815 992 2849 foret,
1018 2815 1042 2844 si

1939 3123 1947 3222 —r—-—
1942 3062 1945 3110 —v
1942 3006 1944 3012 -
