1947 3222
223 246 258 278 C.
272 248 290 278 5

223 288 262 321 C.
276 291 313 320 19

169 589 333 628 Quinctius

168 633 343 673 adgreditur

168 675 358 719 Philippum.

165 1150 194 1180 A
205 1154 288 1190 tergo
298 1148 363 1179 Ro-

165 1203 247 1222 mam
260 1202 357 1232 regms

164 1234 314 1266 invadunt
323 1241 355 1266 et

163 1277 280 1320 sugant.

163 2063 232 2093 Rex
246 2062 276 2093 in

160 2105 353 2137 Thessaliam

163 2149 252 2190 sugit.

162 2291 306 2334 Sequitur

160 2336 276 2367 consul.

381 133 429 167 58
885 130 1258 188 ¹T1T11,1vu

315 247 345 278 4.
377 250 565 293 pugnam
593 245 772 294 coeptam
793 237 826 264 ‘¹¹
837 238 1030 281 arbitrari
1059 248 1209 297 posset.
1271 241 1405 282 Nocte
1432 239 1583 285 itinera
1605 239 1694 282 fieri
1717 240 1787 297 ju-

315 290 344 321 8.
376 295 473 344 bet,
487 293 548 346 (et
561 309 726 351 pernox
755 295 864 337 forte
893 296 994 337 luna
1013 299 1120 352 erat)
1143 297 1327 339 interdiu
1351 296 1433 338 cibi
1462 296 1700 353 quietisque
1719 312 1788 340 su-

376 358 507 393 meret
545 359 723 407 tempus.
752 351 917 395 ducem
956 353 1169 408 promissis
1206 353 1446 409 ingentibus
1485 361 1717 404 oneratum,
1752 353 1787 395 si

377 407 479 449 fides
518 416 668 458 exstet,
704 409 892 451 vinctum
932 416 1070 449 tamen
1111 409 1280 451 tribuno
1319 410 1448 452 tradit
1461 411 1480 451 ‘.
1542 409 1624 451 His
1658 409 1788 466 copiis

376 464 438 527 ita
456 464 650 515 dimissis,
671 479 720 506 eo
739 465 941 509 intentius
962 464 993 488 ⁴⁵
1001 466 1218 509 Romanus
1237 466 1425 523 undique
1444 467 1570 509 instat
1592 467 1685 523 capi
1706 474 1788 509 sta„

379 531 522 563 tiones.

436 578 550 618 XII.
585 578 761 620 Interim
781 577 848 619 die
868 578 992 620 tertio
1021 593 1153 634 quum
1183 579 1397 630 verticem,
1418 595 1543 636 quem
1563 579 1785 636 petierant,

378 634 560 676 Romani
589 635 744 691 cepisse
764 649 812 676 ac
837 643 976 676 tenere
1006 651 1048 676 se
1077 635 1195 677 fumo
1225 635 1528 692 significarent;
1561 645 1652 678 tum
1673 651 1788 688 vero,

377 690 581 732 trifariam
610 691 753 733 divisis
782 691 926 748 copiis,
946 692 1091 733 consul
1110 692 1217 733 valle
1237 693 1375 734 media
1403 709 1497 735 cum
1517 693 1698 736 militum
1722 709 1789 734 ro-

375 747 476 789 bore
506 748 708 790 succedit:
741 763 898 790 cornua
917 748 1067 790 dextra
1094 748 1283 804 laevaque
1309 749 1504 792 admovet
1523 750 1680 792 castris.
1711 765 1787 792 nec

377 805 544 859 segnius
577 804 718 847 hostes
746 805 913 847 obviam
943 812 1068 846 eunt:
1101 812 1158 856 et,
1186 804 1304 855 dum,
1329 806 1529 849 aviditate
1557 805 1792 848 certaminis

375 861 577 916 provecti,
594 869 714 904 extra
733 862 983 904 munitiones
1003 869 1209 918 pugnant,
1225 862 1341 903 haud
1356 862 1499 918 paullo
1519 862 1706 919 superior
1726 871 1790 905 est

377 919 594 960 Romanus
621 919 754 969 miles,
776 927 818 960 et
841 919 1013 968 virtute,
1036 926 1078 960 et
1108 918 1292 969 scientia,
1313 926 1354 960 et
1384 934 1595 960 armorum
1623 934 1786 975 genere.

378 976 625 1031 Postquam,
646 975 791 1017 multis
811 975 1039 1017 vulneratis
1062 974 1390 1031 interfectisque,
1412 990 1601 1032 recepere
1623 991 1664 1016 se
1684 977 1789 1031 regii

378 1031 419 1073 in
440 1032 543 1082 loca,
565 1040 638 1073 aut
659 1032 932 1083 munimento,
954 1040 1028 1074 aut
1049 1040 1201 1073 natura
1223 1040 1332 1082 tuta,
1353 1040 1535 1074 verterat
1555 1032 1790 1088 periculum

376 1088 420 1129 in
441 1089 667 1138 Romanos,
690 1097 844 1130 temere
864 1089 907 1131 in
928 1089 1018 1130 loca
1043 1088 1201 1144 iniqua,
1222 1103 1296 1130 nec
1319 1088 1462 1130 faciles
1491 1089 1545 1130 ad
1574 1097 1790 1146 receptum

376 1145 590 1201 angustias
619 1161 869 1202 progressos.
905 1160 1040 1201 neque
1069 1145 1264 1202 inpunita
1292 1145 1525 1188 temeritate
1554 1145 1651 1187 inde
1680 1161 1790 1186 rece-

375 1202 530 1258 pissent
552 1218 652 1253 sese,
674 1204 717 1245 ni
737 1203 892 1244 clamor
920 1203 1104 1259 primum
1125 1202 1178 1243 ab
1203 1210 1321 1258 tergo
1350 1202 1536 1251 auditus,
1558 1202 1653 1244 dein
1682 1217 1791 1258 pug-

374 1275 429 1300 na
457 1259 581 1300 etiam
611 1268 770 1315 coepta,
801 1268 984 1301 amentes
1013 1258 1229 1315 repentino
1263 1267 1419 1300 terrore
1448 1259 1584 1315 regios
1612 1259 1789 1300 fecisset.

376 1317 480 1357 Pars
500 1316 542 1357 in
563 1317 708 1373 fugam
739 1317 859 1358 effusi
889 1324 1009 1358 sunt:
1043 1315 1075 1340 ‘¹⁶
1087 1330 1183 1371 pars
1207 1316 1507 1372 mag-is„quia⁰
1529 1315 1645 1357 locus
1673 1315 1789 1371 fugae

375 1373 532 1424 deerat,
555 1389 682 1429 quam
704 1373 819 1429 quod
839 1373 965 1415 animi
991 1373 1090 1414 satis
1113 1380 1219 1414 esset
1238 1373 1293 1413 ad
1313 1387 1514 1429 pugnam,
1536 1387 1670 1428 quum
1691 1372 1790 1414 sub-

375 1430 590 1480 stitissent,
607 1431 660 1472 ab
680 1431 812 1478 hoste,
835 1439 876 1472 et
897 1446 922 1471 a
941 1430 1078 1471 fronte
1098 1437 1140 1470 et
1160 1430 1212 1470 ab
1234 1438 1352 1485 tergo
1372 1437 1594 1486 urguente,
1611 1428 1788 1470 circum-

375 1486 489 1528 venti
519 1495 628 1528 sunt.
691 1486 833 1527 Deleri
864 1494 980 1528 totus
999 1485 1206 1527 exercitus
1235 1486 1390 1542 potuit,
1413 1487 1446 1527 si
1466 1486 1675 1541 fugientes
1695 1500 1789 1542 per-

376 1543 507 1585 secuti
538 1543 716 1585 victores
751 1551 908 1585 essent:
954 1542 1027 1584 sed
1059 1540 1243 1597 equitem
1279 1542 1483 1598 angustiae
1517 1543 1789 1597 locorumque

373 1600 588 1656 asperitas,
610 1600 793 1656 peditem
820 1614 1031 1642 armorum
1060 1599 1259 1654 gravitas,
1280 1598 1468 1655 inpediit.
1529 1599 1624 1640 Rex
1653 1598 1790 1655 primo

375 1657 505 1698 effuse
532 1672 578 1698 ac
600 1657 726 1698 ‘²⁷sine
757 1664 949 1712 respectu
979 1656 1115 1711 fugit:
1149 1655 1260 1706 dein,
1283 1655 1471 1711 quinque
1490 1655 1668 1698 millium
1699 1669 1792 1711 spast-

376 1713 481 1754 tium
504 1728 764 1770 progressus,
787 1728 920 1768 quum
941 1727 992 1753 ex
1014 1711 1236 1768 iniquitate
1259 1712 1461 1763 locorum,
1483 1713 1528 1754 id
1548 1711 1664 1768 quod
1684 1719 1788 1762 erat,

376 1771 610 1826 suspicatus
645 1778 766 1819 esset,
798 1769 916 1825 sequi
948 1783 1031 1810 non
1065 1784 1184 1824 posse
1219 1768 1396 1817 hostem,
1430 1768 1617 1811 substitit
1648 1768 1691 1808 in
1724 1776 1792 1809 tu-

373 1827 489 1868 mulo
519 1827 718 1883 quodam,
752 1826 994 1882 dimisitque
1027 1841 1123 1867 suos
1151 1840 1226 1881 per
1255 1825 1393 1866 omnia
1421 1826 1529 1882 juga
1561 1824 1789 1881 vallesque,

374 1884 449 1938 qui
470 1884 631 1939 palatos
652 1884 694 1925 in
717 1898 847 1925 unum
868 1882 1134 1939 conligerent.
1186 1882 1282 1924 Non
1302 1882 1398 1938 plus
1418 1882 1585 1924 duobus
1604 1881 1791 1923 millibus

373 1940 591 1982 hominum
631 1940 804 1991 amissis,
840 1948 976 1982 cetera
1014 1939 1148 1981 omnis
1181 1938 1427 1989 multitudo,
1463 1939 1581 1981 velut
1621 1938 1789 1993 signum

374 1996 546 2053 aliquod
581 2006 736 2047 secuta,
767 1997 810 2039 in
839 2012 971 2038 unum
1006 2010 1140 2052 quum
1171 1996 1443 2047 convenisset,
1479 1994 1688 2053 frequenti
1718 2009 1790 2051 ag-

374 2054 483 2095 mine
513 2063 663 2110 petunt
687 2054 961 2096 Thessaliam.
1020 2052 1215 2103 Romani,
1237 2052 1377 2109 quoad
1407 2061 1550 2096 tutum
1580 2051 1664 2094 fuit
1684 2051 1790 2093 inse-

374 2110 476 2162 cuti,
499 2112 705 2153 caedentes
735 2111 1044 2168 spoliantesque
1074 2125 1216 2160 caesos,
1238 2117 1372 2151 castra
1401 2111 1531 2167 regia,
1553 2109 1679 2153 etiam
1706 2109 1793 2150 sine

374 2166 663 2210 defensoribus
683 2168 841 2210 difficili
866 2167 1000 2218 aditu,
1022 2166 1251 2223 diripiunt:
1284 2175 1412 2222 atque
1434 2184 1483 2210 ea
1502 2175 1622 2209 nocte
1641 2165 1685 2206 in
1706 2164 1791 2206 suis

374 2232 518 2265 castms
540 2233 794 2267 manserunt.

433 2282 574 2322 XIII.
599 2283 773 2323 Postero
789 2282 855 2323 die
874 2281 1020 2323 consul
1041 2296 1115 2338 per
1136 2280 1246 2337 ipsas
1266 2278 1494 2336 angustiaS,
1512 2291 1598 2333 qua
1617 2294 1659 2320 se
1679 2279 1790 2321 inter

374 2338 500 2380 valles
521 2338 675 2380 flumen
696 2339 894 2389 insinuat,
915 2339 1078 2380 hostem
1105 2338 1306 2394 sequitur.
1370 2338 1463 2377 Rex
1490 2335 1626 2390 primo
1647 2336 1714 2377 die
1734 2335 1789 2376 ad

377 2395 524 2437 Castra
558 2396 712 2451 Pyrrhi
746 2395 947 2452 pervenit.
983 2394 1016 2420 ‘¹⁸
1029 2395 1159 2445 locus,
1195 2409 1323 2450 quem
1352 2393 1415 2435 ita
1448 2400 1613 2443 vocant,
1649 2400 1711 2434 est
1746 2391 1790 2433 in

637 2496 646 2516 t
665 2496 787 2525 tradidit
804 2495 902 2526 Gron.
913 2494 1003 2526 Crev.
1131 2496 1147 2514 ¹¹
1156 2503 1227 2533 pars
1239 2494 1308 2533 qnia
1323 2493 1414 2534 magis
1428 2491 1526 2522 Gron.

418 2590 457 2619 44
482 2590 630 2619 Arbitruri
658 2589 760 2629 posset]
792 2587 948 2619 Tribunus
977 2587 1058 2618 mili—
1102 2591 1169 2616 tur:
1213 2585 1285 2615 Pars
1306 2586 1378 2624 quia
1400 2584 1502 2625 magis.
1555 2583 1631 2614 Haec
1655 2582 1790 2614 levicula

376 2638 452 2667 tum,
469 2632 521 2673 qui
538 2631 591 2663 toti
607 2632 728 2672 negotio
744 2637 882 2673 praeerat.
1102 2634 1206 2660 tamen
1233 2625 1408 2659 emendatio
1436 2626 1542 2656 nititur
1570 2631 1690 2656 tantum
1713 2637 1788 2658 con-

419 2677 459 2706 45
485 2675 631 2705 Romanus
652 2668 780 2715 undique
804 2675 892 2703 instat
914 2674 979 2711 capi
999 2679 1058 2703 sca·
1098 2671 1221 2713 jectum.
1235 2670 1352 2701 Mureti
1368 2674 1400 2700 et
1415 2668 1574 2700 Gronovii.

377 2718 480 2758 tiones]
505 2717 622 2749 Consul
640 2717 723 2748 acuit
746 2717 858 2747 milites
882 2715 921 2746 ad
941 2715 1059 2757 pellen-
1146 2714 1293 2743 47¹¹Sine
1320 2712 1464 2752 respectu]
1504 2712 1667 2753 Nusquam
1692 2712 1787 2754 respi-

377 2760 432 2790 dos
446 2761 583 2802 undique
599 2762 701 2792 hostes
715 2771 732 2791 e
746 2759 939 2790 stationibus.
1103 2756 1198 2791 ciens,
1216 2766 1272 2786 nec
1288 2762 1366 2786 retro
1380 2755 1504 2786 flectens
1519 2760 1623 2796 caput.

420 2804 461 2832 46
498 2805 572 2834 Pars
608 2806 708 2846 magis,
742 2803 827 2844 qnia]
873 2800 933 2832 llic
972 2809 1059 2830 verus
1146 2799 1185 2829 48
1226 2799 1315 2829 Locus
1349 2810 1432 2839 quem
1461 2799 1501 2827 ita
1539 2804 1651 2833 vocant,
1680 2805 1719 2829 est
1756 2799 1787 2842 in

377 2845 450 2875 ordo
489 2853 534 2876 cst
574 2848 681 2878 harum
722 2845 950 2889 particularum,
989 2853 1058 2883 quae
1105 2842 1274 2889 Triphylia]
1310 2842 1402 2888 uaec'
1418 2840 1565 2872 mendosa
1593 2846 1675 2872 sunt.
1717 2840 1784 2870 Tn-

378 2888 468 2927 vulgo
497 2891 577 2920 male
613 2896 641 2921 ct
679 2895 861 2932 praepostere
890 2887 1058 2928 ‹hsponun-
1103 2885 1209 2927 phyha
1232 2896 1312 2916 emm
1329 2890 1373 2916 est
1397 2895 1427 2915 m
1452 2884 1675 2925 Peloponneso.
1721 2883 1786 2913 Me-
