<?xml version="1.0" encoding="UTF-8"?>
<!DOCTYPE html PUBLIC "-//W3C//DTD XHTML 1.0 Transitional//EN"
    "http://www.w3.org/TR/xhtml1/DTD/xhtml1-transitional.dtd">
<html xmlns="http://www.w3.org/1999/xhtml" xml:lang="en" lang="en">
 <head>
  <title>
</title>
<meta http-equiv="Content-Type" content="text/html;charset=utf-8" />
  <meta name='ocr-system' content='tesseract 3.04.00' />
  <meta name='ocr-capabilities' content='ocr_page ocr_carea ocr_par ocr_line ocrx_word'/>
</head>
<body>
  <div class='ocr_page' id='page_1' title='image "./historiarumaburb03livyuoft_0127.png"; bbox 0 0 1947 3222; ppageno 0'>
   <div class='ocr_carea' id='block_1_1' title="bbox 490 130 1561 178">
    <p class='ocr_par' dir='ltr' id='par_1_1' title="bbox 490 130 1561 178">
     <span class='ocr_line' id='line_1_1' title="bbox 490 130 1561 178; baseline -0.007 -6"><span class='ocrx_word' id='word_1_1' title='bbox 490 135 610 172; x_wconf 91' lang='lat' dir='ltr'>LIB.</span> <span class='ocrx_word' id='word_1_2' title='bbox 639 131 838 170; x_wconf 85' lang='lat' dir='ltr'><strong>XXXIII.</strong></span> <span class='ocrx_word' id='word_1_3' title='bbox 884 131 1017 168; x_wconf 87' lang='lat' dir='ltr'>CAP.</span> <span class='ocrx_word' id='word_1_4' title='bbox 1049 132 1225 170; x_wconf 80' lang='lat' dir='ltr'>XXXII.</span> <span class='ocrx_word' id='word_1_5' title='bbox 1482 130 1561 178; x_wconf 62' lang='lat' dir='ltr'>&#39;ll-7</span> 
     </span>
    </p>
   </div>
   <div class='ocr_carea' id='block_1_2' title="bbox 129 240 1766 1723">
    <p class='ocr_par' dir='ltr' id='par_1_2' title="bbox 134 240 1766 639">
     <span class='ocr_line' id='line_1_2' title="bbox 141 240 1751 300; baseline -0.002 -14"><span class='ocrx_word' id='word_1_6' title='bbox 141 259 272 300; x_wconf 88' lang='lat' dir='ltr'>quem</span> <span class='ocrx_word' id='word_1_7' title='bbox 292 252 646 299; x_wconf 84' lang='lat' dir='ltr'><strong>transgressurum</strong></span> <span class='ocrx_word' id='word_1_8' title='bbox 668 241 710 282; x_wconf 92' lang='lat' dir='ltr'>in</span> <span class='ocrx_word' id='word_1_9' title='bbox 732 241 963 296; x_wconf 83' lang='lat' dir='ltr'>Europam,</span> <span class='ocrx_word' id='word_1_10' title='bbox 979 254 1111 296; x_wconf 88' lang='lat' dir='ltr'>quum</span> <span class='ocrx_word' id='word_1_11' title='bbox 1133 240 1315 296; x_wconf 84' lang='lat' dir='ltr'>primum</span> <span class='ocrx_word' id='word_1_12' title='bbox 1337 242 1372 282; x_wconf 90' lang='lat' dir='ltr'>ei</span> <span class='ocrx_word' id='word_1_13' title='bbox 1389 257 1452 284; x_wconf 87' lang='lat' dir='ltr'>res</span> <span class='ocrx_word' id='word_1_14' title='bbox 1473 257 1559 285; x_wconf 85' lang='lat' dir='ltr'>suae</span> <span class='ocrx_word' id='word_1_15' title='bbox 1573 252 1609 282; x_wconf 91' lang='lat' dir='ltr'>U.</span> <span class='ocrx_word' id='word_1_16' title='bbox 1623 253 1658 282; x_wconf 90' lang='lat' dir='ltr'>c.</span> <span class='ocrx_word' id='word_1_17' title='bbox 1676 252 1751 283; x_wconf 89' lang='grc'><strong><em>556.</em></strong></span> 
     </span>
     <span class='ocr_line' id='line_1_3' title="bbox 141 294 1750 356; baseline 0.001 -16"><span class='ocrx_word' id='word_1_18' title='bbox 141 301 409 356; x_wconf 84' lang='lat' dir='ltr'><strong>placuissent,</strong></span> <span class='ocrx_word' id='word_1_19' title='bbox 430 315 513 341; x_wconf 91' lang='lat' dir='ltr'>non</span> <span class='ocrx_word' id='word_1_20' title='bbox 533 298 799 340; x_wconf 82' lang='lat' dir='ltr'>dubitabant.</span> <span class='ocrx_word' id='word_1_21' title='bbox 831 298 867 337; x_wconf 91' lang='lat' dir='ltr'>ei</span> <span class='ocrx_word' id='word_1_22' title='bbox 889 305 974 338; x_wconf 89' lang='lat' dir='ltr'>tam</span> <span class='ocrx_word' id='word_1_23' title='bbox 1004 305 1262 352; x_wconf 86' lang='lat' dir='ltr'>opportunas</span> <span class='ocrx_word' id='word_1_24' title='bbox 1283 298 1336 338; x_wconf 90' lang='lat' dir='ltr'>ad</span> <span class='ocrx_word' id='word_1_25' title='bbox 1355 314 1559 355; x_wconf 87' lang='lat' dir='ltr'>occupan-</span> <span class='ocrx_word' id='word_1_26' title='bbox 1571 294 1610 325; x_wconf 85' lang='lat' dir='ltr'>A.</span> <span class='ocrx_word' id='word_1_27' title='bbox 1625 296 1659 326; x_wconf 80' lang='lat' dir='ltr'>C·</span> <span class='ocrx_word' id='word_1_28' title='bbox 1678 295 1750 326; x_wconf 82' lang='lat'>196.</span> 
     </span>
     <span class='ocr_line' id='line_1_4' title="bbox 140 353 1766 414; baseline -0.001 -15"><span class='ocrx_word' id='word_1_29' title='bbox 140 357 246 399; x_wconf 87' lang='lat' dir='ltr'>dum</span> <span class='ocrx_word' id='word_1_30' title='bbox 267 366 407 414; x_wconf 89' lang='lat' dir='ltr'>patere</span> <span class='ocrx_word' id='word_1_31' title='bbox 429 356 553 397; x_wconf 89' lang='lat' dir='ltr'>urbes</span> <span class='ocrx_word' id='word_1_32' title='bbox 572 354 780 396; x_wconf 84' lang='lat' dir='ltr'>nolebant.</span> <span class='ocrx_word' id='word_1_33' title='bbox 822 354 936 395; x_wconf 82' lang='lat' dir='ltr'>⁵9Ab</span> <span class='ocrx_word' id='word_1_34' title='bbox 949 353 1092 394; x_wconf 84' lang='lat' dir='ltr'>Elatia</span> <span class='ocrx_word' id='word_1_35' title='bbox 1107 353 1357 410; x_wconf 86' lang='lat' dir='ltr'>Anticyram</span> <span class='ocrx_word' id='word_1_36' title='bbox 1379 371 1474 396; x_wconf 90' lang='lat' dir='ltr'>cum</span> <span class='ocrx_word' id='word_1_37' title='bbox 1490 356 1559 397; x_wconf 87' lang='lat' dir='ltr'>de·</span> <span class='ocrx_word' id='word_1_38' title='bbox 1571 366 1766 397; x_wconf 85' lang='lat' dir='ltr'>Consultatio</span> 
     </span>
     <span class='ocr_line' id='line_1_5' title="bbox 141 408 1760 470; baseline -0.001 -15"><span class='ocrx_word' id='word_1_39' title='bbox 141 429 232 455; x_wconf 87' lang='lat' dir='ltr'>cem</span> <span class='ocrx_word' id='word_1_40' title='bbox 253 413 413 470; x_wconf 87' lang='lat' dir='ltr'>legatis,</span> <span class='ocrx_word' id='word_1_41' title='bbox 430 412 528 454; x_wconf 87' lang='lat' dir='ltr'>inde</span> <span class='ocrx_word' id='word_1_42' title='bbox 551 411 800 453; x_wconf 79' lang='lat' dir='ltr'>Corinthum</span> <span class='ocrx_word' id='word_1_43' title='bbox 823 412 997 467; x_wconf 84' lang='lat' dir='ltr'>trajecit.</span> <span class='ocrx_word' id='word_1_44' title='bbox 1019 410 1078 451; x_wconf 91' lang='lat' dir='ltr'>ibi</span> <span class='ocrx_word' id='word_1_45' title='bbox 1099 410 1267 452; x_wconf 88' lang='lat' dir='ltr'>consilia</span> <span class='ocrx_word' id='word_1_46' title='bbox 1287 410 1429 452; x_wconf 90' lang='lat' dir='ltr'>decem</span> <span class='ocrx_word' id='word_1_47' title='bbox 1450 412 1559 468; x_wconf 86' lang='lat' dir='ltr'>lega-</span> <span class='ocrx_word' id='word_1_48' title='bbox 1571 408 1609 440; x_wconf 84' lang='lat' dir='ltr'>de</span> <span class='ocrx_word' id='word_1_49' title='bbox 1624 409 1760 462; x_wconf 48' lang='lat' dir='ltr'>literan-</span> 
     </span>
     <span class='ocr_line' id='line_1_6' title="bbox 141 452 1760 518; baseline -0.001 -7"><span class='ocrx_word' id='word_1_50' title='bbox 141 479 279 512; x_wconf 89' lang='lat' dir='ltr'>torum</span> <span class='ocrx_word' id='word_1_51' title='bbox 309 471 610 512; x_wconf 84' lang='lat' dir='ltr'>tractabantur.</span> <span class='ocrx_word' id='word_1_52' title='bbox 673 468 923 510; x_wconf 88' lang='lat' dir='ltr'>Idemtidem</span> <span class='ocrx_word' id='word_1_53' title='bbox 948 467 1183 518; x_wconf 78' lang='lat' dir='ltr'>Quinctius,</span> <span class='ocrx_word' id='word_1_54' title='bbox 1205 468 1458 509; x_wconf 79' lang='lat' dir='ltr'>liberandam</span> <span class='ocrx_word' id='word_1_55' title='bbox 1480 485 1558 510; x_wconf 88' lang='lat' dir='ltr'>om-</span> <span class='ocrx_word' id='word_1_56' title='bbox 1570 452 1610 483; x_wconf 85' lang='lat' dir='ltr'>da</span> <span class='ocrx_word' id='word_1_57' title='bbox 1626 452 1760 484; x_wconf 52' lang='lat' dir='ltr'>omma*</span> 
     </span>
     <span class='ocr_line' id='line_1_7' title="bbox 139 524 1558 580; baseline -0.001 -12"><span class='ocrx_word' id='word_1_58' title='bbox 139 541 225 568; x_wconf 75' lang='lat' dir='ltr'>nem</span> <span class='ocrx_word' id='word_1_59' title='bbox 259 526 478 576; x_wconf 81' lang='lat' dir='ltr'>Graeciam,</span> <span class='ocrx_word' id='word_1_60' title='bbox 507 528 544 567; x_wconf 88' lang='lat' dir='ltr'>si</span> <span class='ocrx_word' id='word_1_61' title='bbox 573 526 804 566; x_wconf 78' lang='lat' dir='ltr'>AEtolorum</span> <span class='ocrx_word' id='word_1_62' title='bbox 835 527 997 580; x_wconf 81' lang='lat' dir='ltr'>linguas</span> <span class='ocrx_word' id='word_1_63' title='bbox 1024 524 1289 576; x_wconf 76' lang='lat' dir='ltr'>⁶⁰retundere,</span> <span class='ocrx_word' id='word_1_64' title='bbox 1320 526 1360 566; x_wconf 82' lang='lat' dir='ltr'>si</span> <span class='ocrx_word' id='word_1_65' title='bbox 1387 524 1558 567; x_wconf 79' lang='lat' dir='ltr'>⁶¹veram</span> 
     </span>
     <span class='ocr_line' id='line_1_8' title="bbox 134 583 1558 639; baseline 0 -15"><span class='ocrx_word' id='word_1_66' title='bbox 134 586 367 633; x_wconf 75' lang='lat' dir='ltr'>caritatem,</span> <span class='ocrx_word' id='word_1_67' title='bbox 385 584 646 639; x_wconf 83' lang='lat' dir='ltr'>majestatem,</span> <span class='ocrx_word' id='word_1_68' title='bbox 663 585 776 636; x_wconf 82' lang='lat' dir='ltr'>apud</span> <span class='ocrx_word' id='word_1_69' title='bbox 794 597 925 624; x_wconf 86' lang='lat' dir='ltr'>omnes</span> <span class='ocrx_word' id='word_1_70' title='bbox 944 583 1118 624; x_wconf 78' lang='lat' dir='ltr'>nominis</span> <span class='ocrx_word' id='word_1_71' title='bbox 1138 583 1323 623; x_wconf 85' lang='lat' dir='ltr'>Romani</span> <span class='ocrx_word' id='word_1_72' title='bbox 1342 584 1488 623; x_wconf 83' lang='lat' dir='ltr'>vellent</span> <span class='ocrx_word' id='word_1_73' title='bbox 1502 598 1558 624; x_wconf 83' lang='lat' dir='ltr'>es-</span> 
     </span>
    </p>

    <p class='ocr_par' dir='ltr' id='par_1_3' title="bbox 133 641 1557 694">
     <span class='ocr_line' id='line_1_9' title="bbox 133 641 1557 694; baseline -0.001 -12"><span class='ocrx_word' id='word_1_74' title='bbox 133 655 198 682; x_wconf 82' lang='lat' dir='ltr'>se:</span> <span class='ocrx_word' id='word_1_75' title='bbox 228 642 266 681; x_wconf 83' lang='lat' dir='ltr'>si</span> <span class='ocrx_word' id='word_1_76' title='bbox 266 642 402 694; x_wconf 74' lang='lat' dir='ltr'>fidem</span> <span class='ocrx_word' id='word_1_77' title='bbox 414 686 420 694; x_wconf 37' lang='lat'>¹</span> <span class='ocrx_word' id='word_1_78' title='bbox 423 642 576 694; x_wconf 82' lang='lat' dir='ltr'>facere,</span> <span class='ocrx_word' id='word_1_79' title='bbox 599 643 656 681; x_wconf 86' lang='lat' dir='ltr'>ad</span> <span class='ocrx_word' id='word_1_80' title='bbox 683 641 936 681; x_wconf 79' lang='lat' dir='ltr'>liberandam</span> <span class='ocrx_word' id='word_1_81' title='bbox 962 641 1176 689; x_wconf 81' lang='lat' dir='ltr'>Graeciam,</span> <span class='ocrx_word' id='word_1_82' title='bbox 1200 654 1279 680; x_wconf 83' lang='lat' dir='ltr'>non</span> <span class='ocrx_word' id='word_1_83' title='bbox 1307 641 1363 680; x_wconf 80' lang='lat' dir='ltr'>acl</span> <span class='ocrx_word' id='word_1_84' title='bbox 1381 642 1557 693; x_wconf 72' lang='lat' dir='ltr'>transfe-</span> 
     </span>
    </p>

    <p class='ocr_par' dir='ltr' id='par_1_4' title="bbox 135 697 1557 752">
     <span class='ocr_line' id='line_1_10' title="bbox 135 697 1557 752; baseline 0 -14"><span class='ocrx_word' id='word_1_85' title='bbox 135 699 306 739; x_wconf 81' lang='lat' dir='ltr'>rendum</span> <span class='ocrx_word' id='word_1_86' title='bbox 325 714 352 740; x_wconf 91' lang='lat' dir='ltr'>a</span> <span class='ocrx_word' id='word_1_87' title='bbox 376 700 575 752; x_wconf 74' lang='lat' dir='ltr'>Philippo</span> <span class='ocrx_word' id='word_1_88' title='bbox 595 700 653 739; x_wconf 81' lang='lat' dir='ltr'>ad</span> <span class='ocrx_word' id='word_1_89' title='bbox 670 713 711 739; x_wconf 88' lang='lat' dir='ltr'>se</span> <span class='ocrx_word' id='word_1_90' title='bbox 730 699 952 751; x_wconf 82' lang='lat' dir='ltr'>imperium,</span> <span class='ocrx_word' id='word_1_91' title='bbox 975 712 1015 739; x_wconf 86' lang='lat' dir='ltr'>se</span> <span class='ocrx_word' id='word_1_92' title='bbox 1036 711 1145 738; x_wconf 78' lang='lat' dir='ltr'>mare</span> <span class='ocrx_word' id='word_1_93' title='bbox 1164 697 1377 752; x_wconf 82' lang='lat' dir='ltr'>trajecisse.</span> <span class='ocrx_word' id='word_1_94' title='bbox 1439 697 1557 739; x_wconf 89' lang='lat' dir='ltr'>Nihil</span> 
     </span>
    </p>

    <p class='ocr_par' dir='ltr' id='par_1_5' title="bbox 132 754 1557 808">
     <span class='ocr_line' id='line_1_11' title="bbox 132 754 1557 808; baseline 0.001 -12"><span class='ocrx_word' id='word_1_95' title='bbox 132 763 281 797; x_wconf 86' lang='lat' dir='ltr'>contra</span> <span class='ocrx_word' id='word_1_96' title='bbox 315 772 363 797; x_wconf 89' lang='lat' dir='ltr'>ea</span> <span class='ocrx_word' id='word_1_97' title='bbox 394 756 446 798; x_wconf 90' lang='lat' dir='ltr'>de</span> <span class='ocrx_word' id='word_1_98' title='bbox 481 756 674 798; x_wconf 86' lang='lat' dir='ltr'>libertate</span> <span class='ocrx_word' id='word_1_99' title='bbox 703 756 872 797; x_wconf 86' lang='lat' dir='ltr'>urbium</span> <span class='ocrx_word' id='word_1_100' title='bbox 904 755 973 796; x_wconf 86' lang='lat' dir='ltr'>alii</span> <span class='ocrx_word' id='word_1_101' title='bbox 1003 754 1209 797; x_wconf 87' lang='lat' dir='ltr'>dicebant.</span> <span class='ocrx_word' id='word_1_102' title='bbox 1242 759 1425 796; x_wconf 89' lang='lat' dir='ltr'>ceteru&#39;m</span> <span class='ocrx_word' id='word_1_103' title='bbox 1457 756 1557 808; x_wconf 80' lang='lat' dir='ltr'>ipsis</span> 
     </span>
    </p>

    <p class='ocr_par' dir='ltr' id='par_1_6' title="bbox 134 813 1553 866">
     <span class='ocr_line' id='line_1_12' title="bbox 134 813 1553 866; baseline 0.001 -14"><span class='ocrx_word' id='word_1_104' title='bbox 134 813 259 854; x_wconf 77' lang='lat' dir='ltr'>tutius</span> <span class='ocrx_word' id='word_1_105' title='bbox 293 828 386 862; x_wconf 88' lang='lat' dir='ltr'>esse,</span> <span class='ocrx_word' id='word_1_106' title='bbox 421 828 582 854; x_wconf 83' lang='lat' dir='ltr'>manere</span> <span class='ocrx_word' id='word_1_107' title='bbox 609 814 840 866; x_wconf 82' lang='lat' dir='ltr'>paullisper</span> <span class='ocrx_word' id='word_1_108' title='bbox 873 813 943 853; x_wconf 80' lang='lat' dir='ltr'>sub</span> <span class='ocrx_word' id='word_1_109' title='bbox 977 813 1104 852; x_wconf 80' lang='lat' dir='ltr'>tutela</span> <span class='ocrx_word' id='word_1_110' title='bbox 1130 813 1326 865; x_wconf 76' lang='lat' dir='ltr'>praesidii</span> <span class='ocrx_word' id='word_1_111' title='bbox 1359 813 1553 862; x_wconf 84' lang='lat' dir='ltr'>Romani,</span> 
     </span>
    </p>

    <p class='ocr_par' dir='ltr' id='par_1_7' title="bbox 131 870 1554 924">
     <span class='ocr_line' id='line_1_13' title="bbox 131 870 1554 924; baseline 0.001 -15"><span class='ocrx_word' id='word_1_112' title='bbox 131 883 252 923; x_wconf 80' lang='lat' dir='ltr'>quam</span> <span class='ocrx_word' id='word_1_113' title='bbox 277 885 360 923; x_wconf 83' lang='lat' dir='ltr'>pro</span> <span class='ocrx_word' id='word_1_114' title='bbox 391 872 593 924; x_wconf 73' lang='lat' dir='ltr'>Philippo</span> <span class='ocrx_word' id='word_1_115' title='bbox 627 870 867 911; x_wconf 70' lang='lat' dir='ltr'>Antiochum</span> <span class='ocrx_word' id='word_1_116' title='bbox 901 871 1099 910; x_wconf 79' lang='lat' dir='ltr'>dominum</span> <span class='ocrx_word' id='word_1_117' title='bbox 1131 871 1275 923; x_wconf 77' lang='lat' dir='ltr'>accipi.</span> <span class='ocrx_word' id='word_1_118' title='bbox 1336 871 1554 912; x_wconf 91' lang='lat' dir='ltr'>Postremo</span> 
     </span>
    </p>

    <p class='ocr_par' dir='ltr' id='par_1_8' title="bbox 130 925 1554 1088">
     <span class='ocr_line' id='line_1_14' title="bbox 130 925 1554 975; baseline 0 -8"><span class='ocrx_word' id='word_1_119' title='bbox 130 926 193 968; x_wconf 86' lang='lat' dir='ltr'>ita</span> <span class='ocrx_word' id='word_1_120' title='bbox 212 927 427 969; x_wconf 84' lang='lat' dir='ltr'>decretum</span> <span class='ocrx_word' id='word_1_121' title='bbox 448 937 533 970; x_wconf 92' lang='lat' dir='ltr'>est:</span> <span class='ocrx_word' id='word_1_122' title='bbox 575 928 792 968; x_wconf 79' lang='lat' dir='ltr'>Corinthus</span> <span class='ocrx_word' id='word_1_123' title='bbox 813 928 1050 967; x_wconf 76' lang='lat' dir='ltr'>redderetur</span> <span class='ocrx_word' id='word_1_124' title='bbox 1069 925 1242 975; x_wconf 67' lang='lat' dir='ltr'>Achaeis,</span> <span class='ocrx_word' id='word_1_125' title='bbox 1275 933 1319 967; x_wconf 78' lang='lat' dir='ltr'>ut</span> <span class='ocrx_word' id='word_1_126' title='bbox 1346 927 1390 967; x_wconf 77' lang='lat' dir='ltr'>in</span> <span class='ocrx_word' id='word_1_127' title='bbox 1423 928 1554 968; x_wconf 90' lang='lat' dir='ltr'>Acro-</span> 
     </span>
     <span class='ocr_line' id='line_1_15' title="bbox 130 983 1554 1038; baseline 0.001 -15"><span class='ocrx_word' id='word_1_128' title='bbox 130 984 316 1025; x_wconf 77' lang='lat' dir='ltr'>corintho</span> <span class='ocrx_word' id='word_1_129' title='bbox 342 991 473 1026; x_wconf 85' lang='lat' dir='ltr'>tamen</span> <span class='ocrx_word' id='word_1_130' title='bbox 497 985 738 1038; x_wconf 65' lang='lat' dir='ltr'>praesidium</span> <span class='ocrx_word' id='word_1_131' title='bbox 768 990 885 1025; x_wconf 78' lang='lat' dir='ltr'>esset:</span> <span class='ocrx_word' id='word_1_132' title='bbox 921 983 1153 1025; x_wconf 74' lang='lat' dir='ltr'>Chalcidem</span> <span class='ocrx_word' id='word_1_133' title='bbox 1183 998 1230 1024; x_wconf 84' lang='lat' dir='ltr'>ac</span> <span class='ocrx_word' id='word_1_134' title='bbox 1252 985 1554 1025; x_wconf 81' lang='lat' dir='ltr'>Demetriadem</span> 
     </span>
     <span class='ocr_line' id='line_1_16' title="bbox 133 1041 1132 1088; baseline -0.002 -6"><span class='ocrx_word' id='word_1_135' title='bbox 133 1042 320 1088; x_wconf 83' lang='lat' dir='ltr'>retineri,</span> <span class='ocrx_word' id='word_1_136' title='bbox 344 1043 468 1083; x_wconf 85' lang='lat' dir='ltr'>donec</span> <span class='ocrx_word' id='word_1_137' title='bbox 487 1056 582 1083; x_wconf 81' lang='lat' dir='ltr'>cura</span> <span class='ocrx_word' id='word_1_138' title='bbox 604 1043 653 1082; x_wconf 82' lang='lat' dir='ltr'>cle</span> <span class='ocrx_word' id='word_1_139' title='bbox 675 1041 876 1082; x_wconf 79' lang='lat' dir='ltr'>Antiocho</span> <span class='ocrx_word' id='word_1_140' title='bbox 896 1042 1132 1082; x_wconf 82' lang='lat' dir='ltr'>decessisset.</span> 
     </span>
    </p>

    <p class='ocr_par' dir='ltr' id='par_1_9' title="bbox 129 1097 1687 1723">
     <span class='ocr_line' id='line_1_17' title="bbox 192 1097 1687 1156; baseline 0.003 -17"><span class='ocrx_word' id='word_1_141' title='bbox 192 1099 408 1139; x_wconf 90' lang='lat' dir='ltr'>XXXII.</span> <span class='ocrx_word' id='word_1_142' title='bbox 442 1098 717 1141; x_wconf 87' lang='lat' dir='ltr'>Isthmiorum</span> <span class='ocrx_word' id='word_1_143' title='bbox 749 1106 906 1140; x_wconf 89' lang='lat' dir='ltr'>statum</span> <span class='ocrx_word' id='word_1_144' title='bbox 940 1098 1151 1139; x_wconf 81' lang='lat' dir='ltr'>ludjcrum</span> <span class='ocrx_word' id='word_1_145' title='bbox 1184 1097 1352 1146; x_wconf 80' lang='lat' dir='ltr'>aderat3</span> <span class='ocrx_word' id='word_1_146' title='bbox 1393 1111 1687 1156; x_wconf 81' lang='lat' dir='ltr'>semperlsthmii</span> 
     </span>
     <span class='ocr_line' id='line_1_18' title="bbox 129 1154 1640 1211; baseline 0.001 -15"><span class='ocrx_word' id='word_1_147' title='bbox 129 1155 303 1211; x_wconf 86' lang='lat' dir='ltr'>quidem</span> <span class='ocrx_word' id='word_1_148' title='bbox 324 1163 366 1196; x_wconf 84' lang='lat' dir='ltr'>et</span> <span class='ocrx_word' id='word_1_149' title='bbox 386 1155 487 1197; x_wconf 86' lang='lat' dir='ltr'>alias</span> <span class='ocrx_word' id='word_1_150' title='bbox 516 1156 727 1211; x_wconf 82' lang='lat' dir='ltr'>frequens,</span> <span class='ocrx_word' id='word_1_151' title='bbox 750 1171 883 1211; x_wconf 87' lang='lat' dir='ltr'>quum</span> <span class='ocrx_word' id='word_1_152' title='bbox 913 1163 1086 1211; x_wconf 88' lang='lat' dir='ltr'>propter</span> <span class='ocrx_word' id='word_1_153' title='bbox 1109 1155 1335 1211; x_wconf 82' lang='lat' dir='ltr'>spectaculi</span> <span class='ocrx_word' id='word_1_154' title='bbox 1365 1154 1640 1198; x_wconf 74' lang='lat' dir='ltr'>studiumludi·</span> 
     </span>
     <span class='ocr_line' id='line_1_19' title="bbox 131 1212 1552 1269; baseline 0.001 -16"><span class='ocrx_word' id='word_1_155' title='bbox 131 1212 305 1254; x_wconf 86' lang='lat' dir='ltr'>insitum</span> <span class='ocrx_word' id='word_1_156' title='bbox 325 1212 456 1268; x_wconf 84' lang='lat' dir='ltr'>genti,</span> <span class='ocrx_word' id='word_1_157' title='bbox 479 1228 564 1269; x_wconf 90' lang='lat' dir='ltr'>quo</span> <span class='ocrx_word' id='word_1_158' title='bbox 594 1212 820 1254; x_wconf 84' lang='lat' dir='ltr'>certamina</span> <span class='ocrx_word' id='word_1_159' title='bbox 845 1213 978 1253; x_wconf 90' lang='lat' dir='ltr'>omnis</span> <span class='ocrx_word' id='word_1_160' title='bbox 1001 1213 1162 1268; x_wconf 86' lang='lat' dir='ltr'>generis</span> <span class='ocrx_word' id='word_1_161' title='bbox 1189 1213 1359 1263; x_wconf 86' lang='lat' dir='ltr'>artium,</span> <span class='ocrx_word' id='word_1_162' title='bbox 1380 1213 1552 1255; x_wconf 90' lang='lat' dir='ltr'>virium-</span> 
     </span>
     <span class='ocr_line' id='line_1_20' title="bbox 130 1269 1551 1326; baseline 0.001 -16"><span class='ocrx_word' id='word_1_163' title='bbox 130 1284 230 1325; x_wconf 88' lang='lat' dir='ltr'>que,</span> <span class='ocrx_word' id='word_1_164' title='bbox 252 1285 299 1310; x_wconf 88' lang='lat' dir='ltr'>ac</span> <span class='ocrx_word' id='word_1_165' title='bbox 329 1270 588 1325; x_wconf 83' lang='lat' dir='ltr'>pernicitatis</span> <span class='ocrx_word' id='word_1_166' title='bbox 607 1269 829 1318; x_wconf 87' lang='lat' dir='ltr'>visuntur;</span> <span class='ocrx_word' id='word_1_167' title='bbox 862 1278 955 1311; x_wconf 90' lang='lat' dir='ltr'>tum</span> <span class='ocrx_word' id='word_1_168' title='bbox 975 1269 1077 1326; x_wconf 86' lang='lat' dir='ltr'>quia</span> <span class='ocrx_word' id='word_1_169' title='bbox 1105 1277 1278 1326; x_wconf 86' lang='lat' dir='ltr'>propter</span> <span class='ocrx_word' id='word_1_170' title='bbox 1306 1272 1551 1326; x_wconf 90' lang='lat' dir='ltr'>opportuni-</span> 
     </span>
     <span class='ocr_line' id='line_1_21' title="bbox 131 1326 1552 1383; baseline 0.001 -16"><span class='ocrx_word' id='word_1_171' title='bbox 131 1333 262 1367; x_wconf 80' lang='lat' dir='ltr'>tatem</span> <span class='ocrx_word' id='word_1_172' title='bbox 283 1326 376 1376; x_wconf 88' lang='lat' dir='ltr'>loci,</span> <span class='ocrx_word' id='word_1_173' title='bbox 398 1342 473 1383; x_wconf 92' lang='lat' dir='ltr'>per</span> <span class='ocrx_word' id='word_1_174' title='bbox 493 1327 580 1368; x_wconf 92' lang='lat' dir='ltr'>duo</span> <span class='ocrx_word' id='word_1_175' title='bbox 601 1326 764 1368; x_wconf 87' lang='lat' dir='ltr'>diversa</span> <span class='ocrx_word' id='word_1_176' title='bbox 783 1327 928 1377; x_wconf 87' lang='lat' dir='ltr'>maria,</span> <span class='ocrx_word' id='word_1_177' title='bbox 950 1326 1137 1367; x_wconf 90' lang='lat' dir='ltr'>omnium</span> <span class='ocrx_word' id='word_1_178' title='bbox 1163 1327 1408 1368; x_wconf 85' lang='lat' dir='ltr'>Graecorum</span> <span class='ocrx_word' id='word_1_179' title='bbox 1429 1328 1552 1368; x_wconf 91' lang='lat' dir='ltr'>undi-</span> 
     </span>
     <span class='ocr_line' id='line_1_22' title="bbox 129 1383 1551 1441; baseline 0.001 -17"><span class='ocrx_word' id='word_1_180' title='bbox 129 1398 214 1438; x_wconf 90' lang='lat' dir='ltr'>que</span> <span class='ocrx_word' id='word_1_181' title='bbox 247 1392 475 1426; x_wconf 88' lang='lat' dir='ltr'>conventus</span> <span class='ocrx_word' id='word_1_182' title='bbox 510 1392 610 1425; x_wconf 90' lang='lat' dir='ltr'>erat.</span> <span class='ocrx_word' id='word_1_183' title='bbox 674 1384 756 1425; x_wconf 88' lang='lat' dir='ltr'>Sed</span> <span class='ocrx_word' id='word_1_184' title='bbox 788 1383 1095 1441; x_wconf 86' lang='lat' dir='ltr'>exspectatione</span> <span class='ocrx_word' id='word_1_185' title='bbox 1124 1384 1264 1435; x_wconf 89' lang='lat' dir='ltr'>erecti,</span> <span class='ocrx_word' id='word_1_186' title='bbox 1295 1385 1369 1440; x_wconf 89' lang='lat' dir='ltr'>qui</span> <span class='ocrx_word' id='word_1_187' title='bbox 1400 1384 1551 1426; x_wconf 87' lang='lat' dir='ltr'>deinde</span> 
     </span>
     <span class='ocr_line' id='line_1_23' title="bbox 129 1440 1550 1496; baseline 0.001 -15"><span class='ocrx_word' id='word_1_188' title='bbox 129 1447 265 1482; x_wconf 85' lang='lat' dir='ltr'>status</span> <span class='ocrx_word' id='word_1_189' title='bbox 294 1440 468 1482; x_wconf 88' lang='lat' dir='ltr'>futurus</span> <span class='ocrx_word' id='word_1_190' title='bbox 499 1441 691 1491; x_wconf 86' lang='lat' dir='ltr'>Graeciae,</span> <span class='ocrx_word' id='word_1_191' title='bbox 723 1440 859 1496; x_wconf 74' lang='lat' dir='ltr'>6²quae</span> <span class='ocrx_word' id='word_1_192' title='bbox 890 1456 965 1482; x_wconf 88' lang='lat' dir='ltr'>sua</span> <span class='ocrx_word' id='word_1_193' title='bbox 993 1441 1164 1482; x_wconf 85' lang='lat' dir='ltr'>fortuna</span> <span class='ocrx_word' id='word_1_194' title='bbox 1193 1449 1322 1482; x_wconf 86' lang='lat' dir='ltr'>esset:</span> <span class='ocrx_word' id='word_1_195' title='bbox 1369 1441 1437 1481; x_wconf 87' lang='lat' dir='ltr'>alii</span> <span class='ocrx_word' id='word_1_196' title='bbox 1467 1457 1550 1483; x_wconf 88' lang='lat' dir='ltr'>non</span> 
     </span>
     <span class='ocr_line' id='line_1_24' title="bbox 130 1497 1548 1554; baseline 0.001 -17"><span class='ocrx_word' id='word_1_197' title='bbox 130 1497 248 1538; x_wconf 86' lang='lat' dir='ltr'>taciti</span> <span class='ocrx_word' id='word_1_198' title='bbox 278 1497 413 1538; x_wconf 88' lang='lat' dir='ltr'>solum</span> <span class='ocrx_word' id='word_1_199' title='bbox 443 1498 738 1554; x_wconf 85' lang='lat' dir='ltr'>opinabantur,</span> <span class='ocrx_word' id='word_1_200' title='bbox 770 1498 842 1539; x_wconf 89' lang='lat' dir='ltr'>sed</span> <span class='ocrx_word' id='word_1_201' title='bbox 873 1497 1130 1538; x_wconf 87' lang='lat' dir='ltr'>sermonibus</span> <span class='ocrx_word' id='word_1_202' title='bbox 1161 1499 1286 1539; x_wconf 84' lang='lat' dir='ltr'>etiam</span> <span class='ocrx_word' id='word_1_203' title='bbox 1316 1499 1548 1539; x_wconf 66' lang='lat' dir='ltr'>serebantm.</span> 
     </span>
     <span class='ocr_line' id='line_1_25' title="bbox 131 1553 1550 1610; baseline 0.001 -16"><span class='ocrx_word' id='word_1_204' title='bbox 131 1553 312 1595; x_wconf 86' lang='lat' dir='ltr'>Romani</span> <span class='ocrx_word' id='word_1_205' title='bbox 342 1554 397 1594; x_wconf 88' lang='lat' dir='ltr'>ad</span> <span class='ocrx_word' id='word_1_206' title='bbox 427 1553 710 1610; x_wconf 88' lang='lat' dir='ltr'>spectaculum</span> <span class='ocrx_word' id='word_1_207' title='bbox 738 1554 1042 1602; x_wconf 80' lang='lat' dir='ltr'>consederunt3</span> <span class='ocrx_word' id='word_1_208' title='bbox 1076 1563 1116 1595; x_wconf 91' lang='lat' dir='ltr'>et</span> <span class='ocrx_word' id='word_1_209' title='bbox 1147 1569 1284 1610; x_wconf 80' lang='lat' dir='ltr'>praeco</span> <span class='ocrx_word' id='word_1_210' title='bbox 1312 1570 1407 1596; x_wconf 92' lang='lat' dir='ltr'>cum</span> <span class='ocrx_word' id='word_1_211' title='bbox 1438 1556 1550 1596; x_wconf 90' lang='lat' dir='ltr'>tubi-</span> 
     </span>
     <span class='ocr_line' id='line_1_26' title="bbox 131 1609 1549 1661; baseline 0.001 -11"><span class='ocrx_word' id='word_1_212' title='bbox 131 1609 236 1660; x_wconf 88' lang='lat' dir='ltr'>cine,</span> <span class='ocrx_word' id='word_1_213' title='bbox 258 1618 308 1652; x_wconf 86' lang='lat' dir='ltr'>ut</span> <span class='ocrx_word' id='word_1_214' title='bbox 327 1626 416 1652; x_wconf 89' lang='lat' dir='ltr'>mos</span> <span class='ocrx_word' id='word_1_215' title='bbox 438 1619 514 1661; x_wconf 88' lang='lat' dir='ltr'>est,</span> <span class='ocrx_word' id='word_1_216' title='bbox 536 1611 579 1652; x_wconf 88' lang='lat' dir='ltr'>in</span> <span class='ocrx_word' id='word_1_217' title='bbox 606 1610 787 1651; x_wconf 84' lang='lat' dir='ltr'>mediam</span> <span class='ocrx_word' id='word_1_218' title='bbox 807 1626 988 1661; x_wconf 87' lang='lat' dir='ltr'>arenam,</span> <span class='ocrx_word' id='word_1_219' title='bbox 1012 1611 1124 1652; x_wconf 90' lang='lat' dir='ltr'>unde</span> <span class='ocrx_word' id='word_1_220' title='bbox 1151 1611 1338 1652; x_wconf 87' lang='lat' dir='ltr'>sollemm&#39;</span> <span class='ocrx_word' id='word_1_221' title='bbox 1369 1612 1549 1653; x_wconf 82' lang='lat' dir='ltr'>carmine</span> 
     </span>
     <span class='ocr_line' id='line_1_27' title="bbox 129 1665 1549 1723; baseline 0.001 -16"><span class='ocrx_word' id='word_1_222' title='bbox 129 1665 340 1708; x_wconf 87' lang='lat' dir='ltr'>ludicrum</span> <span class='ocrx_word' id='word_1_223' title='bbox 370 1667 498 1708; x_wconf 89' lang='lat' dir='ltr'>indici</span> <span class='ocrx_word' id='word_1_224' title='bbox 531 1668 648 1717; x_wconf 88' lang='lat' dir='ltr'>solet,</span> <span class='ocrx_word' id='word_1_225' title='bbox 679 1667 894 1723; x_wconf 89' lang='lat' dir='ltr'>processit,</span> <span class='ocrx_word' id='word_1_226' title='bbox 927 1676 983 1717; x_wconf 90' lang='lat' dir='ltr'>et,</span> <span class='ocrx_word' id='word_1_227' title='bbox 1015 1668 1120 1708; x_wconf 88' lang='lat' dir='ltr'>tuba</span> <span class='ocrx_word' id='word_1_228' title='bbox 1150 1667 1312 1718; x_wconf 81' lang='lat' dir='ltr'>silentio</span> <span class='ocrx_word' id='word_1_229' title='bbox 1341 1669 1468 1719; x_wconf 90' lang='lat' dir='ltr'>facto,</span> <span class='ocrx_word' id='word_1_230' title='bbox 1490 1669 1549 1710; x_wconf 88' lang='lat' dir='ltr'>ita</span> 
     </span>
    </p>
   </div>
   <div class='ocr_carea' id='block_1_3' title="bbox 127 1723 1764 2003">
    <p class='ocr_par' dir='ltr' id='par_1_10' title="bbox 127 1723 1701 1779">
     <span class='ocr_line' id='line_1_28' title="bbox 127 1723 1701 1779; baseline 0.004 -16"><span class='ocrx_word' id='word_1_231' title='bbox 127 1723 400 1779; x_wconf 87' lang='lat' dir='ltr'>pronunciat:</span> <span class='ocrx_word' id='word_1_232' title='bbox 459 1738 659 1765; x_wconf 75' lang='lat' dir='ltr'>SENATUS</span> <span class='ocrx_word' id='word_1_233' title='bbox 711 1729 945 1765; x_wconf 80' lang='lat' dir='ltr'>ROMANUS¹³</span> <span class='ocrx_word' id='word_1_234' title='bbox 992 1739 1049 1764; x_wconf 83' lang='lat' dir='ltr'>ET</span> <span class='ocrx_word' id='word_1_235' title='bbox 1102 1739 1140 1764; x_wconf 88' lang='lat' dir='ltr'>T.</span> <span class='ocrx_word' id='word_1_236' title='bbox 1184 1739 1424 1768; x_wconf 80' lang='lat' dir='ltr'>QUINCTIUS</span> <span class='ocrx_word' id='word_1_237' title='bbox 1475 1737 1701 1770; x_wconf 34' lang='lat' dir='ltr'>lew-Libertas</span> 
     </span>
    </p>

    <p class='ocr_par' dir='ltr' id='par_1_11' title="bbox 129 1782 1764 1888">
     <span class='ocr_line' id='line_1_29' title="bbox 129 1782 1764 1834; baseline 0.002 -14"><span class='ocrx_word' id='word_1_238' title='bbox 129 1794 351 1832; x_wconf 79' lang='lat' dir='ltr'>PERATOR,</span> <span class='ocrx_word' id='word_1_239' title='bbox 403 1795 611 1823; x_wconf 85' lang='lat' dir='ltr'>PHILIPPO</span> <span class='ocrx_word' id='word_1_240' title='bbox 672 1795 791 1822; x_wconf 81' lang='lat' dir='ltr'><strong>REGE</strong></span> <span class='ocrx_word' id='word_1_241' title='bbox 852 1795 1266 1826; x_wconf 72' lang='lat' dir='ltr'><strong>MACEDONIBUSQUE</strong></span> <span class='ocrx_word' id='word_1_242' title='bbox 1320 1782 1764 1834; x_wconf 47' lang='lat' dir='ltr'>DEVICTIQGraeciaepro-</span> 
     </span>
     <span class='ocr_line' id='line_1_30' title="bbox 130 1825 1707 1888; baseline 0.002 -11"><span class='ocrx_word' id='word_1_243' title='bbox 130 1850 334 1888; x_wconf 82' lang='lat' dir='ltr'>LIBEROS,</span> <span class='ocrx_word' id='word_1_244' title='bbox 386 1852 610 1888; x_wconf 78' lang='lat' dir='ltr'>INMUNES,</span> <span class='ocrx_word' id='word_1_245' title='bbox 663 1853 754 1880; x_wconf 78' lang='lat' dir='ltr'>sms</span> <span class='ocrx_word' id='word_1_246' title='bbox 808 1853 996 1879; x_wconf 78' lang='lat' dir='ltr'>LEGIBUS</span> <span class='ocrx_word' id='word_1_247' title='bbox 1048 1853 1153 1879; x_wconf 80' lang='lat' dir='ltr'>EssE</span> <span class='ocrx_word' id='word_1_248' title='bbox 1209 1853 1350 1879; x_wconf 80' lang='lat' dir='ltr'>JUBET</span> <span class='ocrx_word' id='word_1_249' title='bbox 1395 1825 1707 1880; x_wconf 53' lang='lat' dir='ltr'>CORIN-mulgata.</span> 
     </span>
    </p>

    <p class='ocr_par' dir='ltr' id='par_1_12' title="bbox 128 1907 1548 1946">
     <span class='ocr_line' id='line_1_31' title="bbox 128 1907 1548 1946; baseline 0.002 -12"><span class='ocrx_word' id='word_1_250' title='bbox 128 1907 278 1945; x_wconf 74' lang='lat' dir='ltr'>rinos,</span> <span class='ocrx_word' id='word_1_251' title='bbox 339 1909 610 1946; x_wconf 82' lang='lat' dir='ltr'>PHOCENSES,</span> <span class='ocrx_word' id='word_1_252' title='bbox 672 1909 1018 1939; x_wconf 74' lang='lat' dir='ltr'><strong>LOCRENSESQUE</strong></span> <span class='ocrx_word' id='word_1_253' title='bbox 1080 1909 1246 1946; x_wconf 81' lang='lat' dir='ltr'>OMNES,</span> <span class='ocrx_word' id='word_1_254' title='bbox 1307 1910 1365 1936; x_wconf 86' lang='lat' dir='ltr'>ET</span> <span class='ocrx_word' id='word_1_255' title='bbox 1427 1910 1548 1937; x_wconf 73' lang='lat' dir='ltr'>msu-</span> 
     </span>
    </p>

    <p class='ocr_par' dir='ltr' id='par_1_13' title="bbox 130 1964 1548 2003">
     <span class='ocr_line' id='line_1_32' title="bbox 130 1964 1548 2003; baseline 0.002 -12"><span class='ocrx_word' id='word_1_256' title='bbox 130 1964 227 1991; x_wconf 83' lang='lat' dir='ltr'>LAM</span> <span class='ocrx_word' id='word_1_257' title='bbox 292 1965 502 2003; x_wconf 79' lang='lat' dir='ltr'>EUBOEAM,</span> <span class='ocrx_word' id='word_1_258' title='bbox 564 1966 621 1992; x_wconf 83' lang='lat' dir='ltr'>ET</span> <span class='ocrx_word' id='word_1_259' title='bbox 688 1966 954 2003; x_wconf 77' lang='lat' dir='ltr'>MAGNETAS,</span> <span class='ocrx_word' id='word_1_260' title='bbox 1016 1967 1283 2003; x_wconf 77' lang='lat' dir='ltr'>THESSALos,</span> <span class='ocrx_word' id='word_1_261' title='bbox 1346 1967 1548 1994; x_wconf 71' lang='lat' dir='ltr'><strong>PERRHAE-</strong></span> 
     </span>
    </p>
   </div>
   <div class='ocr_carea' id='block_1_4' title="bbox 913 2011 1548 2109">
    <p class='ocr_par' dir='ltr' id='par_1_14' title="bbox 913 2011 1548 2109">
     <span class='ocr_line' id='line_1_33' title="bbox 913 2011 1548 2066; baseline 0.002 -16"><span class='ocrx_word' id='word_1_262' title='bbox 913 2011 1211 2051; x_wconf 88' lang='lat' dir='ltr'>Percensuerat</span> <span class='ocrx_word' id='word_1_263' title='bbox 1260 2025 1401 2051; x_wconf 88' lang='lat' dir='ltr'>omnes</span> <span class='ocrx_word' id='word_1_264' title='bbox 1449 2025 1548 2066; x_wconf 86' lang='lat' dir='ltr'>gen-</span> 
     </span>
     <span class='ocr_line' id='line_1_34' title="bbox 1256 2067 1546 2109; baseline 0.007 -2"><span class='ocrx_word' id='word_1_265' title='bbox 1256 2067 1422 2108; x_wconf 84' lang='lat' dir='ltr'>Audita</span> <span class='ocrx_word' id='word_1_266' title='bbox 1447 2083 1546 2109; x_wconf 80' lang='lat' dir='ltr'>voce</span> 
     </span>
    </p>
   </div>
   <div class='ocr_carea' id='block_1_5' title="bbox 128 2007 1194 2124">
    <p class='ocr_par' dir='ltr' id='par_1_15' title="bbox 128 2007 1194 2124">
     <span class='ocr_line' id='line_1_35' title="bbox 131 2007 830 2059; baseline 0.004 -12"><span class='ocrx_word' id='word_1_267' title='bbox 131 2015 242 2059; x_wconf 72' lang='lat'>308⁰,</span> <span class='ocrx_word' id='word_1_268' title='bbox 291 2007 510 2050; x_wconf 74' lang='lat' dir='ltr'>⁶³ACHAEos</span> <span class='ocrx_word' id='word_1_269' title='bbox 563 2023 830 2050; x_wconf 77' lang='lat' dir='ltr'>PHTHIOTAS.</span> 
     </span>
     <span class='ocr_line' id='line_1_36' title="bbox 128 2066 1194 2124; baseline 0.001 -19"><span class='ocrx_word' id='word_1_270' title='bbox 128 2072 204 2115; x_wconf 88' lang='lat' dir='ltr'>tes,</span> <span class='ocrx_word' id='word_1_271' title='bbox 239 2080 335 2121; x_wconf 86' lang='lat' dir='ltr'>quae</span> <span class='ocrx_word' id='word_1_272' title='bbox 368 2067 446 2108; x_wconf 91' lang='lat' dir='ltr'>sub</span> <span class='ocrx_word' id='word_1_273' title='bbox 476 2066 633 2108; x_wconf 89' lang='lat' dir='ltr'>ditione</span> <span class='ocrx_word' id='word_1_274' title='bbox 662 2067 849 2124; x_wconf 87' lang='lat' dir='ltr'>Philippi</span> <span class='ocrx_word' id='word_1_275' title='bbox 876 2066 985 2123; x_wconf 83' lang='lat' dir='ltr'>regis</span> <span class='ocrx_word' id='word_1_276' title='bbox 1015 2067 1194 2108; x_wconf 81' lang='lat' dir='ltr'>fuerant.</span> 
     </span>
    </p>
   </div>
   <div class='ocr_carea' id='block_1_6' title="bbox 1209 2181 1504 2214">
    <p class='ocr_par' dir='ltr' id='par_1_16' title="bbox 1209 2181 1504 2214">
     <span class='ocr_line' id='line_1_37' title="bbox 1209 2181 1504 2214; baseline 0.014 -4"><span class='ocrx_word' id='word_1_277' title='bbox 1209 2185 1225 2201; x_wconf 86' lang='lat'><strong>⁰</strong></span> <span class='ocrx_word' id='word_1_278' title='bbox 1244 2181 1390 2212; x_wconf 66' lang='lat' dir='ltr'>Pei-raebos</span> <span class='ocrx_word' id='word_1_279' title='bbox 1405 2182 1504 2214; x_wconf 82' lang='lat' dir='ltr'>Gron.</span> 
     </span>
    </p>
   </div>
   <div class='ocr_carea' id='block_1_7' title="bbox 170 2178 1129 2221">
    <p class='ocr_par' dir='ltr' id='par_1_17' title="bbox 170 2178 1129 2221">
     <span class='ocr_line' id='line_1_38' title="bbox 170 2178 1129 2221; baseline -0.001 -10"><span class='ocrx_word' id='word_1_280' title='bbox 170 2178 343 2220; x_wconf 73' lang='lat' dir='ltr'>mserebant</span> <span class='ocrx_word' id='word_1_281' title='bbox 358 2181 454 2213; x_wconf 91' lang='lat' dir='ltr'>Gron.</span> <span class='ocrx_word' id='word_1_282' title='bbox 471 2181 561 2212; x_wconf 90' lang='lat' dir='ltr'>Crev.</span> <span class='ocrx_word' id='word_1_283' title='bbox 642 2184 659 2201; x_wconf 82' lang='lat'>¹¹</span> <span class='ocrx_word' id='word_1_284' title='bbox 675 2181 861 2221; x_wconf 75' lang='lat' dir='ltr'>Pupulusque</span> <span class='ocrx_word' id='word_1_285' title='bbox 879 2181 1027 2212; x_wconf 62' lang='lat' dir='ltr'>Romanus</span> <span class='ocrx_word' id='word_1_286' title='bbox 1044 2181 1129 2212; x_wconf 74' lang='lat' dir='ltr'>Eaed.</span> 
     </span>
    </p>
   </div>
   <div class='ocr_carea' id='block_1_8' title="bbox 128 2292 1544 2384">
    <p class='ocr_par' dir='ltr' id='par_1_18' title="bbox 128 2292 1544 2384">
     <span class='ocr_line' id='line_1_39' title="bbox 170 2292 1543 2336; baseline 0.001 -13"><span class='ocrx_word' id='word_1_287' title='bbox 170 2292 211 2322; x_wconf 88' lang='lat'>59</span> <span class='ocrx_word' id='word_1_288' title='bbox 248 2293 292 2323; x_wconf 79' lang='lat' dir='ltr'>Ab</span> <span class='ocrx_word' id='word_1_289' title='bbox 329 2293 446 2334; x_wconf 78' lang='lat' dir='ltr'>Elatia]</span> <span class='ocrx_word' id='word_1_290' title='bbox 487 2294 570 2334; x_wconf 84' lang='lat' dir='ltr'>Lege</span> <span class='ocrx_word' id='word_1_291' title='bbox 604 2293 746 2327; x_wconf 70' lang='lat' dir='ltr'>Quintius</span> <span class='ocrx_word' id='word_1_292' title='bbox 780 2295 816 2323; x_wconf 77' lang='lat' dir='ltr'>ab</span> <span class='ocrx_word' id='word_1_293' title='bbox 859 2303 910 2324; x_wconf 89' lang='lat' dir='ltr'>cos</span> <span class='ocrx_word' id='word_1_294' title='bbox 937 2300 1002 2324; x_wconf 89' lang='lat' dir='ltr'>tum</span> <span class='ocrx_word' id='word_1_295' title='bbox 1031 2295 1257 2336; x_wconf 81' lang='lat' dir='ltr'>exspectatione</span> <span class='ocrx_word' id='word_1_296' title='bbox 1288 2300 1406 2325; x_wconf 85' lang='lat' dir='ltr'>erectos</span> <span class='ocrx_word' id='word_1_297' title='bbox 1429 2318 1436 2325; x_wconf 84' lang='lat'>.</span> <span class='ocrx_word' id='word_1_298' title='bbox 1455 2317 1462 2325; x_wconf 89' lang='lat'>.</span> <span class='ocrx_word' id='word_1_299' title='bbox 1487 2296 1543 2326; x_wconf 85' lang='lat' dir='ltr'>fre-</span> 
     </span>
     <span class='ocr_line' id='line_1_40' title="bbox 128 2333 1544 2384; baseline 0.003 -20"><span class='ocrx_word' id='word_1_300' title='bbox 128 2333 241 2364; x_wconf 80' lang='lat' dir='ltr'>Elatia.</span> <span class='ocrx_word' id='word_1_301' title='bbox 264 2336 390 2366; x_wconf 87' lang='lat' dir='ltr'>Nomen</span> <span class='ocrx_word' id='word_1_302' title='bbox 407 2336 491 2367; x_wconf 88' lang='lat' dir='ltr'>enim</span> <span class='ocrx_word' id='word_1_303' title='bbox 507 2336 574 2378; x_wconf 79' lang='lat' dir='ltr'>ejus</span> <span class='ocrx_word' id='word_1_304' title='bbox 596 2336 731 2378; x_wconf 85' lang='lat' dir='ltr'>suppleri</span> <span class='ocrx_word' id='word_1_305' title='bbox 754 2347 815 2367; x_wconf 89' lang='lat' dir='ltr'>non</span> <span class='ocrx_word' id='word_1_306' title='bbox 858 2337 1044 2377; x_wconf 88' lang='lat' dir='ltr'>quentiores,</span> <span class='ocrx_word' id='word_1_307' title='bbox 1074 2347 1168 2378; x_wconf 84' lang='lat' dir='ltr'>quam</span> <span class='ocrx_word' id='word_1_308' title='bbox 1205 2348 1342 2384; x_wconf 74' lang='lat' dir='ltr'>unquam</span> <span class='ocrx_word' id='word_1_309' title='bbox 1380 2338 1468 2373; x_wconf 85' lang='lat' dir='ltr'>alias,</span> <span class='ocrx_word' id='word_1_310' title='bbox 1505 2339 1544 2368; x_wconf 86' lang='lat' dir='ltr'>ad</span> 
     </span>
    </p>
   </div>
   <div class='ocr_carea' id='block_1_9' title="bbox 126 2379 817 2934">
    <p class='ocr_par' dir='ltr' id='par_1_19' title="bbox 126 2379 814 2461">
     <span class='ocr_line' id='line_1_41' title="bbox 127 2379 814 2421; baseline 0.004 -14"><span class='ocrx_word' id='word_1_311' title='bbox 127 2382 239 2417; x_wconf 88' lang='lat' dir='ltr'>potest,</span> <span class='ocrx_word' id='word_1_312' title='bbox 268 2389 365 2419; x_wconf 93' lang='lat' dir='ltr'>quum</span> <span class='ocrx_word' id='word_1_313' title='bbox 397 2379 519 2420; x_wconf 85' lang='lat' dir='ltr'>jamdiu</span> <span class='ocrx_word' id='word_1_314' title='bbox 549 2390 610 2411; x_wconf 88' lang='lat' dir='ltr'>non</span> <span class='ocrx_word' id='word_1_315' title='bbox 639 2379 730 2410; x_wconf 82' lang='lat' dir='ltr'>fuerit</span> <span class='ocrx_word' id='word_1_316' title='bbox 760 2390 814 2421; x_wconf 78' lang='lat' dir='ltr'>ap-</span> 
     </span>
     <span class='ocr_line' id='line_1_42' title="bbox 126 2420 289 2461; baseline 0.012 -12"><span class='ocrx_word' id='word_1_317' title='bbox 126 2420 289 2461; x_wconf 84' lang='lat' dir='ltr'>pellatum.</span> 
     </span>
    </p>

    <p class='ocr_par' dir='ltr' id='par_1_20' title="bbox 128 2463 817 2547">
     <span class='ocr_line' id='line_1_43' title="bbox 152 2463 817 2508; baseline 0.005 -15"><span class='ocrx_word' id='word_1_318' title='bbox 152 2463 211 2508; x_wconf 30' lang='lat'>¹60</span> <span class='ocrx_word' id='word_1_319' title='bbox 235 2464 418 2505; x_wconf 73' lang='lat' dir='ltr'>Retnndere]</span> <span class='ocrx_word' id='word_1_320' title='bbox 457 2465 506 2496; x_wconf 88' lang='lat' dir='ltr'>Sic</span> <span class='ocrx_word' id='word_1_321' title='bbox 525 2464 618 2506; x_wconf 84' lang='lat' dir='ltr'>jussit</span> <span class='ocrx_word' id='word_1_322' title='bbox 640 2465 700 2506; x_wconf 80' lang='lat' dir='ltr'>legi</span> <span class='ocrx_word' id='word_1_323' title='bbox 730 2466 817 2507; x_wconf 68' lang='lat' dir='ltr'>Sigo-</span> 
     </span>
     <span class='ocr_line' id='line_1_44' title="bbox 128 2510 457 2547; baseline 0.015 -14"><span class='ocrx_word' id='word_1_324' title='bbox 128 2513 197 2535; x_wconf 87' lang='lat' dir='ltr'>mus</span> <span class='ocrx_word' id='word_1_325' title='bbox 211 2516 266 2547; x_wconf 90' lang='lat' dir='ltr'>pro</span> <span class='ocrx_word' id='word_1_326' title='bbox 278 2510 457 2539; x_wconf 80' lang='lat' dir='ltr'>retunderet.</span> 
     </span>
    </p>

    <p class='ocr_par' dir='ltr' id='par_1_21' title="bbox 126 2548 813 2797">
     <span class='ocr_line' id='line_1_45' title="bbox 170 2548 813 2594; baseline 0.005 -16"><span class='ocrx_word' id='word_1_327' title='bbox 170 2548 216 2594; x_wconf 36' lang='lat'>61.</span> <span class='ocrx_word' id='word_1_328' title='bbox 264 2550 368 2580; x_wconf 84' lang='lat' dir='ltr'>Veram</span> <span class='ocrx_word' id='word_1_329' title='bbox 410 2553 573 2587; x_wconf 83' lang='lat' dir='ltr'>caritatem,</span> <span class='ocrx_word' id='word_1_330' title='bbox 618 2553 813 2593; x_wconf 83' lang='lat' dir='ltr'>majestatem]</span> 
     </span>
     <span class='ocr_line' id='line_1_46' title="bbox 128 2589 813 2637; baseline 0.009 -18"><span class='ocrx_word' id='word_1_331' title='bbox 128 2589 326 2637; x_wconf 74' lang='lat' dir='ltr'>Susplcamur</span> <span class='ocrx_word' id='word_1_332' title='bbox 340 2593 391 2624; x_wconf 89' lang='lat' dir='ltr'>hic</span> <span class='ocrx_word' id='word_1_333' title='bbox 404 2594 554 2625; x_wconf 81' lang='lat' dir='ltr'>excidisse</span> <span class='ocrx_word' id='word_1_334' title='bbox 568 2593 695 2635; x_wconf 84' lang='lat' dir='ltr'>aliquid.</span> <span class='ocrx_word' id='word_1_335' title='bbox 734 2596 813 2632; x_wconf 86' lang='lat' dir='ltr'>Quis</span> 
     </span>
     <span class='ocr_line' id='line_1_47' title="bbox 126 2634 812 2676; baseline 0.009 -14"><span class='ocrx_word' id='word_1_336' title='bbox 126 2641 210 2663; x_wconf 84' lang='lat' dir='ltr'>emm</span> <span class='ocrx_word' id='word_1_337' title='bbox 244 2634 323 2666; x_wconf 82' lang='lat' dir='ltr'>ferat</span> <span class='ocrx_word' id='word_1_338' title='bbox 358 2647 454 2667; x_wconf 87' lang='lat' dir='ltr'>veram</span> <span class='ocrx_word' id='word_1_339' title='bbox 493 2639 690 2676; x_wconf 72' lang='lat' dir='ltr'>majestatem?</span> <span class='ocrx_word' id='word_1_340' title='bbox 739 2639 812 2668; x_wconf 88' lang='lat' dir='ltr'>For-</span> 
     </span>
     <span class='ocr_line' id='line_1_48' title="bbox 128 2679 810 2721; baseline 0.012 -18"><span class='ocrx_word' id='word_1_341' title='bbox 128 2679 240 2710; x_wconf 71' lang='lat' dir='ltr'>tassez,</span> <span class='ocrx_word' id='word_1_342' title='bbox 259 2679 284 2708; x_wconf 72' lang='grc' dir='ltr'>εἰ</span> <span class='ocrx_word' id='word_1_343' title='bbox 305 2689 402 2710; x_wconf 80' lang='lat' dir='ltr'>veram</span> <span class='ocrx_word' id='word_1_344' title='bbox 424 2682 587 2716; x_wconf 77' lang='lat' dir='ltr'>caritatem,</span> <span class='ocrx_word' id='word_1_345' title='bbox 608 2682 632 2710; x_wconf 83' lang='lat' dir='ltr'>si</span> <span class='ocrx_word' id='word_1_346' title='bbox 656 2682 810 2721; x_wconf 77' lang='lat' dir='ltr'>integram,</span> 
     </span>
     <span class='ocr_line' id='line_1_49' title="bbox 126 2717 812 2763; baseline 0.012 -17"><span class='ocrx_word' id='word_1_347' title='bbox 126 2717 175 2747; x_wconf 86' lang='lat' dir='ltr'>vel</span> <span class='ocrx_word' id='word_1_348' title='bbox 203 2719 371 2751; x_wconf 61' lang='lat' dir='ltr'>inviolatam</span> <span class='ocrx_word' id='word_1_349' title='bbox 403 2725 579 2763; x_wconf 82' lang='lat' dir='ltr'>majestatem</span> <span class='ocrx_word' id='word_1_350' title='bbox 605 2725 686 2763; x_wconf 81' lang='lat' dir='ltr'>apud</span> <span class='ocrx_word' id='word_1_351' title='bbox 718 2735 812 2754; x_wconf 80' lang='lat' dir='ltr'>omnes</span> 
     </span>
     <span class='ocr_line' id='line_1_50' title="bbox 126 2761 586 2797; baseline 0.02 -9"><span class='ocrx_word' id='word_1_352' title='bbox 126 2761 250 2792; x_wconf 72' lang='lat' dir='ltr'>‘nominis</span> <span class='ocrx_word' id='word_1_353' title='bbox 264 2762 388 2794; x_wconf 67' lang='lat' dir='ltr'>Romani</span> <span class='ocrx_word' id='word_1_354' title='bbox 402 2766 507 2796; x_wconf 81' lang='lat' dir='ltr'>vellent</span> <span class='ocrx_word' id='word_1_355' title='bbox 522 2777 586 2797; x_wconf 80' lang='lat' dir='ltr'>esse.</span> 
     </span>
    </p>

    <p class='ocr_par' dir='ltr' id='par_1_22' title="bbox 126 2803 812 2934">
     <span class='ocr_line' id='line_1_51' title="bbox 151 2803 812 2849; baseline 0.011 -16"><span class='ocrx_word' id='word_1_356' title='bbox 151 2803 216 2849; x_wconf 39' lang='lat'>&#39;62-</span> <span class='ocrx_word' id='word_1_357' title='bbox 236 2803 310 2838; x_wconf 80' lang='lat' dir='ltr'>Quae</span> <span class='ocrx_word' id='word_1_358' title='bbox 330 2807 527 2848; x_wconf 75' lang='lat' dir='ltr'>suafortuna</span> <span class='ocrx_word' id='word_1_359' title='bbox 547 2808 629 2848; x_wconf 72' lang='lat' dir='ltr'>esset]</span> <span class='ocrx_word' id='word_1_360' title='bbox 671 2808 733 2839; x_wconf 69' lang='lat' dir='ltr'>Vix</span> <span class='ocrx_word' id='word_1_361' title='bbox 755 2809 812 2840; x_wconf 84' lang='lat' dir='ltr'>du-</span> 
     </span>
     <span class='ocr_line' id='line_1_52' title="bbox 126 2844 812 2892; baseline 0.012 -18"><span class='ocrx_word' id='word_1_362' title='bbox 126 2844 219 2892; x_wconf 69' lang='lat' dir='ltr'>bitari</span> <span class='ocrx_word' id='word_1_363' title='bbox 241 2852 352 2889; x_wconf 86' lang='lat' dir='ltr'>potest,</span> <span class='ocrx_word' id='word_1_364' title='bbox 379 2850 453 2889; x_wconf 91' lang='lat' dir='ltr'>quin</span> <span class='ocrx_word' id='word_1_365' title='bbox 478 2850 529 2881; x_wconf 83' lang='lat' dir='ltr'>hic</span> <span class='ocrx_word' id='word_1_366' title='bbox 559 2850 665 2891; x_wconf 79' lang='lat' dir='ltr'>aliqua.</span> <span class='ocrx_word' id='word_1_367' title='bbox 690 2851 812 2883; x_wconf 82' lang='lat' dir='ltr'>excide-</span> 
     </span>
     <span class='ocr_line' id='line_1_53' title="bbox 126 2890 811 2934; baseline 0.013 -17"><span class='ocrx_word' id='word_1_368' title='bbox 126 2892 200 2919; x_wconf 78' lang='lat' dir='ltr'>rint.</span> <span class='ocrx_word' id='word_1_369' title='bbox 244 2890 357 2921; x_wconf 84' lang='lat' dir='ltr'>Sensus</span> <span class='ocrx_word' id='word_1_370' title='bbox 378 2892 459 2923; x_wconf 86' lang='lat' dir='ltr'>enim</span> <span class='ocrx_word' id='word_1_371' title='bbox 483 2893 592 2934; x_wconf 87' lang='lat' dir='ltr'>plenus</span> <span class='ocrx_word' id='word_1_372' title='bbox 614 2898 704 2929; x_wconf 84' lang='lat' dir='ltr'>esset,</span> <span class='ocrx_word' id='word_1_373' title='bbox 723 2895 811 2926; x_wconf 84' lang='lat' dir='ltr'>Grae·</span> 
     </span>
    </p>
   </div>
   <div class='ocr_carea' id='block_1_10' title="bbox 855 2380 1544 2935">
    <p class='ocr_par' dir='ltr' id='par_1_23' title="bbox 858 2380 1544 2508">
     <span class='ocr_line' id='line_1_54' title="bbox 858 2380 1543 2422; baseline 0.003 -12"><span class='ocrx_word' id='word_1_374' title='bbox 858 2380 1068 2421; x_wconf 83' lang='lat' dir='ltr'>spectaculum</span> <span class='ocrx_word' id='word_1_375' title='bbox 1083 2390 1280 2411; x_wconf 77' lang='lat' dir='ltr'>concurrisse.</span> <span class='ocrx_word' id='word_1_376' title='bbox 1318 2380 1403 2418; x_wconf 75' lang='lat' dir='ltr'>Quin</span> <span class='ocrx_word' id='word_1_377' title='bbox 1417 2386 1447 2412; x_wconf 89' lang='lat' dir='ltr'>et</span> <span class='ocrx_word' id='word_1_378' title='bbox 1460 2381 1543 2422; x_wconf 83' lang='lat' dir='ltr'>plus-</span> 
     </span>
     <span class='ocr_line' id='line_1_55' title="bbox 860 2422 1544 2465; baseline 0.003 -13"><span class='ocrx_word' id='word_1_379' title='bbox 860 2422 932 2453; x_wconf 86' lang='lat' dir='ltr'>cula.</span> <span class='ocrx_word' id='word_1_380' title='bbox 947 2422 1107 2465; x_wconf 76' lang='lat' dir='ltr'>deperdita</span> <span class='ocrx_word' id='word_1_381' title='bbox 1121 2434 1186 2453; x_wconf 85' lang='lat' dir='ltr'>esse</span> <span class='ocrx_word' id='word_1_382' title='bbox 1208 2423 1326 2454; x_wconf 87' lang='lat' dir='ltr'>indicat</span> <span class='ocrx_word' id='word_1_383' title='bbox 1341 2434 1399 2454; x_wconf 76' lang='lat' dir='ltr'>vox</span> <span class='ocrx_word' id='word_1_384' title='bbox 1415 2425 1478 2459; x_wconf 81' lang='lat' dir='ltr'>alii,</span> <span class='ocrx_word' id='word_1_385' title='bbox 1495 2424 1544 2454; x_wconf 89' lang='lat' dir='ltr'>cui</span> 
     </span>
     <span class='ocr_line' id='line_1_56' title="bbox 861 2465 1427 2508; baseline 0.005 -14"><span class='ocrx_word' id='word_1_386' title='bbox 861 2465 936 2495; x_wconf 87' lang='lat' dir='ltr'>nihil</span> <span class='ocrx_word' id='word_1_387' title='bbox 951 2465 982 2495; x_wconf 89' lang='lat' dir='ltr'>in</span> <span class='ocrx_word' id='word_1_388' title='bbox 995 2466 1240 2508; x_wconf 84' lang='lat' dir='ltr'>praecedentibus</span> <span class='ocrx_word' id='word_1_389' title='bbox 1254 2467 1427 2508; x_wconf 85' lang='lat' dir='ltr'>respondet.</span> 
     </span>
    </p>

    <p class='ocr_par' dir='ltr' id='par_1_24' title="bbox 855 2509 1544 2935">
     <span class='ocr_line' id='line_1_57' title="bbox 901 2509 1544 2550; baseline -0.003 -11"><span class='ocrx_word' id='word_1_390' title='bbox 901 2509 942 2539; x_wconf 83' lang='lat'>63</span> <span class='ocrx_word' id='word_1_391' title='bbox 980 2509 1099 2539; x_wconf 76' lang='lat' dir='ltr'>Achoeos</span> <span class='ocrx_word' id='word_1_392' title='bbox 1137 2509 1302 2550; x_wconf 77' lang='lat' dir='ltr'>Phthiotas]</span> <span class='ocrx_word' id='word_1_393' title='bbox 1346 2509 1544 2550; x_wconf 85' lang='lat' dir='ltr'>Conjunctim</span> 
     </span>
     <span class='ocr_line' id='line_1_58' title="bbox 859 2550 1543 2592; baseline -0.001 -11"><span class='ocrx_word' id='word_1_394' title='bbox 859 2550 938 2592; x_wconf 83' lang='lat' dir='ltr'>lege.</span> <span class='ocrx_word' id='word_1_395' title='bbox 973 2551 1081 2582; x_wconf 85' lang='lat' dir='ltr'>Achaei</span> <span class='ocrx_word' id='word_1_396' title='bbox 1110 2552 1265 2583; x_wconf 84' lang='lat' dir='ltr'>Phthiotae</span> <span class='ocrx_word' id='word_1_397' title='bbox 1294 2558 1365 2582; x_wconf 87' lang='lat' dir='ltr'>sunt</span> <span class='ocrx_word' id='word_1_398' title='bbox 1392 2551 1543 2582; x_wconf 86' lang='lat' dir='ltr'>Phthioti-</span> 
     </span>
     <span class='ocr_line' id='line_1_59' title="bbox 857 2593 1543 2636; baseline 0 -13"><span class='ocrx_word' id='word_1_399' title='bbox 857 2593 905 2624; x_wconf 79' lang='lat' dir='ltr'>dis</span> <span class='ocrx_word' id='word_1_400' title='bbox 939 2595 1057 2636; x_wconf 82' lang='lat' dir='ltr'>populi,</span> <span class='ocrx_word' id='word_1_401' title='bbox 1088 2595 1139 2636; x_wconf 86' lang='lat' dir='ltr'>qui</span> <span class='ocrx_word' id='word_1_402' title='bbox 1167 2600 1199 2625; x_wconf 89' lang='lat' dir='ltr'>et</span> <span class='ocrx_word' id='word_1_403' title='bbox 1228 2595 1308 2626; x_wconf 84' lang='lat' dir='ltr'>infra</span> <span class='ocrx_word' id='word_1_404' title='bbox 1337 2595 1543 2628; x_wconf 80' lang='lat' dir='ltr'>nominantur,</span> 
     </span>
     <span class='ocr_line' id='line_1_60' title="bbox 856 2636 1542 2680; baseline -0.001 -13"><span class='ocrx_word' id='word_1_405' title='bbox 856 2647 883 2667; x_wconf 86' lang='lat' dir='ltr'>c.</span> <span class='ocrx_word' id='word_1_406' title='bbox 898 2638 950 2668; x_wconf 84' lang='lat'>34.</span> <span class='ocrx_word' id='word_1_407' title='bbox 963 2638 1112 2680; x_wconf 81' lang='lat' dir='ltr'>Polybius</span> <span class='ocrx_word' id='word_1_408' title='bbox 1127 2638 1361 2679; x_wconf 66' lang='lat' dir='ltr'>llabet’Axoei85</span> <span class='ocrx_word' id='word_1_409' title='bbox 1376 2638 1426 2671; x_wconf 72' lang='grc' dir='ltr'>τὲς</span> <span class='ocrx_word' id='word_1_410' title='bbox 1441 2636 1542 2667; x_wconf 65' lang='grc' dir='ltr'>Φθίω-</span> 
     </span>
     <span class='ocr_line' id='line_1_61' title="bbox 856 2679 1543 2723; baseline -0.001 -13"><span class='ocrx_word' id='word_1_411' title='bbox 856 2692 922 2715; x_wconf 72' lang='grc' dir='ltr'><strong><em>τας.</em></strong></span> <span class='ocrx_word' id='word_1_412' title='bbox 987 2681 1173 2712; x_wconf 66' lang='lat' dir='ltr'>Achaeorum</span> <span class='ocrx_word' id='word_1_413' title='bbox 1209 2681 1430 2723; x_wconf 79' lang='lat' dir='ltr'>rempublicam</span> <span class='ocrx_word' id='word_1_414' title='bbox 1467 2679 1543 2709; x_wconf 90' lang='lat' dir='ltr'>nihil</span> 
     </span>
     <span class='ocr_line' id='line_1_62' title="bbox 855 2723 1542 2765; baseline -0.001 -12"><span class='ocrx_word' id='word_1_415' title='bbox 855 2732 932 2764; x_wconf 90' lang='lat' dir='ltr'>opus</span> <span class='ocrx_word' id='word_1_416' title='bbox 960 2730 1025 2754; x_wconf 86' lang='lat' dir='ltr'>erat</span> <span class='ocrx_word' id='word_1_417' title='bbox 1047 2724 1180 2759; x_wconf 80' lang='lat' dir='ltr'>liberari,</span> <span class='ocrx_word' id='word_1_418' title='bbox 1210 2735 1305 2765; x_wconf 88' lang='lat' dir='ltr'>quum</span> <span class='ocrx_word' id='word_1_419' title='bbox 1326 2723 1452 2764; x_wconf 84' lang='lat' dir='ltr'>plenam</span> <span class='ocrx_word' id='word_1_420' title='bbox 1473 2733 1542 2764; x_wconf 86' lang='lat' dir='ltr'>pos-</span> 
     </span>
     <span class='ocr_line' id='line_1_63' title="bbox 858 2765 1543 2798; baseline 0.001 -3"><span class='ocrx_word' id='word_1_421' title='bbox 858 2766 1022 2798; x_wconf 88' lang='lat' dir='ltr'>sessionem</span> <span class='ocrx_word' id='word_1_422' title='bbox 1065 2766 1216 2797; x_wconf 80' lang='lat' dir='ltr'>libertatis</span> <span class='ocrx_word' id='word_1_423' title='bbox 1255 2766 1413 2796; x_wconf 85' lang='lat' dir='ltr'>tenuisset.</span> <span class='ocrx_word' id='word_1_424' title='bbox 1482 2765 1543 2796; x_wconf 87' lang='lat' dir='ltr'>Hic</span> 
     </span>
     <span class='ocr_line' id='line_1_64' title="bbox 858 2808 1543 2850; baseline 0 -12"><span class='ocrx_word' id='word_1_425' title='bbox 858 2809 930 2839; x_wconf 88' lang='lat' dir='ltr'>solae</span> <span class='ocrx_word' id='word_1_426' title='bbox 959 2820 1004 2840; x_wconf 85' lang='lat' dir='ltr'>eae</span> <span class='ocrx_word' id='word_1_427' title='bbox 1033 2816 1140 2850; x_wconf 83' lang='lat' dir='ltr'>gentes</span> <span class='ocrx_word' id='word_1_428' title='bbox 1168 2808 1374 2843; x_wconf 83' lang='lat' dir='ltr'>nominantur,</span> <span class='ocrx_word' id='word_1_429' title='bbox 1404 2814 1438 2839; x_wconf 85' lang='lat' dir='ltr'>ut</span> <span class='ocrx_word' id='word_1_430' title='bbox 1473 2819 1543 2839; x_wconf 84' lang='lat' dir='ltr'>mox</span> 
     </span>
     <span class='ocr_line' id='line_1_65' title="bbox 858 2851 1543 2894; baseline 0 -13"><span class='ocrx_word' id='word_1_431' title='bbox 858 2851 1000 2883; x_wconf 85' lang='lat' dir='ltr'>observat</span> <span class='ocrx_word' id='word_1_432' title='bbox 1028 2852 1093 2894; x_wconf 88' lang='lat' dir='ltr'>ipse</span> <span class='ocrx_word' id='word_1_433' title='bbox 1123 2851 1240 2887; x_wconf 83' lang='lat' dir='ltr'>Livius,</span> <span class='ocrx_word' id='word_1_434' title='bbox 1267 2863 1334 2892; x_wconf 79' lang='lat' dir='ltr'>qua&gt;</span> <span class='ocrx_word' id='word_1_435' title='bbox 1362 2852 1413 2882; x_wconf 78' lang='lat' dir='ltr'>sub</span> <span class='ocrx_word' id='word_1_436' title='bbox 1437 2853 1543 2882; x_wconf 70' lang='lat' dir='ltr'>ditione</span> 
     </span>
     <span class='ocr_line' id='line_1_66' title="bbox 861 2894 1229 2935; baseline 0.003 -12"><span class='ocrx_word' id='word_1_437' title='bbox 861 2894 992 2933; x_wconf 73' lang='lat' dir='ltr'>Philippi</span> <span class='ocrx_word' id='word_1_438' title='bbox 1008 2894 1229 2935; x_wconf 74' lang='lat' dir='ltr'>regissuerant.</span> 
     </span>
    </p>
   </div>
   <div class='ocr_carea' id='block_1_11' title="bbox 941 2938 1003 2975">
    <p class='ocr_par' dir='ltr' id='par_1_25' title="bbox 941 2938 1003 2975">
     <span class='ocr_line' id='line_1_67' title="bbox 941 2938 1003 2975; baseline 0 0"><span class='ocrx_word' id='word_1_439' title='bbox 941 2938 1003 2975; x_wconf 76' lang='lat'>13</span> 
     </span>
    </p>
   </div>
  </div>
 </body>
</html>
