1947 3222
516 94 640 132 LIB.
668 93 838 132 XXXV.
881 94 956 131 CA
973 94 1012 131 P.
1044 94 1198 132 XXIX.
1487 101 1562 134 213

134 218 321 258 pergere,
353 219 433 258 qua
462 205 643 256 ecepisset
679 204 742 244 ire
775 203 856 251 via,
891 201 986 242 ⁹⁵cm
1021 209 1145 254 eam¹‚
1170 217 1249 257 qua
1285 206 1464 255 venisset,
1496 220 1559 247 re-
1574 213 1615 245 U.
1629 213 1665 245 C.
1678 214 1751 245 560.

135 268 276 314 petere
295 263 433 302 melius
453 267 571 307 esset„-
604 261 750 301 castris
775 274 929 314 quoque
957 274 1068 313 quem
1088 261 1212 301 locum
1234 269 1408 313 caperet,
1431 256 1666 316 quan-A·C·
1680 258 1750 289 192.

143 325 224 359 tmn
265 320 504 359 munimento
539 319 845 370 amplecteretur
877 318 970 367 loci,
1002 331 1081 371 qua
1115 324 1342 370 opportuna
1377 322 1556 373 aquatio,

143 390 222 429 qua
248 376 393 430 pabuli
421 375 697 429 lignorumque
732 376 852 428 copia
881 380 992 418 esset.
1024 389 1104 428 qua
1128 381 1293 428 postero
1324 376 1391 415 die
1424 384 1560 419 castra

143 434 315 474 moventi
344 438 469 473 tutum
498 433 670 473 maxime
700 433 792 481 iter,
816 446 904 486 quoe
920 432 1069 485 forma
1095 432 1269 486 agminis
1280 432 1416 485 foret.
1477 434 1559 475 His

141 491 251 531 curis
281 489 689 545 cogitationibusque
724 489 783 531 ita
818 490 871 530 ab
904 488 1074 530 ineunte
1104 496 1228 531 aetate
1258 488 1443 530 animum
1473 490 1559 545 agi-

144 554 318 596 taverat,
340 553 388 586 ut
419 546 534 587 nulla
553 546 590 587 ei
619 562 728 589 nova
748 547 790 587 in
812 546 885 588 tali
915 561 959 586 re
980 545 1177 601 cogitatio
1197 553 1314 587 esset.
1376 546 1435 586 Et
1467 554 1560 588 tum

141 604 327 644 omnium
347 603 531 658 primum
553 618 701 659 agmen
717 602 956 645 constituit:
990 603 1085 643 dein
1104 605 1322 645 Cretenses
1336 601 1558 644 auxiliares

142 668 198 709 et,
220 675 327 715 quos
354 659 604 702 Tarentinos
636 661 853 710 vocabant,
876 660 1053 716 equites,
1074 660 1194 701 binos
1224 674 1363 700 secum
1393 659 1558 701 trahen-

143 724 204 757 tes
225 731 368 772 equos,
390 716 444 757 ad
474 717 608 773 prima
630 719 747 773 signa
776 717 910 758 misit:
944 726 999 767 et,
1015 717 1144 771 jussis
1174 716 1386 773 equiti-bus
1417 717 1558 758 subse-

142 774 231 828 qui,
255 788 379 829 super
409 782 650 825 torrentem,
673 775 784 816 unde
814 774 962 830 aquari
992 782 1173 830 possent,
1201 789 1350 831 rupem
1379 788 1558 830 occupa-

142 830 215 871 vit.
277 831 343 871 Eo
373 830 656 886 inpedimenta
682 831 821 872 omnia
840 839 881 872 et
909 830 1099 872 calonum
1130 831 1297 872 turbam
1329 831 1557 886 conjectam

141 887 311 928 armatis
331 886 622 938 circumdedit,
644 896 684 929 et
715 903 792 944 pro
818 896 969 929 natura
997 887 1075 928 loci
1106 895 1240 928 castra
1269 887 1555 930 communivit.

142 944 410 985 tabernacula
440 952 623 986 statuere
652 945 694 986 in
724 945 900 1001 aspretis
929 953 970 986 et
1000 943 1241 999 inaequabili
1271 944 1357 985 solo
1392 944 1558 986 difficile

142 1009 243 1042 erat.
305 1002 460 1043 Hostes
490 1001 741 1057 quingentos
771 1017 917 1058 passus
947 1000 1131 1042 aberant.
1169 1000 1261 1042 ⁹⁶ex
1291 1000 1437 1041 eodem
1466 1001 1557 1043 rivo

141 1058 354 1114 utrimque
389 1073 484 1099 cum
523 1059 720 1114 praesidio
754 1058 856 1100 levis
890 1066 1114 1099 armaturae
1149 1057 1293 1113 aquati
1335 1066 1455 1099 sunt:
1499 1067 1556 1110 et,

140 1115 386 1170 priusquam
405 1115 566 1170 (qualia
584 1115 628 1156 in
647 1114 896 1171 propinquis
912 1114 1056 1156 castris
1072 1114 1223 1169 solent)
1241 1114 1558 1156 contraheretur

140 1180 362 1222 certamen,
393 1187 476 1212 nox
511 1172 747 1213 intervenit.
808 1173 982 1213 Postero
1011 1171 1079 1212 die
1109 1171 1338 1228 adparebat
1367 1186 1558 1227 pugnan-

140 1227 242 1268 dum
278 1244 355 1284 pro
390 1229 665 1284 aquatoribus
699 1229 808 1270 circa
841 1229 980 1269 rivum
1017 1243 1114 1269 esse.
1158 1236 1278 1269 nocte
1313 1228 1356 1269 in
1390 1228 1498 1270 valle
1532 1244 1558 1270 a

139 1293 363 1341 conspectu
390 1285 574 1328 hostium
595 1301 752 1337 aversa,
775 1294 976 1342 quantam
1005 1285 1320 1327 multitudinem
1352 1284 1467 1327 locus
1491 1301 1557 1327 oc-

138 1341 275 1382 culere
296 1350 475 1398 poterat,
497 1343 700 1394 condidit,
723 1351 1002 1385 caetratorum.

196 1399 384 1440 XXIX.
418 1401 535 1441 Luce
556 1408 664 1450 orta,
688 1399 951 1443 Cretensium
972 1399 1074 1441 levis
1100 1407 1314 1441 armatura
1334 1408 1374 1441 et
1398 1400 1557 1441 Taren-
1569 1415 1719 1447 Proelium

138 1455 215 1496 tini
237 1456 399 1511 equites
420 1472 544 1513 super
565 1465 791 1498 torrentem
812 1457 1007 1513 proelium
1029 1456 1336 1497 commiserunt.
1390 1456 1646 1497 Telem-inter
1658 1459 1763 1491 Philo-

520 1513 527 1520 .
1566 1513 1744 1544 poemeneln

1566 1551 1597 1576 et
1612 1545 1730 1578 Nabin.

137 1521 301 1554 nastusi
342 1514 553 1555 Cretenms
592 1514 868 1569 popularibus
908 1513 1006 1563 suis,
1048 1513 1262 1568 equitibus
1302 1513 1336 1540 ⁹⁷
1350 1512 1554 1568 Lycortas

140 1569 525 1625 RIegalopolitanus
553 1579 743 1626 praeerat.
803 1570 1062 1611 98Cretenses
1090 1578 1131 1611 et
1161 1570 1345 1612 hostium
1380 1570 1556 1611 auxilia-

137 1640 217 1676 res,
235 1628 512 1683 equitumque
533 1627 641 1668 idem
663 1642 795 1682 genus
814 1626 1047 1677 Tarentini,
1064 1626 1260 1682 praesidio
1280 1627 1555 1682 aquatoribus

138 1690 267 1724 erant.
328 1684 609 1739 Aliquamdiu
644 1684 822 1725 dubium
861 1683 1063 1740 proelium
1102 1683 1286 1733 fuitsut
1322 1684 1467 1724 eodem
1503 1699 1554 1725 ex

136 1747 256 1794 parte
285 1749 466 1796 utraque
493 1741 708 1782 hominum
738 1756 903 1797 genere,
932 1750 974 1782 et
1004 1740 1128 1781 armis
1159 1739 1343 1796 paribus.
1405 1742 1556 1782 Proce-

135 1796 260 1838 dente
295 1797 532 1848 certamine,
553 1798 587 1822 99
604 1806 645 1839 et
682 1813 856 1839 numero
887 1797 1020 1838 vicere
1050 1797 1219 1853 tyranni
1254 1797 1490 1848 auxiliares,
1513 1806 1554 1841 et

135 1853 236 1908 quia
264 1853 324 1895 ita
352 1864 612 1911 praeceptum
633 1870 658 1895 a
679 1855 994 1912 Philopoemene
1024 1854 1232 1910 praefectis
1257 1865 1360 1905 erat,
1382 1863 1446 1905 ut,
1469 1871 1555 1896 mo-

135 1910 230 1951 dico
249 1911 362 1953 edito
392 1912 555 1967 proelio,
577 1912 620 1953 in
649 1912 796 1968 fugam
825 1912 1086 1961 inclinarent,
1107 1911 1355 1967 hostemque
1376 1911 1430 1953 ad.
1459 1911 1555 1954 insi-

136 1966 301 2009 diarum
335 1968 473 2011 locum
512 1969 814 2026 pertraherent.

474 2055 493 2073 Χ
507 2063 540 2083 ea
554 2053 652 2084 Gron.

176 2120 218 2150 95
251 2120 300 2150 An
335 2131 397 2150 eam
432 2132 490 2161 qua
525 2123 644 2152 venisset
677 2121 819 2162 repetere]

134 2161 185 2192 Sic
200 2162 293 2193 habet
308 2173 387 2193 unus
402 2174 419 2193 e
435 2165 528 2194 MSS.
546 2164 687 2200 Hearnii,
704 2169 735 2194 et
750 2174 820 2195 nos-

133 2210 180 2235 ter
215 2215 336 2246 quoque
366 2206 449 2237 Vict.
496 2206 658 2238 Consentit
685 2207 820 2238 Andreae

133 2247 237 2278 editio.
284 2248 491 2280 Gronovianae
520 2249 667 2280 exhibent
696 2252 744 2281 An
772 2262 821 2281 ea.-

134 2290 234 2321 minus
250 2291 421 2323 commode.

177 2334 219 2364 96
243 2334 288 2364 Er
320 2337 414 2366 eodem
450 2336 512 2365 rivo
546 2337 694 2376 utrimque
715 2357 724 2365 .
747 2357 756 2366 .
780 2357 789 2365 .
814 2357 822 2365 .

134 2379 235 2415 aquati
262 2378 346 2419 sunt]
384 2377 540 2415 Andreas,
569 2381 704 2419 utrique:
740 2377 823 2419 quod

136 2419 234 2459 magis
247 2420 360 2461 placet.

178 2462 218 2492 97
244 2463 383 2502 Lycortas
412 2464 689 2505 Megalopolitanus]
723 2464 756 2494 Is
778 2468 824 2494 est

137 2504 349 2551 proculdubio
366 2507 488 2548 Poly-bii
509 2507 705 2538 historiarum
729 2506 823 2549 scrip-

138 2550 209 2576 toris
223 2552 321 2588 pater.

178 2589 218 2635 98
244 2589 388 2622 Cretenses
424 2598 452 2622 et
487 2593 625 2633 hostium]
667 2592 823 2629 Cretenses,

137 2640 190 2670 qui
219 2638 305 2663 erant
329 2641 355 2664 et
384 2635 517 2672 hostium,
545 2635 577 2666 id
606 2640 663 2670 est,
691 2635 825 2666 hostium

136 2683 270 2714 quoque,
311 2677 476 2713 anailiares,
520 2680 705 2719 equitumque
751 2680 825 2708 idem

135 2726 239 2763 genus,
269 2717 331 2748 sive
366 2729 461 2759 genus
493 2721 630 2762 equitum
660 2720 759 2751 simile
790 2721 826 2751 iis

139 2759 305 2797 equltibus,
329 2762 382 2801 qui
405 2773 460 2803 pro
485 2763 607 2794 Achaeis
631 2764 825 2806 pugnabant,

136 2810 247 2842 nempe
275 2804 395 2843 equites
426 2805 590 2841 Tarentini,
625 2806 765 2849 praesidio
795 2818 826 2837 e-

138 2851 203 2874 rant
231 2845 429 2885 aquatoribus
452 2848 597 2879 Nabidis.
644 2849 826 2891 Intelligen-

876 1968 1023 2010 Effuse
1060 1968 1190 2009 secuti
1230 1968 1440 2024 fugientes
1479 1984 1555 2025 per

747 2057 765 2082 Y
781 2052 989 2083 Lutemnastus
1005 2051 1103 2082 Gron.
1120 2050 1215 2082 Crev-

864 2119 940 2150 dum
976 2124 1023 2149 est
1052 2118 1146 2159 igitur
1175 2117 1339 2158 utrimque,
1370 2123 1435 2149 tum
1469 2118 1553 2159 apud

865 2163 1010 2198 Achaeos,
1035 2167 1102 2192 tum
1126 2161 1209 2202 apud
1231 2160 1400 2197 Nabidem,
1421 2166 1451 2192 et
1477 2162 1553 2192 Cre-

865 2210 978 2243 tenses,
1000 2212 1031 2235 et
1046 2204 1229 2235 Tarentinos
1252 2204 1372 2245 equites
1392 2203 1554 2236 militasse.

867 2249 979 2289 Itaque
1004 2247 1053 2278 hie
1069 2248 1230 2279 Cretenses
1253 2247 1399 2277 adversus
1423 2248 1553 2278 Creten-

866 2301 925 2326 ses,
943 2291 1101 2321 Tarentini
1123 2289 1242 2332 equites
1262 2289 1410 2321 adversus
1433 2290 1554 2332 equites

866 2333 1049 2365 Tarentinos
1071 2338 1220 2375 pugnant.
1267 2333 1318 2363 Sic
1342 2338 1372 2363 et
1395 2333 1427 2363 in
1449 2343 1555 2374 pugna

867 2377 1110 2419 Philopoemenis
1146 2376 1291 2407 adversus
1327 2376 1554 2406 Machanidam

866 2420 949 2461 apud
978 2420 1090 2461 Polyb.
1115 2420 1136 2449 l.
1166 2419 1226 2449 XI.
1253 2418 1408 2460 utrimque
1435 2418 1555 2460 equites

866 2462 1026 2493 Tarentini
1042 2461 1282 2504 conspiciuntur.

909 2506 950 2536 99
976 2506 1016 2535 Et
1047 2516 1167 2535 numero
1196 2506 1289 2535 vicere
1316 2505 1438 2544 tyranni
1469 2504 1553 2533 auai-

869 2548 965 2584 liaoes,
994 2555 1021 2578 et
1047 2548 1131 2588 qnia]
1162 2546 1332 2589 Duplicem
1360 2547 1400 2577 ob
1429 2555 1555 2577 causam

870 2590 968 2622 vicere
995 2590 1119 2633 tyranni
1141 2590 1316 2626 auxiliares,
1340 2589 1423 2630 quod
1446 2597 1556 2629 nempe

869 2639 900 2664 et
928 2644 1055 2664 nurnero
1085 2633 1285 2675 superabant,
1310 2637 1341 2662 et
1368 2636 1557 2673 praeceptum

870 2686 888 2707 a
920 2677 1156 2718 Philopoemene
1184 2675 1338 2718 praefectis
1364 2678 1440 2709 erat,
1463 2681 1498 2703 ut
1526 2673 1559 2703 in

870 2719 975 2760 fugam
1008 2719 1202 2751 inclinarent.
1248 2719 1359 2758 Itaque
1391 2715 1560 2746 absolvitur

870 2773 977 2793 sensus
1002 2763 1034 2793 in
1058 2762 1150 2793 verbo
1175 2761 1386 2800 pertraherent.
1431 2760 1471 2789 In
1493 2759 1560 2789 vul*

871 2805 950 2846 gatis
970 2805 1156 2836 editionibus
1183 2803 1232 2833 hic
1258 2803 1344 2833 locus
1363 2801 1447 2832 mala
1468 2802 1561 2832 inter—

871 2848 1037 2890 punctione
1053 2847 1225 2878 laborabat.

930 2892 1002 2930 1253
