1947 3222
572 132 693 170 LIB.
722 131 890 187 xxxv.
928 133 1059 170 CAP.
1091 134 1237 172 wa.
1529 144 1603 182 227

245 244 430 286 XLIII.
455 240 583 283 Nulla
603 240 769 297 ingenia
789 249 875 283 tam
898 256 1030 298 prona
1049 241 1104 283 ad
1124 242 1324 285 invidiam
1346 254 1456 296 sunt,
1475 262 1600 304 quam
1616 255 1655 286 U.
1671 256 1790 288 0560.

185 318 344 353 eorum,
380 299 453 356 qui
483 313 614 354 genus
644 313 691 338 ac
720 297 935 340 fortunam
967 313 1085 340 suam
1115 299 1264 341 animis
1294 316 1374 342 non
1406 298 1653 360 aequant:⁴‘¹;·
1671 299 1792 346 egis-2.

184 359 325 414 '³⁹quia
345 358 544 398 virtutem
566 363 607 395 et
627 355 785 396 bonum
807 355 989 396 alienum
1011 356 1204 398 oderunt.
1257 358 1486 415 Extemplo
1507 376 1600 403 con-
1613 342 1785 414 ss‘j'ssssillffim

184 416 322 456 silium
357 411 549 454 mittendi
582 411 847 463 Hannibalis,
882 412 998 468 quod
1029 428 1161 454 unum
1192 412 1233 453 in
1264 414 1471 471 principio
1501 418 1598 460 belli
1613 410 1799 458 Hannibalis

183 471 341 512 utiliter
361 468 590 523 cogitatum
617 477 719 518 erat,
742 469 952 524 abjectum
983 477 1056 511 est.
1119 470 1400 512 Demetriadis
1421 474 1598 516 maxime
1611 469 1640 498 in
1655 470 1796 518 'Africam

182 529 411 569 defectione
441 526 494 566 ab
518 525 719 566 Romanis
746 526 801 566 ad
822 527 987 568 AEtolos
1016 526 1164 577 elatus,
1186 542 1268 568 non
1291 527 1402 569 ultra
1433 529 1598 572 differre
1611 512 1762 553 abjmitur.

180 583 476 641 profectionem
508 583 551 623 in
587 582 794 624 Graeciam
830 584 1058 625 constituit.
1131 585 1385 640 Priusquam
1422 586 1595 629 solveret
1613 599 1782 632 Antiochus

179 656 317 691 naves,
357 640 485 681 Ilium
520 655 546 680 a
584 641 687 680 mari
729 640 959 689 adscendit,
997 649 1045 681 ut
1088 639 1294 683 Minervae
1335 642 1807 691 &ermom-etinReform

181 697 285 738 Inde
315 698 369 738 ad
400 697 570 738 classem
600 712 825 752 regressus,
856 697 1133 754 proficiscitur
1163 698 1445 755 quadraginta
1475 701 1594 742 tectis
1608 691 1730 726 “³³¹⁶¹²'

177 755 369 805 navibus,
391 753 546 810 apertis
577 755 815 810 sexaginta:
848 762 888 796 et
911 755 1103 797 ducentae
1124 756 1323 797 onerariae
1344 771 1438 797 cum
1460 759 1593 799 omnis

174 811 338 865 generis
377 819 610 852 commeatu
650 811 883 867 bellicoque
923 811 1003 852 alio
1048 812 1254 868 adparatu
1296 813 1589 869 sequebantur.

177 868 369 910 Imbrum
390 868 526 924 primo
542 867 718 909 insulam
740 868 874 910 tenuit
891 885 899 909 :
932 869 1029 910 inde
1048 869 1278 925 Scyathum
1299 870 1474 926 trajecit,
1501 872 1589 923 ubi,

175 925 370 967 conlectis
389 925 471 966 ⁵⁰in
492 924 592 975 alto,
615 940 711 980 quae
732 925 943 981 dissipatae
964 934 1096 976 erant,
1113 925 1305 976 navibus,
1322 927 1376 967 ad
1398 927 1588 970 Pteleum

173 982 357 1038 primum
388 981 636 1024 continentis
665 981 794 1031 venit,
815 981 874 1023 ibi
895 982 1166 1038 Eurylochus
1192 982 1228 1023 ei
1267 984 1589 1038 Magnetarches

172 1039 465 1096 principesque
497 1039 748 1093 Magnetum
778 1038 831 1080 ab
862 1038 1130 1080 Demetriade
1159 1040 1449 1081 obcurrerunt.
1486 1056 1589 1097 quo-

173 1110 267 1136 rum
284 1095 521 1152 frequentia
535 1094 671 1145 laetus,
690 1095 756 1136 die
772 1104 939 1151 postero
955 1095 997 1136 in
1013 1095 1129 1136 urbis
1145 1104 1316 1152 portum
1332 1097 1509 1138 navibus
1526 1107 1585 1140 est

172 1153 372 1194 invectus.
435 1151 587 1208 Copias
607 1151 723 1193 haud
752 1151 899 1208 procul
928 1151 1025 1193 inde
1056 1152 1261 1208 exposuit.
1295 1152 1436 1194 decem
1457 1154 1587 1196 millia,

171 1209 363 1264 peditum
392 1209 524 1259 fuere,
550 1216 591 1250 et
620 1209 841 1265 quingenti
869 1210 1047 1265 equites,
1070 1224 1142 1250 sex
1170 1209 1404 1266 elephanti3
1439 1211 1510 1252 vix
1533 1213 1585 1253 ad

171 1265 378 1308 Graeciam
418 1265 576 1307 nudam
615 1265 902 1323 occupandam
938 1266 1036 1308 satis
1076 1266 1304 1323 copiarum,
1340 1267 1496 1309 nedum
1532 1270 1585 1310 ad

169 1323 459 1365 sustinendum
491 1323 728 1364 Romanum
759 1323 929 1364 bellum.
998 1323 1147 1374 AEtoli,
1178 1332 1401 1380 postquam
1435 1325 1585 1366 Deme-

168 1379 345 1421 triadem
380 1380 539 1421 venisse
572 1380 831 1421 Antiochum
867 1380 1057 1422 adlatum
1091 1389 1167 1431 est,
1204 1381 1376 1422 concilio
1411 1381 1582 1433 indicto,

167 1436 396 1488 decretum,
428 1452 513 1493 quo
547 1445 798 1479 arcesserent
834 1452 945 1488 eum,
977 1438 1179 1479 fecerunt.
1241 1439 1340 1479 Jam
1371 1439 1583 1494 profectus

167 1494 220 1534 ab
242 1494 511 1536 Demetriade
541 1509 629 1544 rex,
652 1493 753 1550 quia
779 1494 838 1535 ita
858 1494 1098 1536 decreturos
1128 1494 1296 1545 sciebat,
1321 1495 1517 1536 PhalaraS
1538 1497 1578 1536 in

168 1551 304 1592 sinum
326 1551 555 1592 Maliacum
576 1559 842 1607 processerat.
868 1551 980 1601 inde,
999 1551 1165 1592 decreto
1186 1560 1370 1607 accepto,
1390 1552 1579 1594 Lamiam

166 1608 294 1658 venit,
318 1616 518 1664 exceptus
548 1607 707 1664 ingenti
736 1608 878 1648 favore
907 1607 1205 1658 multitudinis,
1237 1623 1332 1649 cum
1363 1609 1580 1664 plausibus

167 1665 516 1721 clamoribusque,
538 1673 579 1707 et
599 1664 755 1721 quibus
785 1664 874 1705 aliis
903 1663 1049 1706 laetitia
1073 1665 1205 1705 effusa
1223 1665 1347 1721 :vulgi
1379 1665 1580 1721 significa-

165 1732 247 1765 tur.

224 1781 391 1822 XLIV.
426 1783 478 1822 In
508 1779 729 1821 concilium
765 1787 814 1821 ut
848 1787 1020 1821 ventum
1056 1788 1131 1829 est,
1162 1778 1311 1836 ⁵¹aegre
1341 1795 1366 1820 a
1397 1780 1578 1821 Phaenea

164 1846 342 1895 praetore
369 1837 714 1895 principibusque
741 1836 1021 1887 introductus,
1043 1837 1138 1878 inde
1168 1837 1280 1878 facto
1305 1836 1481 1887 silentio,
1504 1853 1575 1878 rex

164 1895 301 1936 dicere
321 1911 450 1937 orsus.
512 1893 655 1936 Prima
675 1894 765 1950 ejus
785 1893 918 1935 oratio
945 1894 1026 1936 fuit
1048 1894 1297 1944 excusantis,
1325 1893 1444 1942 Quod
1463 1901 1577 1935 tanto
1590 1904 1735 1936 Antiochi

163 1953 385 1994 minoribus
403 1967 472 2005 spe
492 1958 610 2005 atque
632 1952 822 2004 opinione
851 1953 1022 1991 omnium
1043 1952 1169 2004 copiis
1188 1952 1364 1992 venisset.
1428 1952 1479 1992 ld
1495 1966 1577 1992 suoe
1589 1949 1731 1995 ⁰¹a¹1⁰ss¹¹
1765 1994 1770 2001 ,

164 2012 342 2064 inpeusae
373 2025 469 2064 erga
501 2024 564 2050 eos
593 2010 812 2050 voluntatis
841 2011 1053 2049 maximum
1084 2009 1224 2049 debere
1254 2009 1446 2049 indicium
1482 2023 1573 2061 esse,
1589 1992 1788 2065 fflssfflffib

162 2069 270 2122 quod
289 2082 358 2108 nec
379 2073 556 2120 paratus
574 2067 671 2107 satis
690 2067 775 2106 ulla
795 2080 852 2115 re,
876 2072 913 2106 et
933 2072 1108 2119 tempore
1136 2067 1193 2106 ad
1212 2067 1490 2120 navigandum
1512 2068 1574 2107 in-

160 2132 328 2173 maturo,
354 2124 582 2165 vocantibus
610 2125 758 2179 legatis
784 2138 930 2171 eorum,
958 2124 1071 2163 haud
1089 2130 1264 2176 gravate
1293 2123 1490 2163 obsecutus
1520 2139 1576 2165 es-

160 2190 232 2234 set,
253 2183 575 2236 credidissetque,
599 2195 714 2235 quum
743 2196 784 2222 se
813 2181 1005 2221 vidissent
1028 2181 1176 2228 AEtoli,
1210 2182 1345 2221 omnia
1372 2181 1434 2221 vel
1463 2180 1505 2221 in
1534 2197 1575 2223 se

159 2255 238 2281 uno
256 2240 385 2293 posito
401 2240 604 2292 praesiclz'ci
633 2239 929 2279 existimaturos
957 2253 1049 2279 esse.
1113 2239 1290 2279 Ceterum
1321 2252 1451 2279 eorum
1481 2253 1574 2292 quo-

161 2312 234 2351 que
262 2313 315 2347 se,
349 2311 512 2351 quorum
548 2297 791 2348 exspectatio
822 2296 1013 2336 destituta
1045 2297 1087 2336 in
1116 2297 1339 2348 prcesentia
1369 2297 1569 2345 videatur,

159 2369 264 2407 spem
293 2355 450 2395 abunde
479 2356 736 2407 eaplcturum.
798 2353 907 2392 Nam
941 2355 1059 2393 simut
1088 2355 1261 2405 primum
1292 2355 1394 2393 anni
1424 2359 1572 2406 tempus

162 2412 391 2466 navigabile
412 2411 651 2465 praebuisset
677 2425 801 2460 mure,
824 2424 974 2450 omnem
995 2425 1035 2451 se
1059 2410 1264 2451 Grcecz'am
1295 2411 1433 2460 armis,
1456 2412 1568 2458 viris,

161 2470 282 2522 equis,
301 2484 448 2510 omnem
469 2483 580 2509 oram
597 2469 844 2509 maritimam
864 2468 1049 2508 classibus
1065 2469 1355 2521 completurum.
1401 2468 1488 2508 Nec
1510 2469 1570 2508 in-

154 2539 305 2578 pensae,
327 2541 395 2567 nec
415 2527 561 2575 labori,
580 2540 650 2566 nec
663 2526 847 2578 periculo
859 2539 1092 2578 parsurum,
1111 2526 1244 2574 donec,
1264 2526 1426 2578 depulso
1445 2526 1569 2565 cervi-

648 2621 660 2638 5
679 2618 834 2648 Phaleram
850 2618 948 2649 Gron.
965 2617 1055 2648 Crev-

208 2696 247 2727 49
271 2696 348 2730 Quia
373 2699 511 2728 virtutem
537 2702 564 2728 et
586 2700 687 2728 bonum
711 2698 839 2727 alienum
884 2696 927 2726 hil
951 2696 1102 2738 pertinere
1126 2696 1312 2736 intelligant,
1335 2695 1365 2725 in
1390 2695 1457 2724 aliis
1479 2704 1564 2736 repe-

163 2740 300 2780 nderunt]
324 2740 428 2782 Magis
439 2740 629 2781 placeret.ut
639 2742 754 2770 bonum.
779 2739 841 2776 Qui
887 2739 936 2769 riri
952 2740 1079 2770 moleste
1094 2740 1203 2770 ferunt.

161 2781 274 2812 conscii
290 2781 346 2812 sibi
359 2788 429 2812 suut
443 2783 546 2824 pusilli
563 2783 594 2812 in
608 2793 723 2824 magna
748 2783 840 2812 fortu-
929 2784 970 2813 50
982 2784 999 2801 *
1012 2783 1048 2812 In
1063 2784 1121 2812 alto
1135 2783 1214 2822 qu]
1247 2782 1325 2817 Quae
1342 2779 1371 2809 in
1388 2779 1450 2809 alto
1465 2780 1552 2810 mari.

160 2834 201 2854 na
225 2824 328 2859 animi,
353 2825 481 2855 oderunt
507 2825 664 2861 virtutem,
693 2831 841 2866 tanquam
929 2827 966 2855 51
995 2826 1100 2867 AEgre]
1135 2825 1186 2854 Ob
1205 2823 1409 2854 confluentem
1433 2823 1563 2852 turbam.

158 2867 272 2897 bonum
298 2866 441 2903 alienum,
458 2868 539 2908 quod
563 2879 658 2908 quum
688 2868 727 2898 ad
749 2878 780 2898 se
798 2867 843 2897 ni-
889 2867 1020 2897 Addidit
1035 2867 1070 2898 «τὸ
1085 2879 1164 2908 (egre
1179 2877 1214 2897 ex
1233 2866 1302 2896 MS.
1319 2875 1373 2895 suo
1390 2865 1526 2895 Modius.

961 2912 1034 2951 0⁶2
