1947 3222
493 137 610 174 LIB.
640 134 807 174 XXXV.
849 136 924 172 CA
943 135 981 171 P.
1013 135 1204 174 XXXIX.
1503 144 1578 177 223

165 247 385 303 trajiceret.
417 246 504 302 ipse
533 251 688 286 ceteras
712 244 866 299 copiaS,
888 244 1103 285 nocturnis
1133 245 1312 286 maxime
1343 247 1633 298 itinelibus,1r
1647 261 1682 292 c
1696 261 1769 292 560

165 312 325 360 quanta
344 311 507 359 poterat
528 301 753 350 celeritate,
778 301 1019 342 Chalcidem
1040 301 1234 342 ducebat.
1589 303 1630 334 A·
1641 304 1678 335 C·
1698 306 1767 336 192-

224 359 505 400 XXXVIII.
539 358 691 399 Mictio
712 366 753 398 et
777 357 1045 408 Xenoclides,
1071 372 1197 414 penes
1218 374 1325 413 quos
1356 373 1445 400 tum
1468 377 1578 402 511111-

165 432 231 458 ma
252 431 406 465 rerum,
427 415 549 471 pulso
572 414 852 470 Euthymida,
877 414 1076 455 Chalcide
1106 423 1208 464 erat,
1232 431 1303 456 seu
1334 416 1412 471 ipsi
1442 432 1516 472 per
1538 435 1579 459 se

165 473 377 538 sus-picati,
401 487 471 512 scu
503 471 685 512 indicata
708 487 767 520 re,
789 486 840 527 pi
842 487 924 512 11110
954 471 1111 527 pavidi,
1134 471 1236 512 nihil
1268 487 1445 528 usquam
1478 475 1579 529 spei,

165 531 243 570 msi
273 530 314 570 in
345 529 462 583 fuga,
484 529 708 584 ponebant.
741 528 905 577 deinde,
932 536 1156 592 postquam
1187 529 1339 570 resedit
1370 537 1517 579 terior,
1539 540 1580 571 et

166 586 287 650 prodi
308 594 348 626 et
366 585 497 626 deseri
519 600 601 626 non
622 584 800 641 patriam
823 585 963 634 modo,
981 585 1052 626 sed
1074 585 1197 626 etiam
1216 585 1502 626 Romanorum
1520 602 1582 627 50-

166 643 370 692 cietatem,
402 643 640 691 cernebant,
672 642 842 682 consilio
873 642 945 682 tali
976 642 1158 683 animum
1193 643 1446 699 adjecerunt.
1511 644 1581 684 Sa-

165 714 281 740 crum
317 699 643 740 anniversarium
680 715 728 739 eo
763 699 871 740 f01te
904 707 1089 754 tempore
1126 700 1304 740 Eretiiae
1331 699 1583 757 ⁵2A1naryn-

163 756 293 797 thidis
315 756 463 797 Dianae
489 764 604 796 erat:
638 756 754 811 quod
784 771 866 796 11011
896 756 1164 811 popularium
1194 756 1333 806 modo,
1357 757 1428 798 sed
1452 758 1582 813 Cary-

162 813 336 854 stiorum
374 814 499 854 etiam
530 820 641 853 coetu
667 813 915 853 celebratui.
976 814 1042 852 Eo
1072 813 1288 862 miser‚unt
1311 815 1386 870 qui
1415 823 1581 856 orarent

163 871 423 911 Eretrienses
440 870 760 936 Carystiosque,
791 868 844 910 Ut
865 876 903 910 et
922 884 1081 910 suanam
1091 868 1357 920 sortunamm
1380 872 1421 911 in
1442 873 1582 912 eadem

161 927 295 968 insula
310 929 446 981 gemti
466 942 584 968 mzse7
586 942 626 967 er
629 934 758 973 entur,
778 933 815 967 et
831 929 1057 968 Romanam.
1078 929 1303 968 societatem
1324 929 1579 981 respzcerent.

161 999 213 1024 ne
241 985 419 1025 sinerent
441 985 672 1024 AEtolorum
702 984 933 1024 Chalcidem
954 983 1071 1037 fieri.
1133 984 1328 1025 Euboeam
1358 986 1580 1037 habituros,

161 1043 198 1082 si
221 1042 449 1083 Chalcidem
471 1041 711 1082 habuissent.
777 1040 936 1081 Graves
945 1041 1085 1094 ficisse
1107 1041 1357 1082 Macedonas
1377 1044 1556 1084 dominos
1564 1067 1578 1090 ;

162 1100 284 1139 multo
319 1100 449 1140 minus
482 1098 709 1139 tolerabiles
726 1097 901 1162 futuros
936 1097 1109 1137 AEtolos.
1172 1099 1458 1140 Romanorum
1496 1116 1581 1141 ma-

164 1156 274 1197 xime
309 1164 521 1211 respectus
553 1154 741 1195 civitates
773 1155 919 1204 movit,
951 1163 991 1195 et
1023 1155 1223 1196 virtutem
1259 1171 1395 1211 nuper
1424 1156 1466 1197 in
1495 1157 1582 1198 bel-

163 1213 217 1262 lo,
249 1221 290 1254 et
325 1228 368 1253 1n
397 1212 571 1253 victoria
600 1211 809 1276 justitiam
844 1212 1233 1267 benignitatemque
1269 1222 1473 1278 expertas.
1505 1214 1581 1255 ita-

163 1285 262 1325 que,
298 1269 421 1332 quod
448 1269 609 1310 roboris
647 1269 688 1308 in
721 1269 947 1324 juventute
982 1277 1085 1318 erat,
1122 1277 1302 1324 utraque
1338 1270 1483 1311 civitas
1518 1286 1581 1311 ar-

164 1327 294 1367 mavit
334 1326 543 1389 misitque.
605 1325 687 1367 His
731 1325 889 1366 tuenda
934 1326 1088 1366 moenia
1130 1326 1341 1367 Chalcidis
1380 1327 1579 1383 oppidani

164 1398 299 1439 quum
349 1382 633 1432 tradidissent,
673 1382 753 1438 ipsi
798 1383 993 1424 omnibus
1032 1382 1162 1438 copiis
1205 1385 1450 1439 transgressi
1492 1386 1581 1425 Eu-

163 1455 318 1496 ripum,
340 1440 394 1480 ad
426 1440 629 1495 Salganea
655 1448 887 1495 posuerunt
915 1448 1060 1480 castra.
1092 1439 1189 1480 inde
1217 1440 1464 1482 caduceator
1498 1442 1582 1497 pri-

165 1512 296 1546 mum,
319 1496 470 1537 deinde
491 1496 618 1551 legati
639 1496 693 1536 ad
716 1496 881 1537 AEtolos
901 1496 1014 1536 missi
1044 1505 1378 1551 percunctatum,
1400 1513 1485 1553 quo
1507 1514 1582 1539 suo

166 1553 279 1594 dicto
299 1553 462 1594 factove
484 1553 581 1594 socii
603 1560 730 1608 atque
751 1553 871 1593 amici
893 1552 947 1593 ad
975 1568 1016 1593 se
1036 1553 1341 1608 obpugnandos
1361 1554 1581 1596 venirent?

168 1610 402 1666 Respondit
425 1610 569 1650 Thoas
598 1609 686 1650 dux
709 1609 873 1650 AEtolm
876 1625 962 1659 um,
987 1610 1082 1649 Non
1107 1612 1163 1650 acl
1191 1610 1492 1664 obpugnandos,
1515 1613 1586 1653 sed

165 1668 222 1708 ad
249 1667 482 1709 liberandos
510 1667 561 1707 ab
591 1667 803 1715 Romanis,
835 1668 973 1707 venire
1005 1681 1098 1707 sese.
1159 1668 1445 1720 Splendidiore
1479 1684 1583 1710 nunc

164 1739 229 1765 eos
244 1730 401 1772 catena,
417 1723 453 1748 3³
463 1725 534 1765 sed
544 1729 560 1750 ¹²
576 1725 698 1764 multo
708 1724 917 1778 graviore,
932 1725 1083 1765 vinctos
1098 1739 1191 1774 esse,
1206 1739 1324 1778 quam
1342 1741 1457 1779 quum
1476 1741 1583 1779 prce-

164 1783 309 1822 sidium
351 1781 620 1822 Macedonum
664 1796 708 1821 111
751 1796 845 1821 arce
882 1781 1122 1823 habmssent.
1197 1783 1247 1823 Se
1287 1797 1390 1833 vere,
1431 1799 1583 1839 negare

167 1838 474 1889 Chalcidenses,
496 1845 569 1879 aut
597 1840 749 1880 servire
769 1839 859 1890 ulle,
880 1845 953 1879 aut
974 1840 1175 1892 p1aeszdzo
1201 1854 1429 1894 cujusquam
1455 1855 1582 1894 egem

168 1897 237 1937 Ita
259 1895 432 1951 digressi
458 1912 509 1937 ex
540 1895 761 1960 conloquio
790 1896 918 1960 legati
948 1896 1003 1937 ad
1033 1912 1141 1937 suos
1204 1897 1348 1938 Thoas
1369 1905 1410 1938 et
1432 1898 1582 1947 AEtoli,

165 1960 213 1993 ut
235 1952 308 2008 qui
329 1967 443 2008 spem
464 1968 627 1994 omnem
648 1969 690 1993 111
711 1968 773 2003 eo,
797 1961 845 1994 ut
865 1953 1076 2009 inproviso
1096 1954 1394 2009 obprimerent,
1417 1954 1585 1996 habuis-

166 2017 271 2060 sent,
293 2009 347 2050 ad
375 2008 580 2065 3“justum
610 2010 768 2051 bellum
798 2010 1238 2066 obpugnationemque
1266 2011 1381 2052 urbis
1411 2012 1516 2052 mari
1537 2027 1584 2052 ac

166 2074 278 2107 terra
297 2066 470 2108 munitae
490 2066 820 2122 haudquaquam
841 2082 975 2122 pares,
992 2067 1164 2107 domum
1186 2067 1355 2108 rediere
1417 2068 1586 2124 Euthy-

167 2123 315 2173 midas,
333 2131 557 2178 postquam
578 2132 713 2165 castra
732 2123 999 2187 popularium
1021 2122 1074 2164 ad
1094 2124 1296 2179 Salganea
1311 2140 1411 2174 esse,
1425 2125 1586 2180 profec-

168 2188 316 2236 tosque
340 2180 505 2221 AEtolos
526 2180 703 2231 audivit,
721 2189 762 2222 et
783 2195 870 2236 lpse
891 2196 916 2221 a
938 2181 1099 2222 Thebis
1116 2181 1307 2223 Athenas
1327 2182 1465 2223 rediit.
1525 2183 1584 2224 Et

170 2236 432 2287 Herodorus,
454 2252 588 2292 quum
616 2252 691 2292 per
712 2237 871 2293 aliquot
893 2236 981 2277 dies
1001 2237 1187 2279 intentus
1207 2239 1259 2279 ab
1282 2238 1485 2280 Atalanta
1507 2238 1587 2294 sig-

168 2308 270 2334 num
300 2294 587 2350 nequidquam
608 2301 899 2349 exspectasset,
921 2294 1045 2335 missa
1075 2295 1350 2350 speculatoria
1379 2311 1498 2360 nave,
1521 2306 1584 2345 ut,

170 2350 275 2446 quid
304 2366 431 2392 morae
452 2359 572 2400 esset,
596 2350 732 2400 sciret,
754 2359 976 2407 postquam
1008 2366 1094 2392 rem
1125 2367 1317 2393 omissam
1339 2368 1364 2393 a
1385 2353 1505 2394 sociis
1527 2353 1586 2393 vi-

202 2415 233 2448 1t
256 2407 509 2457 Thronium,
534 2382 643 2449 uiide
664 2415 847 2457 venerat,
869 2408 1032 2463 repetit.

229 2463 465 2505 XXXIX.
500 2464 721 2515 Quinctius
761 2479 946 2520 quoque,
982 2464 1045 2505 his
1084 2465 1255 2516 auditis,
1291 2466 1344 2507 ab
1382 2465 1586 2507 Corintho

788 2550 804 2575 P
820 2554 847 2577 et
864 2548 961 2579 Gron-

216 2620 256 2649 32
280 2621 500 2662 Amarynthidis
524 2623 649 2664 Dianoe]
685 2623 753 2654 Hoc
776 2622 855 2653 Dia·
901 2622 972 2654 huic
998 2623 1065 2654 loco
1090 2623 1274 2665 particulam
1299 2626 1357 2660 sed,
1378 2635 1415 2655 ex
1439 2623 1588 2654 vetustius

174 2672 222 2692 nae
236 2672 402 2703 cognomen
424 2665 555 2696 inditum
578 2672 624 2697 est
646 2667 685 2696 ab
700 2666 857 2707 Amaryn—
901 2667 983 2697 cusis
1009 2672 1040 2696 et
1065 2666 1170 2698 codice
1197 2667 1368 2702 Victorino,
1396 2667 1464 2697 loco
1487 2667 1526 2696 τῦ
1547 2673 1585 2702 et,

176 2704 228 2734 tho
248 2705 393 2747 oppidulo
409 2708 550 2744 Euboeae,
566 2709 650 2740 haud
673 2709 780 2751 procul
795 2708 855 2739 dis·
901 2709 984 2749 quod
1014 2709 1159 2740 mendose
1183 2710 1330 2752 reperitur
1356 2709 1387 2739 in
1415 2709 1586 2740 Gronovia-

175 2751 261 2778 tante
276 2748 315 2778 ab
330 2749 458 2780 Eretria.
501 2732 565 2782 Sub
590 2751 648 2782 hoc
671 2751 780 2782 eodem
803 2761 856 2782 no·
901 2762 948 2782 nis
964 2751 1159 2783 editionibus.
1190 2766 1192 2768 ·

176 2790 258 2820 mine
274 2790 379 2821 Diana
401 2792 557 2824 colebatur
574 2804 697 2841 quoque
712 2794 856 2830 Athenis,
944 2795 1144 2825 34⁴*Justum
1177 2794 1298 2834 bellum]
1338 2794 1464 2825 Bellum
1497 2805 1586 2836 aper-

176 2837 253 2862 teste
269 2832 447 2864 Pausania
440 2844 472 2865 111
486 2835 609 2867 Atticis.
901 2841 978 2873 tum,
993 2837 1075 2877 quod
1091 2836 1156 2868 sine
1178 2836 1284 2866 fraude
1299 2835 1478 2879 insidiisque
1491 2837 1586 2869 fieret.

218 2876 257 2905 33
281 2875 334 2905 Sed
358 2877 448 2906 multo
469 2879 618 2919 graviore]
648 2879 858 2911 Reddidimus
903 2879 977 2911 Vid.
991 2885 1052 2910 not.
1069 2881 1121 2910 27.
1138 2879 1212 2911 adl.
1228 2879 1255 2910 Ι.
1270 2889 1297 2909 e.
1312 2880 1342 2910 4.
