1947 3222
150 232 194 264 U.
205 230 243 261 C.

152 274 194 305 A.
207 274 245 305 0·
259 273 329 305 186.
361 276 578 319 concionem
606 282 794 326 vocasset,
812 274 923 328 sorte
952 282 1092 316 temere
1114 277 1220 316 coire
1245 273 1511 315 ⁶⁵voluerunt:
1541 279 1590 322 et,
1611 273 1781 315 ubicum-

362 114 441 148 412
886 109 920 146 T
934 109 952 146 Ι
966 108 999 146 T
1017 109 1036 145 Ι
1074 108 1109 145 L
1124 107 1141 144 1
1157 106 1191 143 V
1206 108 1220 144 1
1237 107 1254 144 I

256 227 329 260 566.
361 218 566 261 concilium
595 218 737 259 tribuni
766 218 988 268 edixissent,
1011 225 1081 258 aut
1101 217 1250 272 aliquis
1280 231 1330 257 ex
1358 215 1665 272 magistratibus
1683 215 1780 257 64ad

363 349 441 389 que
460 334 670 375 multitudo
698 340 810 383 esset,
831 332 887 373 ibi
905 338 943 372 et
964 332 1178 386 legitimum
1207 338 1391 373 rectorem
1411 330 1673 372 multitudinis
1693 345 1782 371 cen·

363 392 500 433 sebant
530 392 668 432 debere
703 404 796 431 esse.
861 389 1016 432 Quales
1041 389 1206 441 primum
1235 395 1444 430 nocturnos
1477 395 1607 437 coctus,
1641 388 1782 428 deinde

358 449 600 503 promiscuos
628 448 832 488 mulierum
852 460 901 486 ac
925 447 1104 494 virorum,
1128 460 1209 487 esse
1228 446 1415 487 creditis?
1449 445 1505 494 Si,
1528 446 1665 500 quibus
1682 452 1784 486 ceta-

366 507 469 548 tibus
495 506 699 547 initientur
726 516 868 550 mares,
900 503 1046 552 sciatis,
1068 517 1144 544 non
1171 502 1354 544 misereat
1382 517 1450 544 vos
1478 517 1615 544 eorum
1644 503 1780 552 solum,

364 565 435 605 sed
464 564 583 604 etiam
614 562 782 615 pudeat.
841 560 937 600 Hoc
968 566 1215 601 sacramento
1245 560 1423 600 initiatos
1444 559 1611 614 juvenes
1641 559 1784 600 milites

354 619 568 673 faciendos
598 618 775 666 censetis,
808 616 1011 666 Quirites?
1061 618 1108 658 iis
1147 631 1198 658 ex
1227 618 1399 657 obscoeno
1427 618 1606 658 sacrario
1635 617 1785 658 eductis

365 691 480 719 arma
514 676 819 716 committenda?
865 675 920 725 hi,
952 675 1122 728 cooperti
1153 675 1302 729 stupris
1340 673 1420 714 suis
1451 674 1678 728 alienisque,
1712 688 1785 727 pro

363 734 559 789 pudicitia
579 731 788 788 conjugum
809 745 859 772 ac
879 732 1082 773 liberorum
1102 738 1319 773 vestrorum
1328 729 1443 784 ferro
1463 731 1697 772 decernent?

362 816 366 818 >
424 791 553 832 XVI.
583 790 724 832 Minus
745 797 877 831 tamen
897 796 1008 839 esset,
1029 790 1064 831 si
1079 789 1260 845 flagitiis
1289 795 1442 829 tantum
1469 786 1693 843 effeminati
1712 787 1783 840 so-

364 855 465 899 rent,
490 848 678 901 (ipsorum
705 848 749 888 id
768 861 920 902 magna
949 861 1000 887 ex
1025 854 1140 900 parte
1169 848 1333 887 dedecus
1361 848 1466 901 erat)
1490 859 1513 885 a
1533 844 1786 898 facinoribus

365 920 522 957 manus,
543 913 709 947 mentem
729 919 756 946 a
773 903 995 957 fraudibus
1019 899 1314 946 abstinuissent.
1377 903 1603 957 Numquam
1633 908 1787 943 tantu-m

362 963 513 1005 malum
533 964 577 1004 in
595 963 794 1017 republica
809 961 910 1014 fuit,
932 976 1005 1002 nec
1028 964 1082 1003 ad
1099 964 1248 1014 plures,
1270 975 1340 1001 nec
1361 962 1416 1001 ad
1435 960 1551 1014 plura
1569 961 1784 1013 pertinens.

365 1021 560 1076 quidquid
589 1021 649 1061 his
679 1020 792 1061 annis
822 1020 989 1069 libidine,
1020 1020 1211 1074 quidquid
1229 1017 1396 1071 fraude,
1427 1018 1618 1073 quidquid
1646 1017 1790 1058 scelere

361 1085 563 1132 peccatum
585 1085 659 1129 est,
680 1093 731 1117 ex
750 1077 820 1117 illo
849 1091 926 1117 uno
953 1078 1131 1118 sacrario
1153 1078 1288 1118 scitote
1308 1082 1432 1117 ortum
1453 1089 1546 1116 esse.
1609 1075 1788 1116 Necdum

365 1135 514 1185 omnia,
542 1136 584 1176 in
619 1149 708 1189 quae
742 1132 1064 1187 conjuraverunt,
1097 1135 1205 1174 edita
1227 1131 1423 1185 facinora
1458 1133 1617 1173 habent.
1657 1132 1790 1173 adhuc

363 1193 536 1247 privatis
575 1192 718 1241 noxiis,
754 1192 852 1246 quia
889 1193 1062 1232 nondum
1099 1192 1154 1232 ad
1184 1191 1460 1243 rempublicam
1496 1190 1790 1242 obprimendam

367 1251 468 1292 satis
495 1250 639 1291 virium
668 1255 740 1299 est,
773 1247 994 1302 conjuratio
1023 1262 1107 1289 sese
1135 1249 1244 1301 inpia
1276 1254 1394 1289 tenet.
1436 1248 1572 1288 crescit
1603 1254 1640 1287 et
1670 1246 1790 1299 serpit

367 1308 548 1363 quotidie
577 1306 740 1347 malum.
770 1304 894 1360 6{jam
923 1304 1054 1360 majus
1073 1313 1143 1355 est,
1166 1319 1287 1360 quam
1316 1312 1358 1345 ut
1389 1319 1529 1358 capere
1559 1304 1601 1345 id
1626 1305 1791 1357 privata

360 1365 530 1418 fortuna
552 1364 697 1417 possit.-
729 1365 783 1404 ad
808 1377 1006 1404 summam
1034 1364 1315 1416 rempublicam
1343 1369 1507 1415 spectat.
1568 1361 1661 1402 Nisi
1687 1375 1789 1414 prae·

371 1423 532 1471 cavetis,
558 1421 747 1471 Quirites,
767 1420 863 1475 jam
884 1420 972 1461 huic
992 1421 1156 1470 diurnae,
1180 1420 1355 1476 legitime
1381 1421 1432 1461 ab
1453 1419 1608 1460 consule
1626 1425 1790 1467 vocatae,

368 1494 447 1534 par
466 1486 656 1520 nocturna
676 1480 807 1520 concio
827 1489 910 1519 esse
933 1479 1090 1531 poterit.
1121 1493 1226 1518 nunc
1253 1478 1313 1518 illi
1336 1491 1406 1519 vos
1425 1476 1573 1532 singuli
1592 1476 1793 1518 universos

371 1538 645 1579 concionantes
678 1537 835 1577 timent:
869 1534 971 1590 jam,
1007 1536 1074 1576 ubi
1107 1551 1174 1577 vos
1208 1535 1353 1588 dilapsi
1387 1535 1522 1576 domos
1557 1540 1596 1574 et
1629 1533 1670 1574 in
1698 1548 1793 1574 rura

372 1602 504 1637 vestra
529 1594 655 1645 eritis,
679 1594 738 1634 illi
766 1594 944 1642 coierint,
972 1594 1246 1634 consultabunt
1275 1594 1323 1633 de
1351 1606 1427 1633 sua
1454 1592 1578 1633 salute
1607 1591 1722 1632 simul
1747 1605 1796 1631 ac

374 1659 503 1694 vestra
538 1651 728 1705 pernicie,-
783 1658 866 1691 tum
899 1651 1068 1705 singulis
1105 1651 1213 1692 vobis
1252 1651 1422 1691 universi
1469 1648 1632 1690 timendi
1670 1654 1796 1690 erunt.

378 1709 532 1762 Optare
565 1709 688 1763 igitur
722 1708 989 1762 unusquisque
1022 1707 1191 1749 cestrum
1221 1708 1347 1757 debet,
1382 1713 1424 1747 ut
1453 1707 1554 1746 bona
1582 1720 1690 1746 mens
1716 1705 1798 1746 suis

374 1767 549 1808 omnibus
574 1765 717 1818 fiterit.
781 1766 825 1807 Si
862 1779 972 1820 quem
1013 1766 1144 1814 libido,
1180 1765 1214 1805 si
1233 1763 1354 1816 furor
1386 1765 1426 1804 in
1457 1763 1567 1803 illum
1596 1763 1796 1817 gurgitem

377 1824 561 1877 abripuit,
585 1824 740 1864 illorum
760 1837 862 1872 eum,
885 1836 971 1863 cum
993 1823 1131 1876 quibus
1150 1822 1192 1862 in
1211 1836 1326 1862 omne
1338 1820 1550 1877 flagitium
1570 1827 1609 1860 et
1627 1818 1797 1872 facinus

378 1880 612 1936 conjuravit,
633 1895 710 1921 non
728 1894 843 1921 suum
861 1878 1020 1934 judicet
1040 1893 1136 1920 esse.
1196 1879 1263 1920 Ne
1283 1880 1371 1934 quis
1395 1878 1517 1919 etiam
1537 1891 1666 1918 errore
1688 1877 1797 1917 laba-

378 1946 455 1987 tur,
484 1938 657 1980 vestrzim
689 1952 838 1992 quoque
867 1952 946 1978 non
973 1952 1060 1978 sum
1088 1951 1259 1978 securus.
1300 1936 1398 1976 nihil
1429 1935 1532 1975 enim
1561 1935 1601 1975 in
1630 1934 1799 1987 speciem

367 1995 564 2050 fallacius
593 2002 664 2044 est,
689 2009 808 2049 quam
834 2009 967 2047 prava
996 1995 1147 2049 religio.
1217 1993 1296 2035 Ubi
1321 1994 1500 2035 Deorum
1528 2006 1669 2032 numen
1694 2005 1800 2044 prce-

380 2054 550 2095 tenditur
579 2053 797 2104 sceleribus,
818 2053 921 2093 subit
941 2053 1117 2092 animum
1147 2051 1276 2100 timor,
1297 2066 1346 2092 ne
1361 2049 1600 2105 fraudibus,
1619 2049 1801 2089 humanis

379 2111 628 2153 vindicandis
657 2110 781 2161 divini
796 2108 908 2164 juris
935 2110 1087 2164 aliquid
1115 2109 1320 2150 inmixtum
1351 2107 1555 2149 violemus.
1616 2107 1713 2148 Hac
1730 2120 1800 2147 vos

380 2168 573 2223 religione
613 2168 916 2208 innumerabilia
965 2169 1120 2208 decreta
1161 2166 1403 2219 pontificum,
1444 2163 1796 2211 senatusconsulta,

382 2225 609 2278 aruspicum
649 2225 816 2279 denique
854 2238 1043 2277 responsa
1084 2224 1260 2265 liberant.
1334 2223 1494 2271 Quoties
1532 2222 1603 2262 hoc
1637 2227 1799 2272 patrum

383 2297 620 2337 avorumque
649 2288 770 2322 cctate
797 2283 998 2335 negotium
1027 2287 1084 2322 est
1113 2281 1413 2336 magistratibus
1440 2281 1594 2327 datum,
1615 2284 1658 2317 ut
1683 2291 1800 2317 sacra

385 2339 652 2391 coete1·nafieri
669 2345 862 2387 vetarent,
879 2339 1118 2390 sacrificulos
1137 2345 1321 2393 vatesque
1328 2335 1439 2390 foro,
1460 2336 1575 2385 circe,
1595 2335 1690 2375 urbe
1705 2348 1800 2388 pro-

384 2397 571 2449 hiberent,
605 2396 794 2438 vaticinos
824 2396 938 2438 libros
966 2396 1238 2451 conquirerent
1266 2395 1617 2446 comburerentquc,
1646 2406 1802 2434 omnem

428 2521 470 2552 64
508 2521 555 2550 Ad
591 2521 751 2550 concionem
781 2520 918 2560 vocasset]
976 2520 1073 2550 Aliud
1117 2529 1172 2550 nes
1194 2519 1369 2548 uoluerunt.-
1391 2515 1553 2546 manifesto
1575 2514 1698 2551 mendo,
1714 2514 1798 2555 quod

387 2570 440 2600 cst,
454 2562 555 2604 inquit
575 2562 658 2593 idem
675 2562 810 2597 Gellius,
828 2563 848 2592 Ι.
864 2563 963 2592 xlll.
978 2573 1005 2593 c.
1024 2563 1074 2593 15.
1117 2561 1304 2602 redarguunt
1325 2565 1357 2591 et
1380 2558 1528 2590 vetustius
1550 2557 1627 2594 cusi,
1648 2564 1682 2589 et
1702 2557 1800 2589 codex

387 2618 456 2637 eum
478 2607 583 2646 populo
605 2616 702 2646 agere,
729 2605 812 2634 atiwI
839 2607 1000 2635 concionem
1021 2606 1074 2635 lua·
1118 2604 1203 2635 vict.

389 2651 464 2680 berc.
512 2649 589 2679 Nam
614 2659 680 2678 cum
705 2648 808 2687 pupulo
839 2659 935 2686 aggere,
962 2655 1001 2678 est
1027 2658 1074 2677 ro·
1160 2647 1201 2677 66
1229 2645 1298 2676 Jam
1326 2647 1421 2685 majus
1447 2652 1498 2681 cst,
1525 2655 1609 2685 quam
1639 2650 1673 2673 ut
1699 2653 1800 2682 cupere

387 2703 461 2732 gare
482 2693 553 2732 quial
574 2692 723 2731 populum,
747 2692 820 2730 quod
844 2690 996 2731 susti-agiis
1017 2691 1075 2719 suis
1119 2690 1149 2718 id
1173 2690 1291 2728 privata
1306 2688 1437 2730 jiwruna
1458 2688 1559 2728 possit]
1603 2687 1677 2718 Jam
1700 2685 1803 2726 majus

381 2737 498 2773 jubeat,
522 2741 574 2765 aut
596 2740 669 2765 vetet
683 2745 692 2770 ,·
721 2735 883 2764 concionem.
903 2729 998 2762 autem
1024 2734 1075 2761 hu-
1118 2738 1176 2766 est,
1201 2742 1293 2772 quam
1321 2737 1355 2762 ut
1381 2731 1566 2772 privatorum
1595 2734 1714 2759 tantum
1740 2728 1802 2758 sor-

390 2780 464 2814 bcrc,
490 2784 529 2808 est
554 2779 637 2809 ver-lm
657 2777 762 2819 >tacere
787 2779 826 2807 ad
852 2777 989 2816 populum
1017 2777 1076 2805 sinc
1121 2774 1201 2804 tuuis
1216 2774 1425 2807 convellendis
1445 2785 1481 2805 ac
1497 2771 1723 2805 labefactandis
1737 2781 1803 2804 sese

391 2822 451 2851 utta
469 2823 626 2859 rogatiane.
1118 2817 1286 2849 contineat.

432 2864 473 2894 65
507 2864 681 2901 Volucrum]
729 2860 934 2894 Gronovianoe
965 2861 1072 2892 editio·
