1947 3222
142 223 185 298 ἒς

198 222 237 297 00

250 223 269 295 ...01

292 223 323 297 φεύ

139 1593 183 1629 Q.
199 1590 299 1623 Fulvii

138 1635 322 1677 triumphus.

353 108 431 148 494·
874 99 940 139 TI
956 100 991 138 T
1005 100 1024 138 1
1069 99 1104 137 L
1118 101 1137 139 I
1150 100 1185 138 V
1198 101 1216 138 I
1233 101 1251 138 Ι

385 213 426 253 io
450 211 548 253 inde
576 210 660 252 fuit
690 209 958 266 pontificibus
983 209 1262 266 inaugurandi
1291 208 1536 252 Dolabellae.
1598 211 1646 252 P.
1670 211 1780 254 Cloe-

354 228 459 310 fium
484 268 672 309 Siculum
691 269 1016 323 inaugurarunt,
1036 267 1151 323 ⁵⁰qui
1174 267 1356 308 secundo
1383 266 1473 308 loco
1501 267 1779 324 inauguratus

355 334 456 367 erat.
518 326 654 366 Exitu
685 324 781 366 anni
811 332 853 366 et
885 325 935 364 C.
962 324 1161 365 Servilius
1193 324 1398 365 Geminus
1427 324 1617 380 pontifex
1648 326 1779 366 maxi-

355 398 449 424 mus
483 382 682 423 decessit:
729 381 840 422 idem
875 380 1085 421 decemvir
1120 396 1330 422 sacrorum
1365 381 1461 422 fuit.
1507 381 1697 436 pontifex
1733 383 1777 422 in

354 439 493 480 locum
528 440 618 495 ejus
658 453 683 479 a
716 437 890 492 collegio
925 445 1146 492 cooptatus
1180 445 1242 479 est
1278 439 1327 488 Q.
1365 436 1540 479 Fulvius
1576 437 1776 479 Flaccus:

353 496 437 538 ⁵¹at
470 495 661 552 pontifex
694 494 902 535 maximus
933 493 997 533 M.
1022 493 1222 534 AEmilius
1259 494 1464 550 Lepidus,
1489 509 1622 550 quum
1653 494 1776 536 multi

354 553 455 594 clari
486 553 563 594 viri
592 552 818 608 petissent:
852 559 892 590 et
913 550 1124 591 decemvir
1145 565 1355 591 sacrorum
1387 552 1435 601 Q.
1462 550 1650 592 Marcius
1681 551 1781 592 Phi-

355 609 496 666 lippus
515 610 558 650 in
580 608 765 664 ejusdem
789 607 927 648 locum
957 618 1020 648 est
1049 615 1282 663 cooptatus.
1343 608 1402 648 Et
1423 623 1560 664 augur
1584 609 1654 664 Sp.
1682 607 1780 649 Pos-

355 667 514 708 tumius
554 665 739 706 Albinus
779 663 966 705 decessit.
1017 664 1060 705 in
1100 664 1239 705 locum
1273 664 1364 720 ejus
1397 663 1487 704 ⁵21³.
1527 664 1776 720 Scipionem,

355 723 488 764 filium
528 721 734 771 Africani,
776 736 957 777 augures
997 729 1260 778 cooptarunt.
1341 720 1542 762 Cumanis
1581 736 1630 762 eo
1669 736 1777 763 anno

355 780 595 836 petentibus
635 779 899 835 permissum,
936 786 984 819 ut
1023 777 1191 834 publice
1229 777 1378 819 Latine
1413 776 1700 833 loquerentur,
1737 790 1778 820 et

355 836 618 893 praeconibus
640 836 792 876 Latine
812 834 1021 875 vendendi
1035 836 1109 891 jus
1129 843 1248 876 esset.

413 894 598 934 XLIII.
634 892 795 933 Pisanis
824 907 974 947 agrum
1004 891 1312 948 pollicentibus,
1335 907 1421 948 quo
1446 891 1601 932 Latina
1620 891 1780 933 colonia

354 950 649 1000 deduceretur,
670 949 818 1005 gratiae
839 950 892 990 ab
914 957 1060 990 senatu
1081 957 1197 990 actae.
1229 948 1439 990 triumviri
1460 948 1587 990 creati
1607 948 1662 989 ad
1687 964 1777 990 eam

354 1022 441 1048 rem
465 1009 513 1058 Q.
531 1006 690 1048 Fabius
712 1007 864 1056 Buteo,
888 1007 952 1046 M.
970 1013 1010 1047 et
1035 1007 1082 1047 P.
1100 1005 1252 1062 Popilii
1275 1006 1482 1047 Laenates.
1534 1006 1573 1045 A
1600 1007 1647 1046 C.
1672 1004 1779 1046 Mae-

354 1065 424 1105 nio
451 1072 630 1121 praetore
664 1062 767 1115 (cui,
789 1063 1005 1119 provincia
1036 1062 1227 1103 Sardinia
1254 1078 1387 1118 quum
1414 1061 1631 1112 evenisset,
1659 1062 1779 1104 addi-

354 1129 447 1163 tum
468 1129 570 1171 erat,
593 1129 642 1161 ut
670 1128 878 1176 quaereret
903 1120 956 1160 de
987 1119 1193 1160 veneficiis
1223 1119 1388 1175 longius
1418 1119 1471 1160 ab
1501 1119 1605 1160 urbe
1635 1119 1778 1161 decem

354 1179 540 1219 millibus
559 1179 780 1234 passuum)
803 1176 936 1217 literae
957 1176 1124 1225 adlatae,
1145 1177 1196 1217 Se
1202 1176 1296 1229 jam
1319 1178 1402 1217 tria
1425 1177 1556 1216 millia
1577 1176 1777 1217 hominum

354 1237 578 1286 damnasse,
609 1241 648 1275 et
676 1247 851 1274 crescere
878 1233 958 1274 sibi
987 1235 1242 1287 quoestionem
1274 1235 1453 1274 indiciis.
1483 1241 1555 1274 aut
1585 1249 1670 1274 eam
1700 1234 1780 1275 sibi

355 1307 436 1333 esse
450 1291 760 1341 ⁵³deserendam,
783 1297 855 1331 aut
867 1292 1122 1344 provinciam
1145 1292 1436 1332 dimittendam.
1486 1289 1576 1341 ⁵4Q.
1601 1290 1780 1333 Fulvius

356 1349 534 1390 Flaccus
563 1365 615 1390 ex
638 1348 846 1404 Hispania
873 1347 998 1389 rediit
1031 1348 1210 1388 Romam
1242 1363 1338 1389 cum
1368 1362 1520 1402 magna
1547 1347 1660 1388 fama
1688 1363 1779 1403 ges-

355 1415 495 1448 tarum
534 1421 690 1456 rerum,
731 1404 821 1461 qui,
861 1419 995 1460 quum
1035 1413 1156 1445 extra
1195 1405 1341 1445 urbem
1383 1403 1585 1460 triumphi
1634 1419 1778 1446 caussa

355 1472 476 1514 esset,
507 1462 652 1504 consul
680 1470 741 1504 est
773 1470 937 1503 creatus
967 1476 1062 1502 cum
1092 1461 1143 1501 L.
1169 1461 1333 1502 Manlio
1366 1460 1570 1508 Acidino;
1608 1469 1650 1503 et
1680 1469 1774 1517 post

354 1535 510 1577 paucos
541 1520 630 1562 dies
659 1534 753 1560 cum
786 1519 1006 1569 militibus,
1037 1533 1143 1574 quos
1177 1533 1314 1560 secum
1349 1518 1596 1567 deduxerat,
1628 1517 1776 1559 trium-

353 1578 487 1634 phans
507 1578 656 1618 urbem
683 1584 745 1617 est
770 1576 971 1617 invectus.
1035 1575 1157 1617 Tulit
1188 1576 1228 1616 in
1255 1575 1470 1631 triumpho
1501 1588 1672 1616 coronas
1701 1591 1775 1616 au-

352 1649 442 1676 reas
477 1642 644 1676 centum
686 1633 835 1688 viginti
875 1640 1082 1688 quatuor:
1127 1641 1330 1688 praeterea
1363 1631 1495 1673 ⁵⁵auri
1529 1631 1670 1687 pondo
1705 1632 1777 1673 tri-

351 1691 469 1747 ginta
485 1707 643 1740 unum;
677 1699 718 1732 et
737 1689 931 1745 ⁵⁶signati
954 1689 1145 1731 Oscensis
1165 1691 1387 1731 nummum
1414 1695 1583 1730 centum
1613 1698 1777 1746 septua-

1084 1827 1165 1857 Eum
1193 1827 1317 1867 ingenio
1345 1827 1488 1862 valuisse,
1516 1837 1640 1869 corpore
1666 1827 1773 1858 admo-

394 1831 435 1861 50
468 1829 529 1865 Qui
571 1831 695 1861 secundo
739 1830 797 1860 Ioco
840 1830 1040 1869 inauguratus

1084 1869 1158 1900 dum
1174 1870 1363 1901 imbecillum
1381 1870 1486 1905 fuisse,
1503 1869 1594 1901 docet
1610 1870 1720 1902 Cicero
1735 1871 1768 1900 in

349 1873 430 1914 erat]
478 1872 566 1903 Nihil
602 1872 652 1902 hic
696 1871 807 1914 reperit
851 1869 1040 1901 difficultatis

352 1916 537 1946 Gronovius.
584 1915 621 1945 P.
651 1916 785 1946 Claelium
822 1913 955 1944 Siculum
992 1915 1038 1943 ἰη-

350 1966 553 2000 augurarnnt,
582 1968 694 2000 nempe
730 1967 833 1999 regem
870 1966 1036 1992 Sacrorum,

350 2005 400 2041 qni
444 2004 568 2033 secundo
611 2001 669 2031 loco
719 2003 919 2042 inauguratus
962 2006 1036 2033 erut,

350 2054 461 2086 nempe
477 2045 625 2087 pontifex.
671 2043 731 2074 Sed
755 2054 810 2074 cur
834 2042 960 2074 secundi
981 2042 1039 2073 loci

350 2088 473 2118 nomine
490 2088 669 2127 designetur
684 2086 892 2129 pontificatus,
908 2095 966 2116 nec
987 2085 1039 2116 ille

348 2130 494 2171 explicat,
523 2141 580 2161 nec
608 2141 664 2161 nos
692 2129 839 2171 suspicari
867 2138 1038 2171 possumus.

350 2173 454 2203 Satius
479 2173 569 2204 fuerit
589 2173 690 2203 dicere
715 2173 764 2203 vel
788 2172 853 2202 haec
877 2173 969 2203 verba
995 2171 1039 2201 vi-

349 2215 426 2246 tiata
444 2226 522 2251 esse,
539 2216 589 2246 vel
608 2215 740 2246 breviter
763 2221 856 2256 atque
881 2215 958 2245 adeo
982 2214 1036 2244 ob-

349 2268 436 2289 scure
460 2259 510 2289 liic
535 2258 663 2289 indicari
689 2268 805 2288 morem
820 2257 955 2299 aliquem
972 2257 1037 2288 Ro-

349 2311 509 2332 manorum
526 2301 614 2332 nobis
629 2301 832 2341 incognitum.

391 2345 430 2375 51
456 2346 495 2375 At
523 2344 650 2386 pontifex
677 2344 833 2384 maximus]
872 2343 1039 2384 Exemplar

350 2387 476 2418 unicum
505 2387 614 2418 habuit
647 2394 715 2418 ante
749 2386 912 2426 pontificem
946 2388 1036 2416 maai-

348 2442 439 2460 mmn.
495 2430 638 2470 Sigonius
667 2429 854 2463 emendavit.
884 2429 1037 2470 quomodo

350 2483 433 2503 nunc
463 2473 595 2511 legimus
623 2473 655 2504 in
681 2472 814 2513 vulgatis
840 2472 942 2503 libris:
981 2471 1036 2502 sed

349 2526 459 2557 parum
482 2515 622 2547 feliciter.
667 2515 811 2546 Pontifex
834 2514 916 2545 enim
938 2514 1036 2545 maxi-

350 2569 418 2589 mus
439 2569 499 2589 non
523 2559 725 2600 cooptabatur
746 2569 764 2589 a
782 2558 911 2598 collegio
934 2558 1036 2599 ponti-

349 2601 452 2637 ficum,
483 2601 537 2633 sed
567 2611 586 2632 a
615 2601 728 2643 populo
754 2601 877 2631 tributis
905 2600 1037 2632 comitiis

347 2645 521 2677 creabatur.
579 2644 714 2675 Omnino
743 2643 790 2673 hie
818 2643 1038 2674 interciderunt

348 2687 492 2728 quaedam
516 2697 624 2718 voces:
650 2697 704 2717 nec
728 2685 899 2727 quidquam
913 2687 1036 2716 consul-

348 2730 409 2761 tius
438 2731 501 2763 fieti
528 2730 654 2761 sortasse
679 2729 784 2772 possit,
814 2739 906 2769 quam
936 2728 961 2759 si
987 2729 1036 2760 hic

349 2773 512 2804 asteriscus
527 2778 710 2815 apponatur.

397 2817 437 2846 52
470 2817 505 2846 P.
535 2818 696 2856 Scipionem
731 2815 833 2855 fllium
881 2811 1034 2856 Africmii]

351 2860 410 2890 llic

457 2861 636 2891 Africanum
682 2859 828 2889 minorem
867 2857 1035 2898 adoptavit.
1075 2872 1078 2875 ·

1083 1912 1192 1948 Bruto,
1210 1923 1241 1943 n.
1259 1914 1308 1943 77.
1325 1918 1356 1943 et
1371 1912 1402 1943 in
1418 1913 1548 1948 Catone,
1566 1923 1596 1943 n.
1611 1914 1664 1944 35.

1125 1958 1166 1987 53
1192 1956 1403 1996 Βεεει·εηι1αιιι]
1439 1956 1508 1986 Hoc
1531 1956 1661 1987 debetur
1681 1956 1769 1996 Sigo-

1081 2000 1142 2031 nio.
1188 1999 1293 2030 Codex
1320 1998 1524 2030 Germanicus
1544 1999 1653 2030 habuit
1667 2000 1769 2041 desen-

1083 2045 1218 2074 dentiam.

1126 2087 1167 2117 54
1193 2086 1230 2120 Q.
1248 2085 1372 2116 Fulvius
1395 2084 1520 2116 Flaccus
1545 2107 1554 2116 .
1580 2108 1588 2116 .
1609 2085 1709 2115 consul
1731 2091 1771 2116 est

1083 2135 1196 2160 creatus
1225 2140 1292 2159 cum
1320 2128 1358 2158 L.
1381 2127 1497 2159 Manlio
1526 2128 1665 2169 Acidino]
1703 2128 1770 2159 llos

1083 2172 1190 2205 fratres
1213 2181 1374 2211 germanos
1398 2171 1489 2202 fuisse
1512 2176 1663 2202 testantur
1678 2176 1709 2201 et
1723 2177 1773 2201 ta—

1081 2216 1165 2246 bulae
1183 2214 1379 2256 Capitolinae,
1393 2219 1424 2244 et
1439 2213 1580 2245 Velleius
1595 2213 1617 2244 l.
1634 2213 1681 2244 11.
1696 2223 1723 2243 c.
1738 2215 1770 2244 8.

1082 2258 1135 2300 qui
1164 2263 1195 2288 et
1225 2258 1282 2288 hoc
1310 2257 1349 2287 ad
1377 2267 1464 2287 suam
1492 2262 1615 2287 aetatem
1644 2255 1768 2287 unicum

1082 2301 1175 2332 fuisse
1200 2300 1375 2341 exemplum
1405 2300 1558 2330 observat.
1617 2299 1652 2329 L.
1676 2299 1771 2328 Man-

1082 2345 1142 2375 lius
1155 2354 1210 2385 per
1232 2343 1429 2384 adoptionem
1451 2342 1483 2372 in
1509 2340 1663 2373 Manliam
1693 2352 1769 2381 gen-

1081 2393 1143 2418 tem
1173 2386 1346 2417 transierat.
1403 2385 1506 2415 Ambo
1532 2384 1589 2415 orti
1615 2389 1704 2414 erant
1730 2394 1768 2415 ex

1081 2430 1134 2461 illo
1151 2431 1192 2467 Q.
1212 2428 1331 2463 Fulvio,
1347 2427 1400 2469 qui
1417 2428 1559 2469 Capuam
1577 2431 1712 2468 ceperat.

1124 2475 1165 2503 55
1188 2473 1265 2502 Auri
1285 2474 1380 2510 pondo
1398 2472 1523 2511 triginta
1546 2470 1654 2510 unnim]
1680 2470 1769 2500 issar-

1081 2525 1134 2546 cas
1151 2519 1301 2546 nostrates
1317 2515 1368 2545 48.
1392 2512 1500 2543 uncias
1522 2513 1553 2543 3.
1577 2512 1766 2543 semunciam

1124 2601 1166 2631 56
1196 2600 1313 2641 Signati'
1350 2599 1477 2629 Oscensis
1513 2598 1665 2629 ιιιιιηηιήηι
1699 2608 1766 2628 cen-

1082 2650 1143 2673 tum
1178 2643 1363 2684 septiuigi'nta
1394 2644 1454 2671 triu
1483 2643 1578 2672 millia
1613 2641 1765 2681 ducentos]

1083 2687 1133 2716 De
1149 2684 1279 2716 Oscensi
1302 2690 1428 2724 argento
1451 2683 1514 2715 vid.
1539 2689 1602 2715 not.
1617 2685 1669 2714 44.
1689 2682 1766 2714 adl.

1082 2729 1240 2759 XXXIV.
1263 2738 1290 2758 c.
1319 2728 1366 2758 10.
1396 2727 1537 2761 Nummi.
1552 2727 1615 2757 sive
1637 2725 1766 2757 sestertii

1084 2772 1217 2802 173200.
1249 2770 1479 2812 aequiparantur
1510 2769 1621 2801 marcis
1650 2768 1767 2810 argenti

1081 2814 1153 2844 675.
