1947 3222
519 70 644 108 ΜΒ.
671 68 762 107 XL.
803 70 883 107 CA
897 70 940 108 P.
967 71 1101 110 XLII.
1448 78 1524 122 493

94 181 340 224 ulteriorem
360 179 608 222 deferendae.
672 176 834 219 Milites
858 179 967 234 jussi
988 180 1043 221 ad
1063 180 1182 237 signa
1201 182 1348 224 redire.
1380 199 1526 226 caussa
1538 194 1580 225 U.
1594 193 1716 225 C.57·2.

98 239 353 296 ignominiae,
376 238 440 279 uti
471 244 664 278 semestre
685 234 943 292 stipendium
973 236 1017 277 in
1047 252 1143 278 eum
1173 254 1329 280 annum
1359 249 1464 282 esset
1488 242 1525 282 ei
1538 237 1578 268 A.
1593 237 1731 268 c.180.⁷

100 296 268 352 legioni,
304 296 542 337 decretum:
590 292 665 349 qui
700 293 818 334 miles
853 293 907 334 ad
941 294 1173 335 exercitum
1213 310 1296 336 non
1336 297 1524 348 redisset,

85 368 198 394 eum
218 353 357 409 ipsum
379 353 572 406 bonaque
593 350 683 406 ejus
703 350 883 391 vendere
904 351 1049 391 consul
1064 350 1221 407 jussus.

161 410 319 451 XLII.
352 408 513 450 Eodem
536 422 644 447 anno
667 408 718 448 L.
742 407 975 457 Duronius,
998 408 1073 463 qui
1094 415 1251 464 praetor
1277 424 1384 450 anno
1406 406 1537 467 supe-⁴

101 465 210 508 riore
231 482 282 508 ex
315 464 485 521 Illyrico
515 479 610 505 cum
642 464 786 505 decem
815 465 994 506 navibus
1026 464 1299 505 Brundisium
1331 467 1526 518 redierat,

101 523 214 573 inde,
236 524 279 564 in
299 531 426 579 portu
447 521 601 562 relictis
621 521 815 571 navibus,
838 537 972 577 quum
1000 522 1179 563 venisset
1202 522 1397 572 Romam,
1419 525 1528 565 inter

103 579 369 637 exponendas
403 594 483 629 res,
520 594 625 634 quas
659 578 718 619 ibi
752 578 960 634 gessisset,
995 578 1111 619 haud
1148 578 1276 620 dubie
1311 578 1354 619 in
1388 595 1529 636 regem

106 636 349 693 Illyriorum
374 635 577 677 Gentium
605 635 810 677 latrocinii
831 636 964 676 omnis
985 635 1184 677 maritimi
1206 651 1394 677 caussam
1415 652 1530 677 aver-

102 693 167 735 tit.
199 709 249 734 ex
278 708 402 748 regno
431 691 514 746 ejus
543 707 675 733 omnes
704 707 825 733 naves
853 707 948 742 esse,
980 707 1068 747 (μα’
1095 695 1234 746 superi
1267 694 1391 734 maris
1419 709 1532 734 oram

104 751 362 804 depopztlatoe
382 756 521 790 essent.
552 751 601 790 de
630 751 695 791 his
724 750 841 791 rebus
866 755 923 791 sec
945 752 1100 805 legatos
1121 751 1286 802 misisse,
1307 765 1378 791 nec
1397 765 1534 793 conve-

105 808 247 849 niendi
275 809 383 863 regis
403 813 642 861 potestatem
656 808 838 862 factam.
899 808 936 849 V
938 816 1107 849 enerant
1141 809 1320 849 Romam
1351 808 1479 865 legati
1509 825 1534 850 a

107 865 277 916 Gentio,
314 865 403 921 qui,
441 879 517 919 quo
547 871 723 918 tempore
752 866 933 906 Romani
963 866 1220 906 conveniendi
1255 866 1363 919 regis
1393 881 1534 907 caussa

104 923 318 972 venissent,
351 937 500 976 aegrum
514 923 638 977 forte
672 937 756 963 enm
793 924 837 963 in
866 923 1020 963 ultimis
1042 923 1235 976 partibus
1252 922 1389 978 fuisse
1417 925 1537 977 regni

106 979 304 1021 dicerent.
365 981 513 1020 Petere
547 979 740 1020 Gentium
774 980 825 1020 ab
854 987 1010 1030 senatu,
1045 995 1095 1021 ne
1124 982 1332 1020 crederent
1362 981 1538 1035 cmgfictis

107 1037 342 1078 criminibus
373 1038 415 1077 in
442 1052 496 1087 se,
519 1051 609 1091 quce
639 1038 796 1078 inimici
826 1038 1071 1078 detulissent.
1132 1038 1205 1078 Ad
1236 1053 1285 1078 ea
1315 1037 1536 1079 Duronius

108 1093 277 1149 adjecit,
310 1093 454 1135 multis
494 1095 656 1135 civibus
694 1094 896 1135 Romanis
936 1102 977 1135 et
1019 1093 1137 1135 sociis
1173 1093 1318 1136 Latini
1359 1095 1537 1135 nominis

108 1149 283 1207 injurias
303 1151 434 1192 factas
455 1150 497 1191 in
516 1166 646 1206 regno
667 1152 783 1207 ejus3
817 1159 858 1192 et
886 1150 995 1192 cives
1024 1152 1237 1192 Romanos
1267 1151 1350 1192 dici
1383 1152 1539 1207 Corcy-

100 1216 168 1259 'rae
196 1207 377 1249 retineri.
439 1208 526 1248 Eos
547 1223 690 1249 omnes
721 1209 901 1249 Romam
932 1208 1085 1249 adduci
1117 1208 1302 1264 placuit:
1339 1209 1386 1250 C.
1412 1208 1538 1249 Clau-

110 1264 229 1305 djum
258 1272 482 1320 praetorem
515 1280 785 1320 cognoscere:
829 1280 967 1321 neque
997 1273 1093 1306 ante
1126 1265 1280 1306 Gentio
1309 1265 1399 1321 regi
1429 1265 1540 1321 lega-

110 1320 217 1362 tisve
238 1323 329 1378 ejus
358 1336 603 1377 responsum
624 1321 757 1363 reddi.
820 1322 939 1363 Inter
965 1322 1122 1363 multos
1149 1321 1264 1372 alios,
1287 1337 1393 1378 quos
1414 1322 1540 1379 pesti-

110 1377 240 1419 lentia
269 1379 359 1434 ejus
390 1378 487 1418 anni
517 1379 736 1430 absumsit,
768 1379 1002 1420 sacerdotes
1035 1394 1207 1435 quoque
1237 1378 1400 1435 aliquot
1431 1395 1538 1420 mor-
1552 1388 1735 1437 Sacerdotes

110 1435 175 1476 tui
210 1443 322 1476 sunt.
398 1435 450 1475 L.
473 1435 666 1476 Valerius
698 1435 876 1477 Flaccus
909 1435 1100 1492 pontifex
1136 1444 1330 1478 mortuus
1365 1444 1453 1477 est:
1496 1437 1711 1505 in¹¹¹‘1')¹‘s‘¹¹¹.‘'t

111 1491 203 1547 ejtls
238 1491 375 1533 locum
411 1492 627 1533 subfectus
660 1501 720 1533 est
759 1494 808 1544 Q.
833 1493 992 1534 Fabius
1027 1493 1184 1534 Labeo,
1261 1494 1309 1534 P.
1333 1493 1538 1544 Manlius,
1552 1485 1587 1504 su
1624 1481 1695 1506 ‘³⁶2¹‘

112 1548 188 1603 qui
208 1556 343 1605 nuper
363 1564 415 1590 ex
443 1549 640 1590 ulteriore
673 1550 882 1606 Hispania
907 1550 1099 1592 redierat.
1122 1550 1357 1591 ‘²⁵tr‘1umvir
1387 1550 1536 1606 epulo:

114 1606 164 1654 Q.
188 1605 366 1647 Fulvius
401 1606 465 1646 M.
490 1607 538 1646 F.
571 1605 611 1646 in
648 1606 785 1647 locum
821 1607 912 1663 ejus
947 1607 1144 1649 triumvir
1178 1615 1414 1663 cooptatus,
1447 1616 1540 1649 tum

113 1661 430 1718 “praetextatus
450 1672 551 1704 erat.
613 1663 679 1704 De
700 1679 798 1720 rege
829 1665 1014 1705 sacrifico
1042 1664 1300 1706 subficiendo
1328 1664 1371 1705 in
1402 1665 1539 1706 locum
1555 1671 1719 1704 Contentio

116 1720 192 1760 Cn.
218 1720 400 1760 Cornelii
431 1719 665 1761 Dolabellae
692 1722 902 1763 contentio
932 1722 1042 1763 inter
1075 1723 1122 1763 C.
1149 1721 1372 1762 Servilium
1404 1721 1542 1778 ponti-
1554 1715 1677 1788 dqfirege
1691 1725 1740 1745 ³³·

114 1776 232 1817 ficem
263 1777 494 1818 maximum
523 1776 607 1818 fuit
631 1786 672 1819 et
701 1778 753 1818 L.
779 1777 1019 1820 Cornelium
1050 1778 1315 1820 Dolabellam
1346 1778 1542 1819 duumvi-
1553 1769 1595 1789 cn
1619 1769 1668 1789 co.

114 1847 209 1874 rum
230 1833 445 1882 navalem;
478 1849 620 1890 quem,
644 1843 691 1876 ut
722 1834 1010 1891 inauguraret,
1038 1834 1230 1892 pontifex
1250 1835 1541 1891 “magistratu

114 1890 424 1931 sese'abdicare
448 1891 641 1946 jubebat.
672 1892 964 1948 recusantique
998 1892 1042 1933 id
1078 1893 1213 1933 facere
1247 1892 1302 1933 ob
1333 1907 1424 1933 eam
1453 1908 1542 1933 rem

116 1947 252 1988 multa
280 1947 506 1988 duumviro
527 1948 641 1989 dicta
669 1964 694 1989 a
722 1949 944 2004 pontifice;
979 1949 1115 2005 deque
1143 1965 1206 1999 ea,
1228 1964 1364 2005 quum
1392 1964 1543 2004 provo-

117 2011 262 2054 casset,
298 2012 505 2045 certatum
540 2004 594 2045 ad
628 2005 847 2061 populum.
891 2021 1024 2062 quum
1060 2006 1202 2061 plures
1228 2007 1318 2062 jam
1350 2005 1541 2055 ‘mu-ibus,

116 2060 228 2102 intro
262 2069 435 2111 vocatae,
466 2061 579 2103 dicto
618 2077 705 2103 esse
745 2062 984 2104 audientem
1024 2062 1212 2118 pontifici
1252 2061 1542 2113 duumvirum,

111 2117 336 2173 juberent;
368 2118 630 2174 multamque
659 2119 831 2169 remitti,
864 2119 895 2160 si
927 2119 1176 2175 magistratu
1208 2135 1250 2160 se
1281 2119 1541 2166 abdicasset;

117 2174 355 2216 ⁴⁹ultimum
379 2174 431 2216 de
456 2175 575 2226 coelo,
603 2176 721 2232 quod
750 2175 918 2218 comitia
947 2177 1154 2226 turbaret,
1185 2175 1420 2218 intervenit.
1450 2176 1545 2217 reli-

654 2250 670 2268 c
680 2259 707 2278 se
721 2247 782 2279 del.
798 2248 897 2280 Gron.
912 2248 1004 2280 Crev.

112 2326 118 2329 ⁷
163 2318 205 2348 45
230 2317 381 2348 Triumvz'r
395 2317 495 2359 epulo]
519 2316 596 2349 Vid.
611 2324 675 2349 not.
691 2319 744 2350 15.
770 2318 810 2350 ad
855 2318 975 2360 aliquid
995 2321 1070 2359 quod
1098 2320 1215 2350 comitia
1237 2318 1380 2349 turbaret.
1425 2317 1545 2349 Eodem

121 2359 179 2390 lib.
194 2360 359 2392 XXXIII.
374 2371 402 2391 c.
417 2361 470 2391 42.
484 2371 586 2402 supra.
855 2362 916 2393 fere
936 2362 1028 2392 modo
1053 2362 1074 2392 l.
1102 2363 1130 2393 Ι.
1155 2372 1184 2392 c·
1210 2363 1262 2393 47.
1289 2360 1486 2403 exposuimus
1509 2363 1544 2391 ab

167 2402 458 2445 46‘Praeteatatus]
514 2404 596 2434 Puer
640 2403 811 2435 etiamnum
855 2407 943 2444 stirpe
975 2406 1093 2441 ultima,
1123 2415 1246 2445 nempe,
1277 2405 1316 2434 ab
1346 2403 1439 2446 stirpe
1475 2410 1544 2434 tan-

123 2449 229 2486 togam
241 2451 422 2486 praetextam
437 2456 556 2488 gerens.
855 2458 950 2489 quam
966 2448 1006 2478 ab
1029 2447 1133 2488 aliquo
1154 2446 1304 2489 principio
1325 2446 1446 2481 ultimo,
1462 2445 1545 2476 unde

167 2488 208 2518 47
234 2488 416 2530 Magistrum
439 2501 494 2520 sese
519 2491 655 2520 abdicare
669 2489 809 2530 jubebat]
856 2500 942 2521 orsus
976 2490 1165 2531 Tarquinius
1195 2494 1296 2520 totam
1335 2489 1448 2519 deinde
1478 2489 1557 2520 Ser..

127 2530 213 2567 Quia
223 2540 334 2572 nempe
346 2542 407 2563 non
418 2532 533 2564 licebat
543 2543 645 2574 regem
658 2542 812 2563 sacrorum
855 2532 952 2564 Tullii
976 2532 1073 2563 vitam
1095 2531 1275 2574 exagitavit.
1320 2532 1414 2569 Quod
1441 2536 1545 2561 autem

116 2573 226 2604 'ullum
242 2572 454 2614 magistratum
468 2585 583 2617 gerere.
856 2574 970 2606 dicitur
983 2574 1034 2606 hic
1056 2575 1256 2606 intervenisse
1279 2574 1319 2605 de
1341 2574 1432 2608 coelo,
1448 2573 1479 2603 id
1496 2573 1545 2603 vel

171 2617 212 2646 48
239 2615 342 2646 Tribus
367 2619 446 2648 intro
467 2619 587 2659 vocatoe]
626 2618 756 2649 Vocatae
780 2617 813 2648 in
857 2618 961 2660 fulgur
990 2618 1059 2653 fuit,
1088 2618 1139 2649 vel
1170 2618 1294 2649 tonitru.
1353 2617 1432 2648 Jove
1463 2616 1544 2645 enim

129 2658 222 2694 ovile,
237 2663 272 2689 ut
284 2657 397 2689 ferrent
412 2660 568 2701 suffragia.
859 2666 998 2697 tonante,
1014 2662 1064 2692 vel
1086 2661 1274 2701 fulgurante,
1295 2659 1419 2689 comitia
1441 2657 1546 2688 haberi

172 2701 214 2732 49
241 2701 387 2732 Ultimum
411 2704 446 2732 de
473 2704 556 2745 coelo]
597 2704 741 2734 Ultimum
765 2703 816 2734 hic
860 2704 948 2735 nefas
974 2709 1051 2735 erat.
1096 2704 1243 2734 Ceterum
1267 2711 1330 2731 non
1353 2699 1547 2741 aspernanda

127 2743 330 2784 intelligimus
356 2744 474 2775 dictum
501 2756 556 2786 per
581 2746 816 2789 appositionem.
859 2753 906 2778 est
922 2747 1039 2787 Sigonii
1051 2746 1241 2786 conjectura,
1258 2744 1326 2774 loco
1342 2744 1395 2773 τοῦ
1408 2744 1547 2773 ultimum

135 2786 293 2817 Intervenit
322 2788 358 2818 de
385 2787 454 2818 coelo
482 2792 630 2829 tanquam
665 2791 815 2824 ultimum,
858 2789 1054 2820 emendantis
1093 2789 1208 2818 vitium.
1244 2786 1315 2815 -Sic
1352 2787 1421 2815 vitio
1457 2786 1547 2815 creati

130 2835 279 2871 tanquam
310 2829 435 2860 ultimus
465 2829 557 2860 totius
586 2831 701 2871 negotii
736 2831 816 2865 finis.
859 2832 1057 2872 magistratus
1072 2839 1154 2871 saepe
1169 2829 1323 2859 dicuntur.
