1947 3222
269 228 311 301 '0⁶03

312 228 332 301 sio·

163 228 208 301 ee:

217 228 257 302 oo

161 678 305 711 Fulvium

161 722 365 754 Ambracien-

161 775 210 796 ses
223 776 314 796 accu-

162 814 242 839 sant.

167 1483 318 1516 Defendit
331 1484 369 1515 C.

167 1526 350 1559 Flaminius.

378 111 452 149 378
892 108 1031 146 T1T1
1073 106 1243 146 L1v11

335 249 344 258 .
377 229 452 269 que
471 215 633 256 tandem
653 215 887 269 reipublice?
906 217 1057 258 debere.
1093 218 1285 267 Senatus,
1301 217 1366 259 his
1386 217 1557 268 auditis,
1570 217 1611 258 in
1634 225 1796 258 senten-

336 292 345 302 ·
377 272 437 314 tia
467 273 762 329 perseveravit,
784 282 834 315 ut
863 274 1105 315 consulibus
1133 274 1338 315 ambobus
1368 274 1548 330 Ligures
1581 273 1797 329 provincia

378 338 510 371 esset:
545 329 755 371 Manlium
777 330 1065 386 Fulviumque
1095 330 1294 375 decedere
1321 331 1373 373 de
1403 331 1641 388 provinciis,
1663 339 1704 372 et
1724 346 1795 372 ex-

378 387 534 428 ercitus
553 386 651 428 inde
671 387 892 437 deducere,
914 402 962 428 ac
981 386 1116 428 redire
1139 388 1333 439 Romam,
1354 389 1526 445 placuit.

435 444 620 485 XLI'II.
654 444 892 485 Inimicitiae
931 443 1039 485 inter
1076 442 1140 484 M.
1164 444 1365 487 Fulvium
1406 453 1447 487 et
1485 445 1548 486 M.
1573 443 1796 485 AEmilium

377 501 587 542 consulem
624 509 765 542 erant:
808 508 849 542 et
886 515 1012 557 super
1048 509 1185 542 cetera
1217 501 1431 553 AEmilius,
1463 503 1594 544 serius
1628 501 1797 543 biennio

377 572 419 598 se
440 558 650 599 consulem
680 557 840 598 factum
863 557 927 598 M.
951 556 1094 598 Fulvii
1124 572 1265 613 opera,
1286 556 1546 601 &ducebam
1578 558 1722 615 itaque
1742 557 1798 598 ad

376 613 575 656 invidiam
616 614 653 654 ei
688 613 921 655 faciendam
961 613 1120 670 legatos
1155 615 1475 656 Ambracienses
1508 617 1552 656 in
1590 623 1796 665 senatum,

377 669 663 712 ⁴⁶subornatos
683 668 942 722 criminibus,
964 670 1214 713 introduxit.
1276 672 1359 722 Qui
1375 672 1467 723 sibi,
1489 687 1605 727 quum
1628 674 1670 713 in
1694 686 1798 725 pace

377 735 517 778 essent,
539 727 572 754 4⁷
586 729 865 782 imperataque
884 734 934 768 αΖ
955 729 1167 781 prioribus
1191 729 1415 770 consulibus
1427 731 1640 784 fecissent,
1662 736 1700 770 et
1731 743 1799 769 ea-

376 787 462 825 dem
480 792 681 839 proestare
700 785 931 827 obedienter
949 787 1016 827 M.
1039 786 1186 827 Fulvio
1198 787 1349 839 parati
1369 793 1508 836 essent,
1530 786 1671 827 bellum
1693 786 1800 826 inla-

375 849 456 883 tum
479 842 633 898 questi,
655 857 777 897 agros
788 844 968 896 primum
989 844 1266 897 depopulatos,
1288 850 1479 885 terrorem
1501 843 1743 897 direptionis
1763 849 1801 883 et

375 901 497 940 ca’dis
531 900 624 940 urbi
654 899 853 953 injectum,
881 907 924 941 ut
954 915 999 941 eo
1028 908 1133 956 metu
1162 901 1348 942 claudere
1377 908 1613 956 cogerentur
1640 907 1799 953 portas.

376 957 547 998 obsessos
567 958 713 998 deinde
733 964 771 999 et
787 958 1037 1012 obpugnatos
1054 973 1107 1008 se,
1126 965 1164 1000 et
1184 957 1217 982 4⁸
1225 958 1356 999 omnia
1378 960 1559 1012 exempla
1579 958 1675 998 belli
1690 959 1803 998 edita

377 1017 422 1055 in
452 1029 506 1065 se,
537 1015 724 1064 caedibus,
757 1017 971 1067 incendiis,
1002 1017 1147 1064 ruinis,
1180 1016 1410 1069 direptione
1441 1016 1571 1058 urbis.-
1602 1013 1800 1069 conjuges,

375 1071 522 1113 liberos
542 1073 585 1112 in
615 1070 820 1113 servitium
841 1073 1083 1114 abstractos.-
1115 1073 1218 1113 bona
1240 1074 1415 1123 ademta,
1439 1080 1492 1124 et,
1513 1075 1620 1128 quod
1647 1087 1687 1113 se
1707 1078 1803 1112 ante

377 1130 514 1169 omnia
535 1136 705 1186 moveat,
722 1132 871 1183 templa
891 1137 978 1171 tota
995 1131 1092 1171 urbe
1106 1132 1284 1183 spoliata
1305 1133 1563 1172 ornamentis.
1585 1131 1802 1171 simulacra

379 1185 526 1234 Derim,
564 1186 672 1228 Deos
707 1188 824 1228 immo
859 1189 980 1240 ipsos,
1011 1189 1212 1228 convulsos
1245 1203 1296 1228 ex
1328 1188 1485 1229 sedibus
1519 1189 1613 1237 suis,
1645 1187 1804 1228 ablatos

378 1258 480 1290 esse;
515 1243 549 1267 ‘¹⁹
552 1245 739 1297 parietes
761 1251 974 1298 postesque
994 1246 1179 1293 nudatos,
1200 1259 1295 1299 quos
1315 1247 1501 1296 adorent,
1523 1246 1579 1285 ad
1598 1259 1694 1298 quos
1707 1258 1805 1297 pre-

378 1308 516 1342 centur
549 1308 588 1342 et
616 1303 856 1355 supplicent,
884 1302 1237 1343 Ambraciensibus
1270 1310 1504 1356 superesse³.
1565 1303 1672 1343 Haec
1702 1316 1804 1357 que-

379 1367 532 1409 rentes,
568 1358 866 1415 interrogando
900 1358 934 1383 ⁵⁰
946 1359 1164 1400 criminose
1199 1375 1251 1400 ex
1286 1360 1531 1416 composito,
1567 1358 1713 1400 consul
1747 1357 1803 1398 ad

381 1415 520 1472 plura,
546 1415 662 1458 velut
691 1431 774 1457 non
805 1431 882 1458 sua
911 1424 1058 1473 sponte
1088 1416 1278 1466 dicenda,
1300 1416 1500 1458 eliciebat.
1562 1415 1696 1458 Motis
1726 1415 1808 1456 Pa-

381 1473 532 1523 tribus,
562 1472 668 1514 alter
702 1473 846 1514 consul
879 1475 927 1515 C.
953 1473 1185 1515 Flaminius
1217 1474 1280 1513 M.
1304 1473 1446 1514 Fulvii
1476 1487 1663 1514 caussam
1685 1487 1804 1514 exce-

380 1530 468 1586 pit:
501 1531 592 1588 qui,
614 1537 782 1571 veterem
810 1537 847 1571 et
872 1531 1088 1584 obsoletam
1118 1532 1224 1572 viam
1257 1532 1455 1584 ingressos
1485 1530 1804 1578 Ambracienses,

381 1587 502 1628 dixit.
562 1586 595 1610 ⁵¹
605 1588 673 1628 Sic
695 1588 760 1628 M.
782 1589 1026 1629 Marcellum
1058 1602 1084 1628 a
1108 1588 1386 1642 Syracusanis,
1407 1589 1464 1629 sic
1489 1590 1537 1636 Q.
1559 1588 1747 1628 Fulvium
1776 1601 1804 1626 a

384 1645 607 1698 Campanis
646 1652 861 1687 accusatos.
907 1646 1006 1699 quin
1045 1645 1221 1686 ⁵2eadem
1261 1660 1385 1699 opera
1431 1645 1479 1686 T.
1505 1645 1738 1694 Quinctium
1777 1658 1805 1684 α

381 1702 584 1756 Philippo
615 1717 721 1757 rege,
745 1731 763 1743 i
805 1703 828 1743 '.
847 1703 1024 1744 Acilium
1045 1709 1083 1743 et
1103 1703 1156 1743 L.
1178 1703 1399 1756 Scipionem
1421 1702 1472 1742 ab
1491 1702 1704 1751 Antiocho,
1730 1703 1806 1749 Cn.

383 1759 591 1800 Manlium
622 1775 649 1799 α
673 1759 826 1808 Gallis,
849 1761 975 1813 ipsum
996 1761 1078 1802 M.²’
1093 1761 1280 1800 Fulvium
1312 1760 1362 1799 ab
1383 1760 1540 1800 AEtolis
1570 1765 1607 1800 et
1634 1759 1807 1811 Cephal-

380 1817 502 1856 leniae
514 1818 681 1870 populis
700 1818 885 1857 accusari
898 1823 1152 1871 paterentur.
1197 1816 1456 1858 Ambraciam
1476 1817 1745 1871 obpugnatam
1768 1822 1808 1856 et

381 1880 559 1926 captam,
580 1880 619 1914 et
647 1875 768 1929 signa
798 1875 894 1914 inde
922 1880 1237 1928 ornamentaque
1266 1874 1422 1925 ablata,
1448 1880 1486 1915 et
1515 1880 1647 1914 cetera
1661 1873 1805 1928 facta,

425 1949 443 1974 Υ
457 1946 569 1976 dicebat
585 1947 675 1978 Crev.
803 1949 821 1968 2
835 1958 852 1977 a
869 1946 930 1977 del.
947 1947 1041 1978 Crev.
1651 1944 1668 1969 δ
1685 1945 1731 1976 Μ.
1744 1944 1807 1976 del.

384 1989 484 2020 Gron.
500 1989 592 2020 Crev.

427 2050 469 2079 45
493 2048 632 2089 Dicebat]
670 2048 721 2079 Sic
749 2047 892 2080 Andreas
924 2055 955 2080 et
989 2048 1076 2081 vict.

383 2091 492 2122 codex.
537 2091 606 2122 Nec
629 2090 768 2122 videmus
790 2102 844 2122 cur
867 2091 1075 2123 Gronovianae

384 2133 534 2165 editiones
557 2134 588 2164 id
613 2139 766 2165 mutatum
783 2133 935 2166 voluerint
960 2135 992 2165 in
1018 2137 1075 2166 ‹Iu-

384 2178 473 2208 cebat.
1053 2207 1058 2210 .

428 2219 682 2250 46³*Suborna20s
701 2221 887 2262 criminibus]
913 2220 1005 2252 Clam
1028 2219 1074 2251 in-

1170 1950 1186 1968 ²
1201 1958 1259 1978 non
1273 1957 1413 1986 superesse
1429 1946 1528 1978 Gron.

1117 2048 1244 2085 habent,
1260 2048 1414 2090 quomodo
1427 2047 1478 2080 edi
1499 2047 1683 2080 curavimus.
1729 2048 1806 2079 Sen-

1119 2102 1171 2122 sus
1186 2098 1243 2127 est,
1259 2091 1336 2122 nihil
1360 2091 1445 2123 aliud
1468 2102 1627 2134 superesse
1641 2090 1804 2122 Ambraci-

1117 2135 1253 2170 ensibus,
1277 2135 1360 2176 quod
1388 2134 1527 2171 adorent,
1554 2134 1594 2165 ad
1621 2133 1705 2175 quod
1732 2143 1805 2164 con-

1116 2177 1195 2208 versi
1217 2183 1379 2220 precentur
1399 2183 1431 2209 et
1454 2177 1642 2220 supplicent,
1665 2175 1723 2207 nisi
1747 2185 1812 2218 pam

1119 2221 1210 2252 rietes
1248 2227 1412 2263 postesque
1449 2220 1593 2255 nudatos,
1631 2218 1743 2250 ablatis
1785 2228 1805 2249 a

385 2267 516 2294 structos
529 2261 806 2294 criminationibus.

429 2305 470 2335 47
494 2305 698 2347 Imperataque
732 2307 878 2345 prioribus
913 2306 1076 2336 consulibus

377 2347 535 2389 fecissent]
560 2347 610 2379 Sic
636 2358 739 2391 supra,
763 2348 786 2379 1.
811 2349 948 2379 XXXV.
972 2359 1000 2379 c.
1026 2349 1075 2379 17.

388 2392 529 2421 Antiocho
553 2394 579 2421 si
608 2392 734 2433 Smyrna
762 2398 789 2422 et
818 2392 994 2430 Lampsacus
1022 2393 1076 2421 im-

386 2439 490 2473 perata
502 2434 635 2475 jaciant.
682 2434 811 2475 Vulgati
830 2434 978 2464 habenta
999 2437 1078 2474 prio-

387 2478 478 2507 ribus.
522 2477 584 2508 Sed
611 2477 764 2512 Andreas,
787 2483 819 2508 et
842 2488 921 2508 unus
943 2488 959 2508 e
983 2477 1078 2508 MSS.

390 2519 532 2555 Hearnii,
570 2525 601 2550 et
638 2526 740 2552 noster
777 2520 894 2551 Victor.
933 2519 1079 2551 omittunt

388 2561 572 2605 particulam
586 2574 616 2593 a.

432 2606 501 2635 48·
515 2606 621 2636 Omnia
642 2606 767 2644 exempla
793 2607 861 2636 belli
883 2607 960 2636 edita
984 2607 1015 2636 in
1033 2606 1077 2647 se]

390 2647 466 2678 Vid.
483 2654 547 2679 not.
563 2648 602 2679 ad
616 2648 740 2679 XXIX.
756 2648 808 2678 27.

432 2692 473 2721 49
500 2692 629 2721 Parietes
660 2697 804 2731 postesque
842 2692 976 2727 nudatos,
1012 2703 1079 2732 quos

390 2736 510 2764 adorent
541 2756 548 2764 .
581 2757 589 2765 .
624 2734 872 2765 Ambraciensibus
920 2734 1077 2775 superesse]

392 2776 495 2808 Secuti
531 2787 638 2807 sumus
672 2776 884 2808 auctoritatem
922 2776 1078 2812 librorum,

392 2825 457 2849 tum
503 2829 521 2849 a
559 2819 703 2855 (Pelenio,
742 2825 806 2850 tum
852 2830 871 2850 a
911 2819 1078 2855 Gronovio,

393 2868 457 2892 tum
484 2863 523 2892 ab
548 2862 685 2894 lleamio
711 2862 930 2906 inspectorum,
957 2860 1010 2904 qui
1036 2863 1079 2894 sic

1118 2265 1169 2295 M.
1185 2263 1294 2295 Fulvio
1313 2263 1439 2295 deorum
1465 2261 1646 2295 simulacris.
1681 2262 1721 2293 In
1736 2261 1803 2292 vul-

1118 2306 1199 2348 gatis
1227 2306 1357 2348 legitur:
1390 2308 1513 2346 parietes
1539 2311 1684 2345 postesque
1706 2306 1803 2335 nuda-

1120 2357 1170 2386 tos,
1209 2349 1329 2392 supple,
1365 2359 1443 2381 esse.
1489 2349 1566 2383 Quos
1600 2349 1731 2383 adorent,
1766 2349 1805 2377 ad

1120 2403 1187 2433 quos
1222 2394 1349 2424 conversi
1380 2398 1537 2432 precentur
1569 2396 1596 2421 et
1630 2391 1805 2431 supplicent,

1121 2436 1370 2466 Ambraciensibus
1384 2447 1441 2466 non
1452 2444 1605 2474 superesse.

1164 2478 1423 2518 502Cr1‘m1'110se]
1457 2475 1678 2513 Accusatorie5
1708 2475 1752 2506 ita
1773 2480 1810 2521 ut

1121 2521 1158 2552 iis
1188 2521 1378 2551 occasionem
1412 2520 1561 2562 praeberet
1594 2528 1743 2550 novarum
1774 2529 1806 2550 in

1122 2563 1264 2595 Fulvium
1282 2562 1540 2594 criminationum.

1164 2607 1202 2637 51
1217 2606 1294 2636 *Sic
1322 2605 1365 2636 Μ.
1382 2605 1575 2647 Marcellum]
1613 2605 1664 2637 De
1687 2603 1734 2635 his
1757 2613 1807 2635 ac-

1120 2648 1331 2680 cusationibus
1360 2649 1623 2690 Syracusanorum
1654 2648 1686 2679 in
1719 2648 1808 2678 Mar-

1121 2691 1247 2727 cellum,
1273 2691 1504 2733 Campanorum
1532 2691 1563 2722 in
1593 2693 1633 2728 Q.
1651 2689 1809 2726 Fulvium,

1123 2733 1186 2776 egit
1202 2733 1308 2764 Livius
1325 2734 1344 2764 l.
1361 2735 1486 2766 xxx'l.
1502 2745 1530 2766 c.
1544 2736 1597 2767 26.
1611 2741 1643 2765 et
1656 2744 1744 2775 seqq.

1166 2778 1235 2808 52*
1250 2777 1354 2808 Eadem
1381 2778 1482 2820 opera]
1513 2778 1584 2810 Uno
1610 2784 1728 2812 tenore,
1753 2787 1808 2819 pa-

1124 2819 1194 2852 riter
1207 2819 1372 2862 simulque.
