1947 3222
338 139 413 178 466
860 137 1004 178 ΤΙΤΙ
1052 140 1226 178 LlVII

128 255 304 287 U.C.570.
334 249 482 302 placet,
499 247 780 289 lustrationum
801 248 868 290 die
887 250 1087 292 occidere:
1117 250 1241 301 volui,
1263 254 1388 304 quum'
1402 248 1460 289 ad
1477 261 1626 290 coenam
1649 247 1755 288 invi-

126 298 306 330 A.C.182.
341 306 441 355 tavi,
472 319 620 347 veneno
645 306 795 347 scilicet-
823 308 983 347 tollere.-
1026 308 1297 362 volui,'quum
1316 307 1572 348 *comissatum
1599 305 1756 358 gladiis

341 363 521 404 adcincti
549 377 609 403 me
636 363 760 404 secuti
788 370 893 411 sunt,
908 365 1033 418 ferro
1067 365 1303 417 interficere.
1369 363 1569 415 Tempora
1599 362 1756 415 quidem

341 419 481 474 qualia
506 420 589 461 sint
615 421 673 460 ad
690 421 964 473 parricidium
992 422 1129 469 electa,
1157 422 1286 462 vides-.-
1321 422 1442 471 lusus,
1473 419 1663 467 convivii,
1691 432 1756 458 co-

341 477 601 519 minationis<
650 476 683 500 ‘²⁵
694 477 834 525 Quid?
880 478 966 517 dies
994 478 1179 531 qualisn?
1222 492 1299 531 quo
1327 479 1517 519 lustratus
1545 476 1756 524 exercitus,

342 548 419 588 quo
451 534 559 575 inter
589 534 756 574 divisam
787 534 1002 582 victimam,
1038 535 1225 586 prcelatis
1253 535 1438 584 omnium,
1473 534 1544 588 qui
1573 540 1757 586 umquam

325 591 466 646 fuere,
494 591 752 633 Macedonia:
779 604 913 644 regum
948 592 1073 632 armis
1102 593 1242 646 regiis,
1272 593 1350 631 duo
1378 592 1455 632 soli
1485 598 1553 630 tua
1584 595 1759 643 tegentes

342 650 489 696 latera,
504 654 642 700 pater,
658 648 856 700 praevecti
879 662 1021 698 sumus,
1051 655 1089 688 et
1119 655 1288 689 secutum
1313 654 1370 689 est
1398 648 1661 688 Macedonum
1689 660 1759 700 ag-

342 719 441 745 men.
481 704 579 745 Hoc
598 718 688 757 ega,
709 705 831 745 etiam
851 706 889 746 si
908 706 1008 759 quid
1021 712 1117 746 ante
1137 706 1378 746 admisissem
1394 705 1560 757 piaculo
1580 705 1758 757 dignum,

341 763 534 803 lustratus
554 767 593 802 et
613 762 800 814 expiatus
819 776 947 812 sacro,
969 769 1050 802 tum
1075 777 1159 803 cum
1181 765 1352 803 maxime
1372 763 1416 803 in
1435 761 1603 802 hostiam
1623 760 1761 801 itineri

341 825 480 860 nostro
508 819 792 859 circumdatam
823 820 995 867 intuens,
1023 819 1303 872 parricidium,
1333 833 1498 868 venena,
1517 819 1696 870 gladios,
1719 818 1762 857 in

342 876 655 917 comissationem
681 883 950 930 praeparatos,
983 877 1208 917 volutabam
1240 877 1282 917 in
1315 877 1471 917 animo:
1512 874 1594 915 ⁴⁶ut
1622 874 1762 928 quibus

341 934 440 974 aliis
469 933 612 973 deinde
639 933 767 974 sacris
793 935 1109 975 contaminatam
1137 935 1247 974 omni
1272 935 1416 975 scelere
1439 938 1603 973 mentem
1624 931 1762 985 expia-

341 994 454 1031 rem?
489 991 570 1032 Sed
587 1004 710 1031 caecus
729 991 977 1032 criminandi
991 992 1214 1044 cupiditate
1229 992 1399 1040 animus,
1417 991 1508 1031 dum
1529 989 1661 1030 omnia
1682 1003 1762 1030 sus-

331 1054 456 1101 pecta
477 1048 629 1104 effi'cere
644 1049 741 1096 vult,
759 1049 877 1089 aliud
895 1050 980 1089 alio
999 1049 1222 1103 confundit.
1249 1049 1411 1101 nam‚.si
1425 1061 1574 1089 veneno
1596 1053 1633 1087 te
1654 1047 1762 1087 inter

340 1119 491 1145 caenam
525 1106 665 1145 tollere
691 1106 813 1154 volui,
837 1107 937 1159 quid
959 1107 1089 1147 minus
1118 1113 1256 1159 aptum
1270 1107 1383 1160 fuit,
1412 1119 1529 1159 quam
1554 1103 1764 1157 pertinaci

341 1163 559 1202 certamine
578 1168 616 1202 et
635 1175 825 1202 concursu
845 1163 992 1203 iratum
1013 1169 1053 1203 te
1072 1164 1237 1218 efficere,
1256 1170 1297 1203 ut
1318 1163 1472 1212 merito,
1494 1162 1592 1203 sicut
1595 1161 1759 1216 fecisti,

340 1219 536 1260 invitatus
558 1220 616 1258 ad
640 1233 787 1259 coenam
821 1220 1042 1261 abnueres?
1089 1220 1217 1269 Quum
1248 1226 1378 1260 autem
1408 1221 1540 1260 iratus
1564 1231 1760 1273 negasses,

342 1282 488 1324 utrum,
511 1282 554 1316 ut
576 1277 785 1329 placarem
812 1282 866 1327 te,
888 1278 1026 1317 danda
1053 1291 1177 1331 opera
1190 1277 1301 1332 fuit,
1322 1282 1366 1316 ut
1387 1277 1512 1316 aliam
1543 1289 1760 1329 quaererem

344 1334 598 1381 occasionem,
631 1334 818 1387 quoniam
854 1335 972 1374 semel
997 1348 1185 1375 venenum
1211 1336 1489 1388 paraveram?
1525 1347 1578 1373 an
1607 1332 1658 1373 ab
1690 1333 1761 1372 illo

344 1391 511 1432 consilio
531 1391 638 1431 velut
662 1391 972 1431 transiliendum
993 1393 1051 1431 ad
1077 1392 1195 1432 aliud
1203 1392 1314 1446 fuit,
1337 1397 1380 1431 ut
1394 1391 1518 1445 ferro
1538 1396 1592 1440 te,
1613 1396 1652 1430 et
1671 1389 1760 1444 qui-

344 1449 430 1488 dem
450 1462 495 1488 eo
516 1449 595 1498 die,
613 1462 692 1501 per
709 1450 875 1502 speciem
896 1449 1201 1496 comissationis,
1222 1450 1467 1489 occiderem?
1508 1446 1598 1496 Quo
1617 1447 1764 1488 deinde

345 1506 473 1554 modo,
495 1505 532 1545 si
551 1511 591 1545 te
617 1511 720 1545 metu
747 1507 887 1546 mortis
916 1506 1120 1546 credebam
1151 1520 1300 1546 ccenam
1329 1506 1497 1546 evitasse
1523 1519 1661 1552 meam,
1683 1518 1762 1543 non

346 1562 396 1603 ab
435 1563 568 1603 eodem
599 1568 703 1603 metu
742 1563 1052 1605 comissationem
1087 1577 1240 1618 quoque
1272 1563 1513 1604 evitaturum
1554 1562 1763 1603 existima-

346 1620 467 1660 bam?

405 1677 530 1718 XIV.
569 1678 659 1718 Non
683 1684 739 1718 est
760 1692 837 1729 res,
860 1693 938 1733 qua
969 1679 1206 1728 erubescam,
1224 1685 1360 1732 pater,
1382 1679 1419 1719 si
1438 1678 1505 1718 dic
1517 1677 1636 1731 festo
1656 1676 1764 1717 inter

345 1735 520 1788 oequales
550 1736 730 1789 largiore
760 1737 853 1776 vino
884 1750 966 1777 sum
997 1751 1099 1777 usus.
1142 1743 1186 1776 tu
1213 1750 1377 1790 quoque,
1404 1736 1534 1783 velim,
1561 1734 1761 1788 inquiras,

347 1805 426 1845 qua
445 1791 603 1840 laetitia,
626 1807 701 1846 quo
721 1793 809 1833 lusu
829 1795 941 1846 apud
960 1807 1018 1833 me
1040 1793 1277 1834 celebratum
1298 1794 1520 1833 hesternum
1541 1792 1763 1832 convivium

347 1850 413 1896 sit,
445 1849 518 1889 illo
547 1849 664 1889 etiam
697 1849 851 1902 (parvo
870 1850 1080 1904 fhrsitan)
1113 1850 1266 1904 gaudio
1293 1849 1551 1902 provehente,
1583 1849 1692 1902 quod
1720 1849 1763 1887 in

333 1904 543 1958 juvenali⁰
563 1919 762 1946 armorum
783 1908 1000 1947 certamine
1022 1921 1125 1960 pars
1150 1913 1289 1948 nostra
1311 1919 1391 1946 non
1413 1906 1586 1960 inferior
1598 1905 1763 1959 suerat.

348 1963 512 2003 miseria
533 1963 616 2003 lza’c
637 1969 675 2003 et
696 1969 815 2004 metus
834 1965 1042 2016 crapulam
1056 1965 1194 2017 facile
1214 1969 1465 2004 excusserunt
1473 1985 1487 2009 ;
1520 1975 1609 2017 quae
1628 1963 1665 2002 si
1684 1974 1765 2001 non

349 2020 669 2069 intervenissent,
700 2021 962 2062 insidiatores
989 2036 1059 2062 nos
1090 2022 1214 2074 sopiti
1229 2021 1470 2075 jaceremus.
1531 2020 1579 2062 Si
1610 2020 1764 2059 domum

349 2083 458 2117 tuam
479 2085 792 2131 expugnaturus,
813 2084 936 2131 capta
965 2080 1090 2126 domo,
1113 2080 1314 2119 dominum
1337 2078 1619 2132 interfecturus
1639 2089 1764 2124 eram,

349 2148 429 2174 non
449 2141 724 2187 temperassem
745 2136 839 2176 vino
860 2137 904 2176 in
923 2150 1042 2176 unum
1059 2137 1191 2176 diem?
1223 2149 1302 2176 non
1323 2136 1470 2176 milites
1489 2134 1764 2176 abstinuissem

350 2194 481 2232 meos?
511 2193 586 2240 Et,
609 2206 658 2232 ne
678 2207 750 2247 ego
771 2207 829 2233 me
848 2194 953 2234 solus
973 2194 1102 2234 nimia
1122 2194 1384 2246 simplicitate
1413 2199 1544 2241 tuear,
1566 2192 1652 2245 ipse
1671 2203 1765 2244 quo·

564 2285 580 2302 ¹¹
596 2283 669 2319 Quis
681 2284 761 2314 dies?
782 2285 894 2324 qualis?
917 2284 1015 2316 Gron.

351 2373 430 2399 esset
455 2367 576 2400 facinus
603 2367 698 2399 caedis
721 2373 849 2410 patratae
879 2368 1032 2400 lustratio-

351 2420 425 2441 num
449 2411 510 2448 die,
526 2410 558 2441 id
573 2416 630 2446 est,
646 2410 696 2442 die
719 2411 806 2447 festo,
830 2411 960 2449 solenni,
984 2422 1032 2443 sa-

351 2463 412 2484 cro.

395 2497 436 2527 45
462 2495 562 2530 Quid?
592 2498 650 2527 dies
672 2497 782 2537 qualis]
827 2496 876 2527 Sic
899 2496 1034 2539 reposui-

352 2549 432 2574 muS,
449 2545 571 2569 auctore
595 2539 738 2575 Gelenio,
754 2539 807 2580 qui
829 2540 906 2570 illud
930 2540 1034 2580 procul

352 2578 448 2612 dubio
469 2591 506 2613 ex
530 2580 636 2612 codice
663 2582 848 2623 Moguntino
873 2582 1034 2624 depromp-

351 2624 402 2656 sit.
453 2624 578 2655 Allndit
608 2624 798 2656 Victorinus:
838 2627 951 2664 quidem
976 2627 1035 2656 dies

350 2668 455 2708 qualis.
500 2667 614 2708 Vulgo,
633 2669 695 2707 quis
717 2669 795 2697 dies?
816 2668 931 2706 qualis?
952 2668 1034 2708 quod

349 2710 475 2751 quidem
499 2710 613 2752 puerile
635 2716 691 2740 est.
738 2710 1032 2750 Verurn.quoniodo

350 2753 490 2794 legimus,
528 2759 608 2784 recte
645 2752 781 2795 procedit
817 2752 924 2783 oratio.
982 2753 1032 2783 Sic

347 2796 430 2826 enim
464 2801 694 2835 argumentatur
727 2795 914 2826 Demetrius.
970 2795 1030 2825 Lu-

347 2847 410 2873 sus,
455 2839 640 2872 convivium.
678 2837 862 2873 comissatio,
902 2847 960 2868 non
995 2848 1032 2868 eat

347 2887 417 2910 sunt
449 2887 595 2922 tempora.
625 2883 655 2911 in
693 2892 763 2921 qna·
801 2881 925 2918 cogitati
963 2890 1029 2920 par-

1186 2285 1340 2324 ⁰juvenili
1356 2284 1452 2315 Gron.
1469 2283 1559 2315 Crev.

1077 2368 1173 2400 ricidii
1201 2369 1334 2411 suspicio
1368 2367 1457 2400 facile
1495 2367 1624 2399 conferri
1660 2367 1766 2409 possit.

1079 2412 1190 2450 Quid?
1214 2412 1274 2443 diei
1288 2411 1384 2454 ipsius
1405 2410 1554 2442 sanctitas
1577 2420 1678 2441 nonne
1702 2416 1766 2441 tam

1079 2454 1230 2488 nefarium
1245 2454 1406 2486 consilium
1422 2453 1559 2495 respuit?

1122 2498 1164 2528 46
1191 2497 1231 2527 Ut
1255 2499 1358 2538 quibus
1380 2496 1462 2537 aliis]
1510 2496 1578 2526 noc
1604 2495 1693 2527 facile
1719 2495 1765 2527 in-

1079 2540 1244 2581 telligetur,
1274 2539 1298 2569 si
1326 2539 1393 2570 loco
1421 2538 1668 2579 interrogationis
1689 2539 1761 2569 sub-

1074 2582 1186 2623 jeceris
1209 2582 1414 2623 negationem,
1439 2581 1528 2622 cujus
1551 2581 1600 2613 hic
1625 2581 1679 2613 illa
1702 2582 1763 2612 vim

1079 2625 1183 2656 habet.
1229 2626 1273 2656 Ut
1293 2624 1379 2655 nulla
1397 2623 1463 2664 jam
1480 2624 1552 2655 mihi
1569 2630 1763 2667 superessent

1078 2678 1176 2703 sacra,
1197 2667 1308 2708 quibus
1327 2667 1568 2698 contaminatam
1592 2667 1673 2698 omni
1697 2677 1762 2698 sce-

1077 2710 1139 2741 lere
1170 2716 1302 2740 mentem
1334 2710 1502 2751 expiarem.
1546 2711 1596 2741 Sic
1626 2710 1716 2745 infra,
1743 2710 1764 2741 l.

1077 2753 1194 2783 XLIV.
1211 2763 1239 2783 c.
1257 2753 1309 2783 39.
1333 2754 1400 2783 Siue
1417 2754 1479 2783 ulla
1500 2754 1563 2783 sede
1586 2755 1652 2795 vagi
1675 2754 1761 2783 dimi-

1075 2806 1229 2825 cassemus:
1266 2802 1300 2825 ut
1329 2807 1384 2835 quo
1408 2798 1525 2827 victores
1552 2806 1599 2825 uos
1622 2797 1760 2834 recipere-

1076 2839 1159 2868 mus?
