1947 3222
558 97 672 134 LIB.
703 96 856 134 XXXI.
900 98 975 143 CA
992 97 1031 133 P.
1062 98 1191 136 XLII.
1528 106 1577 144 37

165 213 222 254 et,
262 219 386 261 super
425 204 695 246 circumfusas
735 213 797 246 tot
835 204 1095 246 Macedoniae
1133 213 1291 261 gentes,
1327 207 1575 250 maritimam
1592 218 1631 249 U.
1645 218 1682 249 C.
1694 220 1767 249 552.

167 276 337 318 quoque
357 261 576 302 instantem
597 260 864 302 obsidionem.
1586 260 1628 291 Α·
1643 264 1677 292 C·
1693 262 1767 292 200.

223 319 351 359 XLI.
385 318 466 358 Hae
506 333 660 358 caussae
694 318 982 361 Damocritum
1020 318 1269 375 AEtolosque
1308 320 1573 365 restituerant
1586 330 1732 362 AEtoliet

167 374 387 416 Romanis:
419 382 475 424 et,
498 374 774 429 Amynandro
803 391 900 431 rege
928 375 1215 417 Athamanum
1247 376 1458 431 adjunctO,
1481 394 1574 434 pro-
1586 374 1778 435 {Athamanes

161 432 262 473 fecti
294 430 528 473 Cercinium
558 432 766 473 obsedere.
829 433 1075 474 Clauserant
1105 440 1260 488 portas,
1281 433 1486 474 incertum
1517 417 1785 491 vi,r⁰1{³{2¹tu¹1¹,¹f‡5¹{fe‘

162 504 214 530 an
234 487 471 529 voluntate:
505 489 604 543 quia
628 489 790 544 regium
819 489 1029 531 habebant
1059 488 1313 545 praesidium.
1376 491 1571 532 Ceterum
1586 501 1678 544 lippo.

162 545 271 586 intra
302 559 456 600 paucos
488 544 575 585 dies
607 554 776 601 captum
812 554 873 588 est
906 546 1157 596 Cercinium,
1190 554 1316 602 atque
1346 546 1569 588 incensum.

160 601 232 657 qui
263 601 555 657 superfuerant
577 617 598 642 e
621 618 773 658 magna
802 602 932 653 clade,
955 602 1072 644 liberi
1104 603 1308 659 servique,
1329 604 1438 644 inter
1467 612 1573 646 cete-

158 673 245 698 ram
278 657 464 714 praedam
496 658 680 700 abducti.
743 660 787 700 Is
817 659 941 701 timor
976 674 1131 709 omneS,
1163 661 1237 715 qui
1272 660 1571 702 circumcolunt

158 715 316 755 Boeben
356 715 567 772 paludem,
609 716 764 758 relictis
803 717 993 766 urbibus,
1034 724 1194 757 montes
1237 716 1372 772 co'egit
1417 724 1569 772 petere.

158 771 306 822 AEtoli‚
335 772 475 828 inopia
503 773 658 828 praedae
689 773 784 814 inde
815 773 960 823 aversi,
983 773 1025 813 in
1054 773 1372 814 Perrhaebiamm
1392 773 1451 814 ire
1480 789 1572 830 per-

154 837 275 884 gunt.
352 829 540 885 Cyretias
579 830 638 870 ibi
679 830 718 870 vi
759 830 943 886 capiunt,
985 830 1181 885 foedeque
1221 830 1449 886 diripiunt;
1497 831 1571 887 qui

158 885 374 926 Malloeam
406 886 607 936 incolunt,
638 886 853 927 voluntate
886 886 928 926 in
963 886 1215 927 deditionem
1250 887 1571 943 societatemque

155 942 324 998 accepti.
386 944 455 983 Ex
478 943 717 983 Perrhaebia
741 943 959 998 Gomphos
988 942 1156 997 petendi
1179 943 1452 998 Amynander
1476 960 1571 985 auc-

157 1007 223 1039 tor
257 1008 370 1041 erat:
413 1008 454 1041 et
489 999 660 1040 inminet
696 999 953 1040 Athamania
986 998 1084 1039 huic
1121 998 1230 1049 urbi,
1263 999 1571 1056 videbaturque

156 1056 388 1112 expugnari
432 1057 517 1096 sine
564 1071 714 1112 magno
758 1055 980 1097 certamine
1023 1070 1154 1111 posse.
1230 1055 1364 1096 AEtoli
1404 1072 1571 1113 campos

157 1112 384 1153 Thessaliae
404 1112 563 1168 opimos
584 1113 638 1153 ad
657 1113 843 1168 praedam
864 1112 1042 1170 petiere:
1077 1121 1288 1168 sequente,
1315 1128 1569 1170 quamquam
1582 1119 1773 1152 Thessaliam

154 1183 234 1208 non
269 1170 487 1224 probante,
518 1170 810 1226 Amynandro.
842 1185 916 1211 nec
949 1169 1099 1210 effusas
1134 1169 1423 1226 populationes
1449 1163 1782 1212 AEtsppopulantur.

153 1224 302 1275 lorum,
319 1241 393 1267 nec
414 1235 561 1277 castra,
584 1242 669 1282 quo
695 1227 781 1267 fors
803 1226 963 1268 tulisset
994 1226 1098 1276 loco,
1121 1227 1206 1267 sine
1228 1226 1314 1268 ullo
1335 1227 1570 1269 discrimine

152 1297 199 1323 ac
220 1298 320 1324 cura
348 1284 577 1334 muniendi,
600 1283 746 1340 posita.
778 1284 936 1340 itaque,
957 1299 1009 1324 ne
1030 1283 1240 1325 temeritas
1261 1299 1404 1324 eorum
1432 1285 1570 1339 negle-

150 1339 375 1396 gentiaque
411 1340 488 1381 sibi
523 1356 570 1382 ac
605 1340 690 1382 suis
724 1341 848 1382 etiam
885 1340 1013 1381 cladis
1052 1340 1228 1396 alicujus
1264 1356 1408 1382 caussa
1448 1352 1567 1393 esset,

152 1412 284 1452 quum
323 1398 624 1454 campestribus
664 1397 762 1439 locis
799 1397 1063 1452 subjicientes
1099 1413 1167 1437 eos
1203 1405 1337 1438 castra
1376 1397 1569 1440 Phecado

151 1455 246 1495 urbi
267 1454 442 1505 videret,
464 1455 550 1510 ipse
572 1454 713 1510 paullo
733 1454 829 1510 plus
849 1454 1214 1510 ⁵⁰quingentorum
1245 1468 1443 1508 passuum
1472 1454 1568 1496 inde

152 1512 363 1553 tumulum
387 1512 485 1561 suis,
504 1512 694 1567 quamvis
715 1511 795 1551 levi
817 1511 1075 1551 munimento
1096 1518 1252 1559 tutum,
1270 1511 1392 1566 cepit.
1427 1513 1566 1561 Quum

152 1568 301 1619 AEtoli,
332 1568 410 1609 nisi
444 1567 560 1624 quod
590 1567 916 1623 populabantur,
947 1568 1019 1607 vix
1049 1566 1280 1607 meminisse
1311 1567 1566 1619 viderentur,

153 1641 194 1668 se
224 1625 266 1665 in
295 1625 477 1666 hostium
508 1640 609 1680 agro
639 1639 749 1671 esse3
783 1624 851 1664 alii
879 1623 1008 1679 palati
1040 1623 1272 1664 semiermes
1300 1633 1566 1679 vagarentur,

150 1682 220 1724 alii
248 1682 292 1723 in
322 1681 464 1722 castris
495 1681 580 1721 sine
610 1681 867 1721 stationibus‘
891 1695 966 1736 per
1001 1694 1190 1720 somnum
1222 1679 1450 1736 vinumque
1480 1681 1567 1723 dies

150 1739 341 1781 noctibus
371 1746 599 1793 aequarent,
637 1737 856 1793 Philippus
885 1735 1199 1792 inopinantibus
1228 1736 1408 1777 advenit.
1441 1753 1565 1793 quem
1580 1749 1769 1790 obprimun-

148 1811 281 1853 quum
297 1796 438 1836 adesse
458 1794 712 1850 refugientes
732 1810 783 1834 ex
804 1793 914 1849 agris
930 1793 1102 1848 quidam
1123 1793 1265 1849 pavidi
1286 1794 1564 1845 nunciassent,
1578 1797 1626 1837 pur
1642 1802 1660 1822 a
1676 1793 1701 1823 Ρ
1704 1793 1749 1823 hi-

146 1852 356 1909 trepidare
387 1852 654 1892 Damocritus
690 1851 900 1906 ceterique
931 1851 1081 1891 duces:
1114 1859 1155 1891 et
1191 1858 1278 1891 erat
1308 1850 1416 1892 forte
1446 1853 1566 1893 meri-
1578 1835 1620 1876 hp
1621 1846 1641 1876 p
1643 1846 1671 1865 ⁰'

148 1910 320 1951 dianum
350 1918 529 1965 tempus,
561 1924 646 1964 quo
675 1908 865 1963 plerique
894 1922 1042 1963 graves
1077 1907 1169 1948 cibo
1202 1906 1326 1963 sopiti
1354 1908 1561 1963 jacebant.

147 1966 343 2009 Excitare
364 1965 494 2021 igitur
515 1965 583 2006 alii
613 1965 727 2014 alios,
744 1965 894 2021 jubere
915 1979 1030 2005 arma
1049 1979 1209 2020 capere,
1232 1964 1333 2004 alios
1354 1964 1563 2006 dimittere

145 2024 200 2065 ad
219 2023 485 2073 revocandos,
507 2023 579 2078 qui
608 2021 736 2078 palati
766 2037 841 2077 per
871 2036 991 2077 agros
1020 2021 1330 2076 praedabantur.
1362 2028 1563 2077 tantaque

147 2079 370 2137 trepidatio
391 2079 487 2129 fuit,
510 2088 558 2121 ut
580 2079 664 2120 sine
689 2078 838 2134 gladiis
859 2077 1031 2134 quidam
1061 2077 1252 2133 equitum
1271 2077 1445 2127 exirent,
1468 2078 1562 2119 lori-

145 2153 213 2187 cas
233 2136 423 2193 plerique
439 2151 519 2176 non
541 2136 774 2177 induerent.
808 2136 878 2176 Ita
894 2135 1045 2190 raptim
1063 2134 1217 2184 educti,
1232 2149 1364 2190 quum
1380 2135 1561 2176 universi

148 2202 435 2236 sexcentorum
469 2208 578 2248 aegre
609 2192 736 2241 simul>
761 2191 921 2248 equites
957 2190 1202 2247 peditesque
1237 2206 1456 2232 numerum
1493 2207 1563 2233 ex-

147 2252 342 2308 plessent,
364 2249 554 2291 incidunt
581 2250 622 2289 in
653 2249 814 2304 regium
837 2249 1086 2304 equitatum,
1109 2263 1296 2297 numero,
1317 2248 1476 2297 animis,
1499 2264 1561 2289 ar-

145 2309 309 2364 misque
338 2315 616 2363 praestantem.
679 2307 831 2361 Itaque
861 2305 996 2361 primo
1020 2305 1166 2361 inpetu
1188 2305 1286 2354 fusi,
1308 2304 1378 2345 vix
1402 2313 1560 2346 tentato

147 2365 384 2414 certamine,
401 2363 516 2420 turpi
536 2363 640 2419 fuga
660 2370 855 2418 repetunt
876 2369 1020 2402 castra.
1043 2362 1136 2401 caesi
1158 2361 1354 2417 captique
1371 2361 1557 2416 quidam,

146 2437 251 2478 quos
272 2421 433 2476 equites
453 2421 506 2461 ab
527 2420 690 2476 agmine
710 2418 964 2474 fugientium
984 2417 1263 2458 interclusere.

203 2478 359 2518 XLII.
404 2477 639 2533 Philippus,
685 2476 769 2517 suis
812 2476 900 2531 jam
949 2474 1058 2515 vallo
1107 2474 1555 2531 adpropinquantibUS‚

142 2534 331 2591 *receptui
371 2533 461 2574 cani
495 2533 634 2589 jussit.
675 2533 873 2588 fatigatos
920 2530 1026 2572 enim
1073 2546 1202 2586 equos
1243 2531 1435 2587 virosque
1474 2547 1555 2572 non

146 2600 232 2632 tam
266 2591 428 2647 proelio,
462 2605 588 2646 quam
623 2589 781 2631 itineris
816 2588 939 2629 simul
979 2587 1253 2643 longitudine,
1290 2587 1411 2628 simul
1452 2603 1556 2643 prae-

144 2662 320 2703 propera
338 2647 561 2698 celeritate,
577 2646 769 2688 habebat.
832 2646 984 2700 Itaque
1005 2645 1219 2685 turmatim
1241 2645 1416 2700 equites,
1433 2645 1474 2683 in
1496 2644 1555 2684 vi-

684 2751 708 2768 m
726 2748 900 2779 Perroebiam
914 2747 1009 2778 Gron.

314 2847 354 2875 50
378 2845 609 2887 Quingentorum
623 2845 775 2886 passuum]
799 2843 917 2874 Melius
931 2842 1084 2875 videretur
1099 2844 1267 2883 quingentos
1281 2851 1386 2878 passm.

817 2887 890 2926 1)ss
