1947 3222
538 100 658 138 LIB.
689 99 865 137 XXXII.
913 101 1040 137 CAR
1073 101 1124 138 11.

1493 107 1541 147 49

122 219 262 253 monte
286 211 452 253 Albano
483 208 646 251 Latinis
676 222 855 258 carnem,
879 215 927 249 ut
956 207 1130 257 adsolet,
1153 208 1292 250 datam
1329 225 1410 252 non
1441 226 1538 253 esse.
1556 221 1760 253 U.‘C.553.'

124 267 198 309 Ab
231 270 380 310 Suessa
407 265 650 308 nunciatum
683 272 758 313 est,
790 264 896 305 duas
931 273 1087 320 portaS,
1109 265 1310 321 quodque
1336 267 1444 308 inter
1474 284 1541 309 eas
1556 264 1734 312 A.C5i99.

123 326 233 366 muri
254 334 356 376 erat,
378 324 429 365 de
459 322 563 364 coelo
584 331 769 368 tactum3
803 329 844 362 et
867 321 1079 363 Formiani
1104 321 1231 376 legati
1251 322 1384 363 aedem
1405 325 1435 363 J
1438 325 1540 374 ovis,
1554 307 1709 347 Prodxgm.

125 381 226 423 item
248 381 455 423 Ostienses
485 379 617 420 aedem
648 380 677 419 J
680 377 783 428 ovis,
805 386 847 419 et
868 378 1068 420 Veliterni
1091 378 1302 434 Apollinis
1332 387 1373 419 et
1397 379 1542 422 ⁵Sanci

125 438 249 489 aedes,
270 446 310 479 et
340 437 384 478 in
413 435 610 477 Herculis
639 435 729 477 aede
758 434 955 490 capillum
986 443 1178 476 enatum:
1212 444 1254 477 et
1283 451 1334 476 ex
1365 436 1542 477 Bruttiis

125 495 178 537 ab
209 497 258 546 Q.
281 493 471 535 Minucio
506 501 762 549 propraetore
793 491 1009 547 scriptum,
1040 491 1267 548 equuleum
1297 507 1393 533 cum
1423 493 1543 547 quin-

123 568 206 609 que
244 551 436 608 pedibus‚
471 549 611 606 pullos
649 548 896 605 gallinaceos
931 557 1014 590 tres
1049 564 1144 589 cum
1181 549 1308 590 ternis
1348 549 1542 605 pedibuS,

122 618 240 651 natos
274 623 371 649 esse.
435 607 542 648 Inde
572 622 597 647 a
627 608 674 647 P.
700 605 884 662 Sulpicio
923 606 1169 662 proconsule
1204 621 1256 647 ex
1294 605 1545 647 Macedonia

122 665 252 707 literae
273 665 440 714 adlatae,
461 665 504 705 in
525 663 680 719 quibus
709 663 818 704 inter
838 671 975 704 cetera
1004 664 1204 718 scriptum
1235 671 1337 714 erat,
1361 663 1544 704 lauream

121 723 163 764 in
185 722 319 779 puppi
339 723 455 763 navis
476 721 611 777 longae
633 728 808 761 enatam.
871 719 1067 761 Priorum
1090 720 1380 776 prodigiorum
1401 735 1546 760 caussa

122 788 289 821 senatus
330 787 560 828 censuerat,
603 786 649 818 ut
689 776 877 817 consules
919 777 1148 832 majoribus
1187 777 1347 827 hostiis,
1387 776 1542 832 quibus

123 837 218 878 Diis
238 836 466 885 videretur,
490 834 776 879 sacrificarent.
807 833 862 874 ob
891 833 970 874 hoc
1002 848 1132 873 unum
1162 833 1403 889 prodigium
1428 848 1544 875 arus-

121 893 233 950 pices
263 893 305 934 in
327 901 516 934 senatum
538 891 687 940 vocati,
708 897 837 944 atque
861 905 913 930 ex
942 904 1139 944 responso
1160 905 1304 931 eorum
1336 890 1543 946 supplica-

121 951 183 992 tio
202 950 361 1007 populo
390 950 433 991 in
453 949 564 990 diem
585 962 716 988 unum
736 945 886 996 edicta,
909 954 948 987 et
970 946 1025 986 ad
1055 945 1194 987 omnia
1221 946 1457 1002 pulvinaria
1477 963 1542 988 res

123 1007 278 1049 divinae
298 1008 434 1050 factae.

180 1065 243 1106 II.
277 1062 646 1119 Karthaginienses
665 1078 714 1103 eo
744 1077 851 1104 anno
881 1071 1103 1118 argentum
1133 1062 1173 1103 in
1196 1061 1448 1119 stipendium
1482 1061 1541 1104 in·
1554 1073 1706 1115 Kafthag.

120 1121 303 1177 positum
333 1121 516 1177 primum
537 1120 717 1161 Romam
746 1119 1019 1160 advexerunt.
1050 1118 1096 1160 id
1126 1120 1227 1175 quia
1255 1119 1437 1176 probum
1458 1115 1755 1164 110npri131amrri-

119 1193 206 1219 esse
226 1186 454 1233 quaestores
474 1177 834 1226 renunciaverant,
851 1176 1246 1232 experientibusque
1267 1175 1284 1199 ⁶
1299 1191 1395 1232 pars
1416 1191 1541 1232 quar·
1553 1161 1622 1233 ἓξὲξ
1634 1169 1753 1233 {glamo-

118 1243 163 1276 ta
182 1234 353 1276 decocta
379 1243 482 1285 erat,
503 1233 680 1290 pecunia
702 1235 850 1275 Romae
879 1242 1030 1274 mutua
1059 1241 1211 1283 sumta,
1233 1232 1640 1277 ⁷intertrimen-.vunt.

118 1298 211 1333 tum
242 1291 404 1347 argenti
440 1291 753 1347 suppleverunt.
816 1290 1063 1332 Petentibus
1096 1289 1261 1341 deinde,
1293 1298 1356 1338 ut,
1388 1290 1420 1330 si
1451 1290 1540 1345 jam

115 1348 330 1391 videretur
352 1349 526 1397 senatui,
548 1347 713 1389 obsides
743 1347 820 1389 sibi
850 1346 1139 1395 redderentur,
1162 1347 1357 1388 ⁸centum
1386 1346 1539 1390 redditi

115 1405 291 1447 obsides,
324 1405 376 1447 de
400 1406 561 1455 ceteris,
584 1404 617 1445 si
646 1404 690 1446 in
718 1404 801 1446 fide
830 1412 1134 1460 permanerent,
1157 1420 1250 1461 spes
1279 1404 1401 1444 facta.
1463 1405 1540 1444 Pe-
1553 1410 1707 1459 Obsiqum

116 1463 303 1505 tentibus
323 1462 485 1512 iisdem,
507 1462 581 1518 qui
608 1477 690 1502 non
720 1460 1004 1502 reddebantur
1031 1460 1210 1511 obsides,
1232 1469 1284 1502 ut
1302 1461 1355 1504 ab
1377 1461 1536 1511 Norba,
1551 1464 1673 1528 pagg-¹¹³

117 1521 191 1561 ubi
220 1535 371 1576 parum
401 1518 615 1559 commode
645 1526 795 1568 essent,
817 1517 897 1558 alio
927 1517 1262 1567 traducerentur,
1283 1532 1536 1567 concessum,
1551 1507 1582 1528 re
1628 1503 1682 1528 Μ’

120 1585 166 1618 ut
197 1576 382 1632 Signiam
411 1584 453 1616 et
484 1574 757 1616 Ferentinum
787 1574 1021 1616 transirent.
1085 1574 1306 1615 Gaditanis
1337 1573 1437 1615 item
1468 1589 1539 1630 pe-

117 1633 303 1676 tentibus
332 1632 564 1681 remissum,
585 1631 665 1672 ⁹ne
695 1631 920 1688 praefectus
943 1629 1084 1671 Gades
1113 1631 1368 1680 mitteretur,
1389 1630 1538 1671 adver-

118 1706 189 1732 sus
209 1690 326 1746 quod
355 1689 418 1739 iis,
439 1689 483 1729 in
512 1688 638 1729 fldem
667 1687 814 1744 populi
839 1686 1020 1728 Romani
1048 1686 1325 1736 venientibus,
1347 1701 1444 1727 cum
1467 1687 1539 1727 L.⁰

118 1748 280 1789 Marcio
303 1745 489 1802 Septimo
518 1745 788 1786 convenisset.
848 1745 908 1786 Et
929 1743 1223 1785 Narniensium
1252 1743 1414 1799 legatis,
1436 1759 1538 1799 que-

116 1803 305 1846 rentibus
339 1803 394 1844 ad
431 1817 654 1843 numerum
689 1802 768 1843 sibi
802 1800 968 1842 colonos
1002 1815 1085 1841 non
1119 1816 1220 1850 esse,
1257 1808 1298 1841 et
1338 1800 1536 1842 inmixtos

114 1861 319 1920 quosdam
347 1875 431 1901 non
461 1859 524 1901 sui
559 1858 721 1915 generis
749 1874 827 1916 pro
856 1857 1012 1899 colonis
1042 1873 1084 1898 se
1112 1872 1270 1912 gerere,
1302 1872 1443 1899 earum
1474 1873 1537 1898 re-

114 1935 210 1962 rum
249 1933 394 1959 caussa
431 1915 648 1957 tresvirosd
688 1931 825 1957 creare
866 1915 917 1955 L.
941 1914 1161 1956 Cornelius
1200 1913 1345 1955 consul
1377 1914 1533 1970 jussus.

116 1976 243 2019 creati
277 1975 323 2016 Ρ.
346 1983 387 2015 et
420 1975 513 2015 Sex.
538 1972 640 2013 AElji
675 1972 826 2025 (Paetis
856 1972 941 2013 fuit
975 1971 1180 2012 ambobus
1213 1974 1461 2026 cognomen)
1493 1980 1534 2011 et

117 2035 166 2077 C.
191 2031 408 2075 Cornelius
430 2030 651 2072 Lentulus.
685 2029 802 2086 quod
823 2027 1125 2070 Narniensibus
1148 2027 1296 2069 datum
1320 2036 1423 2077 erat,
1442 2027 1474 2051 ¹⁰
1489 2037 1534 2069 ut

423 2134 438 2152 ⁶
455 2130 493 2161 L.
507 2129 569 2160 del.
583 2129 680 2160 Gron.
808 2128 824 2152 d
839 2130 1004 2159 triumviros
1021 2127 1118 2159 Gron.
1135 2127 1227 2158 Crev.

159 2223 180 2253 5
203 2220 307 2260 Sanci]
332 2217 472 2249 Semonis
487 2215 591 2251 Sanci,
607 2215 660 2256 qui
676 2220 707 2246 et
722 2214 803 2246 Dius

119 2264 225 2295 Fidius
247 2263 426 2295 vocabatur.
471 2259 522 2290 De
548 2268 583 2290 eo
606 2258 739 2289 diximus
763 2257 804 2289 ad

115 2307 137 2338 l.
154 2307 253 2338 VIII.
268 2316 295 2337 c.
309 2306 363 2336 20.

159 2351 180 2381 6
204 2350 280 2380 Pars
305 2354 412 2389 quana
443 2348 557 2377 decocta
585 2345 665 2385 erat]
711 2345 804 2375 Parte

117 2399 229 2435 quarta
262 2391 459 2422 imminutum
491 2389 592 2420 fuerat
627 2393 801 2429 argentum,

116 2447 213 2477 quum
226 2434 290 2476 igni
305 2434 497 2476 probaretur.

159 2480 178 2510 7
202 2479 457 2509 Inter-erimantum
484 2474 616 2516 argenti]
649 2474 802 2511 Quartam

117 2519 204 2553 illam
231 2527 362 2563 partem,
385 2529 480 2561 quam
509 2523 670 2559 argentum
693 2526 802 2547 excoc-

115 2570 182 2595 tum
197 2564 353 2595 amiserat.

161 2607 180 2637 8
206 2607 329 2637 Centum
355 2605 464 2636 redditi
486 2605 602 2640 obsides,
625 2604 660 2633 de
685 2601 801 2643 ceteris]

119 2649 218 2690 Atqui
243 2660 336 2691 supra
359 2649 381 2679 l.
408 2647 514 2678 XXX.
542 2657 569 2677 c.
599 2646 652 2677 37.
678 2651 802 2676 centum

118 2692 242 2723 omnino
270 2691 392 2722 obsides
418 2690 491 2721 dare
511 2690 660 2731 jubentur
689 2698 707 2718 a
737 2687 803 2718 Sci-

118 2735 210 2776 pione
229 2734 331 2766 Poeni.
375 2734 419 2764 At
433 2733 608 2775 AppianuS‚
626 2731 649 2762 l.
664 2731 702 2762 de
717 2730 802 2762 Bell.

119 2778 201 2808 Pun.
227 2783 350 2808 centum
379 2774 606 2818 quinquaginta
630 2774 669 2805 ab
693 2773 802 2804 eodem

118 2820 259 2862 Scipione
284 2819 453 2862 postulatos
478 2818 583 2849 tradit.
627 2815 803 2848 Verisimile

118 2868 164 2894 est
182 2860 303 2893 Livium
330 2861 378 2892 hic
402 2871 535 2903 quoque,
552 2867 586 2893 ut
608 2870 690 2902 saepe
713 2859 801 2896 alias,

174 2919 268 2946 VOL.
293 2918 361 2946 111.

845 2213 979 2244 diversos
1005 2219 1144 2245 auctores
1166 2224 1258 2255 super
1283 2213 1393 2244 eadem
1422 2224 1453 2244 re
1483 2224 1531 2244 se-

845 2262 950 2288 cutum
967 2267 1044 2288 esse.
1089 2257 1161 2287 Nisi
1183 2257 1209 2287 si
1230 2257 1308 2288 forte
1330 2263 1456 2288 senatus
1476 2256 1531 2287 ad-

846 2299 926 2330 didit
963 2300 1004 2330 ad
1047 2310 1209 2332 numerum
1249 2299 1403 2333 obsidum,
1439 2309 1530 2340 quem

848 2342 950 2384 Scipio
982 2343 1115 2385 primum
1145 2342 1454 2384 Carthaginiensibus
1483 2343 1530 2373 in-

844 2385 976 2416 dixerat.

887 2428 933 2458 9¹
946 2428 992 2458 Ne
1002 2427 1158 2470 praefectus
1174 2427 1270 2458 Gades
1285 2430 1461 2463 mitteretur,
1476 2430 1528 2458 ad-

846 2482 943 2501 versus
962 2471 1052 2512 quod]
1084 2472 1188 2510 Junge
1212 2471 1279 2501 haec
1304 2471 1362 2507 sibi
1387 2470 1529 2501 invicem.

847 2512 1002 2544 Nimirum
1023 2519 1130 2544 contra
1150 2523 1188 2543 ea
1202 2523 1272 2553 quae
1292 2519 1388 2555 pacta
1409 2514 1529 2544 fuerant

847 2556 1021 2587 Gaditanos
1042 2557 1121 2587 inter
1139 2561 1170 2586 et
1184 2556 1355 2593 Marcium,
1369 2557 1530 2597 praefectus

847 2600 885 2630 ab
915 2600 1018 2630 Roma
1047 2599 1155 2631 Gades
1187 2599 1268 2629 mitti
1299 2606 1422 2641 coeptus
1452 2604 1527 2628 erat.

848 2642 879 2672 N
884 2653 941 2673 une
956 2652 1027 2684 ergo
1041 2641 1208 2673 Gaditanis
1230 2643 1404 2683 petentibus
1417 2651 1528 2671 conce-

847 2685 940 2721 ditur,
957 2696 996 2716 ne
1005 2686 1071 2727 jam
1085 2685 1117 2715 in
1132 2694 1236 2715 eorum
1248 2686 1354 2716 urbem
1366 2683 1529 2725 praefectus

845 2728 994 2760 mittatur.
1040 2729 1091 2759 De
1121 2727 1273 2769 praefectis
1299 2727 1361 2768 juri
1394 2725 1529 2756 dicundo

845 2770 909 2802 vid.
924 2777 989 2802 not.
1003 2772 1055 2802 77.
1070 2770 1110 2802 ad
1127 2771 1186 2802 IX.
1201 2771 1255 2801 20.
1520 2801 1523 2805 ,

890 2815 930 2845 10
965 2814 1005 2844 Ue
1043 2815 1206 2845 colonorum
1245 2822 1382 2841 numerus
1417 2822 1529 2853 cogere-

847 2858 913 2898 tur]
960 2856 1173 2900 Perfice-retur,
1208 2854 1427 2891 absolveretur,
1459 2864 1529 2896 par-

921 2913 948 2938 E
