1947 3222
563 321 971 391 T.2LIVII
1046 321 1569 389 PATAVINI

758 481 1071 531 ‚LrssER
1128 481 1331 529 xxxi.

155 752 195 781 17.
208 753 244 797 (J.
259 752 333 783 551.
367 733 477 785 ME
509 757 678 799 quoque
703 742 841 797 juvat,
869 740 1102 796 velutfipse
1126 740 1169 780 in
1198 748 1317 796 parte
1347 739 1499 781 laboris
1527 756 1573 782 ac
1606 740 1780 797 periculi

153 795 194 826 A·
208 796 332 826 [¹:201.
366 800 532 850 fuerim,
555 799 609 839 ad
632 799 756 839 finem
786 797 885 838 belli
908 796 1058 838 Punici
1089 796 1336 853 pervenisse.
1367 811 1462 837 nam
1488 797 1564 838 etsi
1595 797 1780 853 profiteri
1940 777 1943 862 ἰ

367 872 531 906 ausum,
552 855 886 912 perscripturum
916 867 981 894 res
1011 869 1153 894 omnes
1174 855 1400 902 Romanas,
1422 853 1465 893 in
1486 855 1678 909 partibus
1703 854 1782 896 sin-
1940 884 1947 903 ,,

366 913 479 970 gulis
509 912 614 954 tanti
644 911 779 968 operis
808 910 976 966 fatigari
1006 910 1174 951 minime
1194 910 1437 957 conveniat3
1471 918 1623 961 tamen,
1649 927 1781 966 quum
1941 915 1947 963 ιζ

366 971 410 1011 in
439 978 620 1011 mentem
650 968 781 1018 venit,
802 976 886 1010 tres
916 976 957 1009 et
984 967 1199 1023 sexaginta
1228 982 1364 1008 annos
1389 968 1471 1017 (tot
1502 967 1611 1008 enim
1642 976 1739 1009 sunt
1759 983 1784 1008 a
1939 949 1947 992 ι’

367 1027 503 1083 primo
535 1026 696 1067 Punico
725 1024 781 1066 ad
810 1024 1038 1065 secundum
1069 1024 1227 1066 bellum
1257 1023 1443 1077 finitum)
1472 1022 1622 1079 1aeque
1651 1024 1786 1073 multa

367 1082 582 1125 volumina
615 1097 840 1138 occupasse
873 1080 992 1132 mihi,
1022 1096 1150 1136 quam
1186 1081 1430 1136 occuparint
1459 1079 1785 1136 ²quad'ringenti

368 1140 581 1196 octoginta
610 1146 724 1180 octoa
743 1138 841 1179 anni
866 1153 892 1179 a
911 1137 1079 1179 condita
1107 1138 1212 1179 urbe
1241 1137 1297 1178 ad
1326 1138 1410 1192 Ap.
1437 1137 1662 1178 Claudium
1693 1152 1787 1178 con-

369 1197 516 1247 sulem,
548 1196 622 1252 qui
651 1195 813 1252 primus
840 1194 999 1236 bellum
1036 1193 1458 1249 Karthaginiensibus
1488 1193 1657 1242 intulit3
1696 1195 1784 1250 jam

368 1253 570 1310 provideo
603 1254 754 1303 animo,
790 1252 908 1294 velut
948 1251 1022 1308 qui
1056 1250 1286 1308 ⁵proximis
1320 1250 1433 1292 litori
1468 1250 1585 1292 vadis
1624 1250 1786 1292 inducti

368 1326 482 1352 mare
508 1310 688 1367 pedibus
716 1308 1027 1365 ingrediuntur,
1049 1308 1260 1365 quidquid
1290 1307 1550 1364 progredior,
1572 1308 1616 1348 in
1636 1308 1788 1349 vastio-

369 1383 457 1409 rem
477 1383 543 1409 me
564 1366 846 1416 altitudinem,
867 1381 914 1406 ac
934 1366 1051 1406 velut
1078 1364 1338 1421 profundum
1368 1364 1522 1415 invehi,
1545 1373 1586 1406 et
1607 1379 1787 1405 crescere

361 1440 474 1481 *pene
495 1440 616 1480 opus,
633 1423 750 1480 quod
770 1422 907 1479 prima
925 1437 1106 1478 quaeque
1127 1420 1379 1477 perficiendo
1399 1420 1529 1461 minui
1553 1420 1786 1462 videbatur.

374 1483 526 1523 Pacem
567 1480 771 1521 Punicam
809 1479 968 1520 bellum
1005 1477 1326 1519 Macedonicum
1362 1478 1551 1533 excepit3
1602 1477 1790 1534 periculo

372 1537 704 1593 haudquaquam
725 1535 1067 1591 comparandum,
1085 1536 1160 1575 aut'
1179 1535 1337 1575 virtute
1358 1533 1491 1584 ducis,
1513 1542 1586 1574 aut
1606 1534 1790 1575 militum

371 1595 544 1636 robore:
597 1593 785 1634 claritate
825 1607 972 1647 regum
1013 1591 1298 1646 antiquorum,
1334 1590 1639 1646 “vetustaque‘'
1677 1590 1790 1631 fama

373 1652 524 1707 gentis,
547 1658 587 1691 et
607 1648 898 1704 magnitudine
917 1647 1094 1704 imperii,
1112 1662 1198 1702 quo
1218 1647 1395 1688 multam
1416 1648 1630 1702 quondam
1652 1648 1791 1688 Euro-

373 1724 455 1764 pae,
482 1707 680 1763 majorem
711 1713 872 1761 partem
903 1705 1019 1745 Asiae
1049 1704 1317 1746 obtinuerant
1347 1704 1486 1753 armis,
1514 1719 1644 1759 prope
1674 1705 1790 1745 nobi-

374 1765 467 1806 lius.
530 1766 728 1805 Ceterum
748 1761 957 1819 ⁵coeptum
980 1760 1357 1803 bellum-adversus
1379 1760 1626 1816 Philippum
1647 1760 1788 1802 decem

668 1866 684 1883 ³
698 1868 801 1902 septem
819 1863 910 1892 Crev.
1080 1860 1098 1883 b
1114 1866 1289 1901 vetzzstoeque
1302 1861 1396 1891 Gron.
1414 1860 1505 1891 Crev-

421 1952 435 1980 l
472 1950 564 1991 (Eque
595 1949 690 1979 multa
724 1947 887 1988 volumina]
935 1946 1060 1977 Bellum

377 1993 532 2024 Punicum
570 1992 701 2034 primum
746 2000 870 2021 narrare
904 1989 1061 2031 inceperat

379 2035 485 2068 Livius
510 2036 530 2066 l.
555 2035 648 2066 XVI.
670 2044 732 2065 suae
759 2032 904 2063 historiae.
949 2033 1061 2072 Itaque

378 2079 557 2120 quindecim
580 2078 674 2109 libros
693 2080 920 2118 occupaverant
943 2085 990 2106 res
1009 2085 1062 2116 per

379 2123 453 2153 487.
478 2131 574 2152 annos
597 2126 692 2160 gestae
710 2120 749 2150 ab
769 2130 800 2150 u.
820 2129 847 2150 c.
870 2118 910 2149 ad
930 2119 1063 2161 primum

381 2165 533 2196 Punicum
562 2164 695 2194 bellum:
738 2161 915 2204 quindecim
943 2161 1062 2196 itidem,

380 2219 428 2238 res
451 2218 504 2250 per
529 2214 590 2238 tres
612 2212 643 2237 et
665 2205 826 2247 sexaginta
849 2214 946 2235 annos
970 2210 1062 2246 gestae

381 2251 420 2281 ab
445 2250 530 2281 initio
552 2249 642 2292 primi
664 2248 773 2280 Punici
794 2247 870 2279 belli
893 2247 933 2278 ad
955 2257 1064 2279 secun-

381 2293 456 2324 dum
479 2298 701 2335 perpetratum.
743 2292 817 2323 Non
839 2298 979 2322 numerat
1007 2301 1061 2321 au-

372 2342 444 2368 tem
465 2347 583 2367 annum
606 2336 762 2367 labentem
781 2333 898 2370 Livius,
913 2333 1062 2375 quemad.

381 2378 507 2409 modum
532 2389 624 2420 supra
640 2379 661 2409 l.
677 2378 784 2409 XXX.
804 2388 832 2407 c.
848 2378 898 2406 44.
922 2377 975 2407 ubi
999 2377 1063 2408 bel-

381 2423 447 2453 lum
472 2421 628 2453 Punicum
656 2420 825 2451 secundum
845 2420 971 2460 finitum
997 2430 1065 2451 esse

383 2465 426 2496 ait
440 2466 666 2505 septimodecimo
677 2475 765 2494 anno.

424 2509 445 2539 2
499 2508 718 2548 Quadringenti
768 2507 913 2545 octoginta
962 2511 1065 2543 septem

382 2551 470 2592 anui]
503 2549 733 2582 Numerus.hic
758 2549 890 2579 multum
913 2547 1012 2578 variat
1034 2547 1066 2578 in

381 2592 501 2636 scriptis
539 2599 570 2624 et
605 2592 706 2623 editis.
757 2591 895 2628 Quidam
935 2590 1063 2625 habent,

382 2635 535 2677 quomodo
569 2635 732 2669 edidimus,
771 2634 899 2665 testibus
941 2633 1065 2673 Sigonio

382 2685 414 2709 et
429 2679 576 2711 Hearnio.
622 2679 694 2709 Vet.
709 2677 786 2708 liber
807 2676 934 2717 Sigonfi,
951 2681 981 2706 et
995 2686 1064 2706 nos-

383 2726 428 2752 ter
453 2722 629 2753 Victorinus
654 2719 954 2751 CCCCLXXVHJ.
998 2719 1065 2749 An-

382 2764 470 2795 dreas
492 2766 701 2806 quadringenti
718 2763 821 2793 LXX.
868 2763 907 2793 In
929 2762 987 2793 hac
1002 2761 1063 2791 dis-

382 2808 541 2849 crepantia
589 2818 657 2838 cam
699 2805 847 2846 elegimus
888 2804 1064 2841 lectionem,

383 2861 452 2891 quae
481 2861 538 2881 nec
564 2856 681 2882 careret
712 2848 906 2885 auctoritate,
933 2854 965 2880 ct
992 2858 1063 2878 con-

1104 1952 1226 1987 grueret
1277 1955 1347 1976 eum
1398 1945 1568 1976 rationibus
1620 1945 1791 1981 Dodwelli,

1104 2000 1196 2030 quem
1220 1988 1376 2030 sequimur
1399 1988 1431 2018 iu
1452 1987 1660 2028 Chronologia
1686 1989 1788 2019 Livia-

1105 2042 1146 2062 na
1173 2032 1296 2063 ducem.
1343 2032 1424 2063 Cum
1451 2030 1487 2061 iis
1513 2036 1616 2061 autem
1643 2040 1790 2062 numerus

1106 2075 1179 2106 487.
1194 2085 1342 2106 annorum
1358 2074 1408 2105 hie
1422 2073 1467 2104 ita
1482 2073 1624 2115 quadrat,
1637 2078 1672 2104 ut
1687 2074 1789 2105 nullus

1106 2118 1185 2150 alius
1228 2117 1398 2149 consentire
1444 2117 1549 2158 possit.
1609 2116 1789 2148 Finiebatur

1107 2162 1190 2192 enim
1231 2161 1306 2192 Livii
1332 2161 1410 2191 liber
1435 2161 1509 2191 XV.
1539 2165 1572 2190 ut
1599 2166 1723 2190 constat
1751 2170 1789 2191 ex

1108 2205 1262 2247 epitomis,
1281 2210 1311 2235 et
1334 2214 1371 2235 ex
1391 2203 1448 2234 hoc
1473 2203 1537 2246 ipso
1560 2201 1640 2233 Livii
1662 2203 1742 2241 loco,
1758 2203 1790 2234 in

1108 2258 1144 2278 eo
1160 2258 1240 2279 anno
1255 2247 1308 2289 qui
1326 2245 1481 2289 praecessit
1503 2246 1564 2287 Ap.
1582 2245 1720 2280 Claudii,
1735 2246 1788 2287 qui

1105 2291 1221 2332 primus
1244 2291 1362 2321 bellum
1383 2289 1492 2321 Poenis
1510 2289 1625 2323 intulit,
1645 2289 1788 2320 consula-

1106 2340 1182 2370 tum,
1201 2334 1254 2375 qui
1277 2343 1377 2365 annus
1399 2339 1445 2363 est
1462 2332 1527 2374 ipse
1544 2332 1648 2363 487⁹&
1671 2343 1710 2363 cx
1724 2331 1789 2363 cal—

1108 2377 1179 2408 culo
1195 2376 1350 2407 Dodwelli
1367 2375 1506 2406 Liviano.

1151 2420 1352 2450 3¹⁸Proximis
1397 2420 1487 2448 littori
1530 2419 1610 2448 vadis
1654 2416 1786 2457 inducti]

1108 2462 1226 2494 Allecti
1253 2462 1293 2492 ad
1319 2460 1566 2503 ingrediendum,
1591 2459 1665 2501 quia
1691 2469 1786 2501 prope

1109 2505 1195 2536 littus
1217 2505 1298 2535 vada
1320 2505 1364 2535 eis
1385 2509 1558 2539 occurrunt,
1575 2514 1629 2534 nec
1646 2513 1685 2534 ea
1700 2512 1789 2543 aquae

1110 2548 1241 2580 altitudo
1253 2558 1322 2588 quae
1335 2547 1429 2590 possit
1444 2545 1553 2576 timeri.

1152 2593 1171 2621 4
1192 2593 1374 2631 Vetustaeque
1391 2590 1479 2632 ⁸firma
1503 2588 1613 2629 gentis]
1660 2587 1790 2629 Aliquot

1110 2635 1204 2665 MSS.
1233 2633 1348 2664 habent
1374 2639 1540 2672 vetustaque.
1567 2632 1655 2673 suma
1682 2633 1790 2672 gentis,

1109 2677 1192 2716 quod
1228 2677 1335 2707 merito
1363 2675 1480 2718 placuit
1515 2675 1585 2705 Jac.
1619 2673 1790 2706 Gronovio.

1111 2719 1160 2751 Sic
1174 2719 1288 2750 infral.
1305 2719 1444 2749 XXXV.
1469 2728 1496 2748 c.
1518 2718 1566 2748 12.
1600 2718 1720 2747 Vetusta
1743 2728 1789 2748 re-

1105 2774 1177 2803 gum
1216 2762 1393 2793 Macedoniae
1427 2761 1528 2803 sama,
1564 2766 1793 2802 peragratusque

1111 2806 1214 2836 Oriens
1228 2807 1354 2836 victoriis
1366 2806 1429 2844 ejus
1441 2805 1547 2845 gentis.
1706 2822 1708 2824 v

1155 2850 1175 2879 5
1209 2848 1340 2888 Cffplum
1375 2849 1479 2878 ivellum
1517 2849 1652 2878 adsersus
1677 2845 1792 2884 Philip·
