1947 3222
368 123 443 163 290
883 114 916 151 Τ
933 114 949 152 Ι
964 114 1026 151 Tl
1078 113 1109 150 L
1124 113 1140 149 I
1155 113 1187 148 V
1202 114 1218 150 1
1234 113 1249 149 I

329 256 337 264 .
369 226 497 267 ferme
525 225 603 266 viae
632 224 790 281 positis,
812 223 866 264 ad
895 222 1142 264 eliciendum
1171 230 1290 263 extra
1319 220 1470 261 moenia
1500 221 1767 264 Macedonem

329 300 336 308 ·
371 282 549 323 Romani
569 281 624 323 ad
652 281 798 322 urbem
828 280 990 335 agmine
1023 279 1127 320 iere:
1159 277 1270 327 inde,
1292 292 1424 333 quum
1454 292 1501 317 ea
1530 277 1619 333 ipsa
1639 280 1770 334 suspi-

371 339 448 387 cio,
481 353 533 379 ne
573 337 667 394 quis
705 337 850 384 exiret,
887 335 1167 385 deterruisset,
1201 334 1413 375 redierunt
1446 334 1501 374 ad
1534 349 1682 375 naves:
1713 344 1769 385 et,

372 393 483 437 terra
503 395 689 450 marique
716 392 973 448 fugientibus
993 399 1198 432 certamen
1226 390 1430 440 hostibus,
1455 390 1638 441 Samum,
1659 391 1771 432 unde

375 459 554 501 venerat,
576 450 714 492 classis
743 448 904 504 repetit.
936 447 1031 487 inde
1061 446 1165 487 duas
1197 448 1398 488 sociorum
1427 462 1477 487 ex
1507 447 1645 497 Italia,
1667 447 1772 489 duas

375 507 562 548 Rhodias
592 507 776 548 triremes
805 503 837 527 ‘³⁵
853 518 947 544 cum
977 502 1176 559 praefecto
1202 503 1398 558 Epicrate
1427 503 1686 544 Rhodiorum
1717 504 1770 545 ad

373 564 527 606 fretum
566 560 842 617 Cephalleniae
878 559 1080 600 tuendum
1114 567 1268 614 praetor
1302 559 1423 601 misit.
1485 560 1692 600 Infestum
1726 560 1770 601 id

372 620 586 662 latrocinio
617 616 955 658 Lacedaemonius
983 615 1209 672 Hybristas
1234 630 1326 655 cum
1352 617 1575 671 juventute
1599 617 1773 672 Cephal-

373 677 513 718 lenum
546 674 746 716 faciebat:
779 673 1050 728 clausumque
1077 672 1165 728 jam
1200 687 1310 713 mare
1339 673 1634 714 commeatibus
1658 673 1773 714 Itali-

373 734 430 773 cis
450 740 548 773 erat.

162 798 308 829 AEmilius
430 789 555 829 XIV.
588 787 735 828 Piraeei
771 786 821 827 L.
855 785 1027 831 AEmilio
1063 785 1242 840 Regino,
1274 784 1507 826 succedenti
1541 785 1594 826 ad
1627 787 1772 828 navale

162 842 251 913 Lifiq
260 841 297 871 ad
307 852 362 871 ¹¹³·
371 844 606 902 imperium,
624 844 841 900 Epicrates
860 842 1058 884 obcurrit.
1089 842 1178 898 qui,
1195 841 1339 882 audita
1358 841 1472 882 clade
1495 842 1771 894 Rhodiorum,

161 894 339 956 ἶξιξιὲᾞὲε
373 917 506 958 quum
534 902 622 957 ipse
651 901 756 941 duas
785 908 947 941 tantum
979 898 1296 955 quinqueremes
1324 898 1510 948 haberet,
1531 899 1771 954 Epicratem

161 969 253 999 cedit.
374 974 469 1000 cum
499 966 682 1014 quatuor
710 957 885 998 navibus
914 957 958 997 in
988 955 1133 996 Asiam
1165 969 1301 996 secum
1331 955 1511 996 reduxit.
1543 964 1774 1011 prosecutae

374 1016 498 1057 etiam
527 1023 681 1070 apertae
702 1014 1023 1055 Atheniensium
1051 1027 1175 1053 naves
1196 1020 1304 1052 sunt.
1364 1010 1540 1067 ‘¹⁶AEgeo
1569 1013 1671 1053 mari
1693 1021 1774 1054 tra-

368 1072 482 1128 jecit.
542 1071 702 1112 Eodem
726 1069 1018 1111 Timasicrates
1039 1068 1231 1109 Rhodius
1255 1083 1346 1109 cum
1370 1068 1534 1110 duabus
1560 1069 1774 1125 quadrire-

373 1128 511 1169 mibus
542 1128 594 1169 ab
629 1129 751 1168 Samo
782 1135 900 1168 nocte
935 1126 1182 1181 intempesta
1214 1125 1350 1166 venit:
1397 1124 1685 1181 deductusque
1719 1126 1773 1167 ad

375 1184 610 1233 AEmilium,
638 1183 820 1240 praesidii
851 1198 994 1224 caussa
1021 1197 1061 1222 se
1091 1181 1275 1231 missum,
1300 1181 1372 1231 ait,
1395 1182 1510 1237 quod
1539 1197 1627 1224 eam
1658 1198 1773 1224 oram

374 1241 499 1282 maris
526 1241 719 1282 infestam
748 1239 944 1281 onerariis
973 1238 1096 1294 regiae
1126 1253 1249 1279 naves
1279 1238 1590 1279 excursionibus
1620 1240 1773 1280 crebris

374 1298 428 1340 ab
450 1298 723 1353 Hellesponto
751 1306 878 1352 atque
900 1295 1057 1352 Abydo
1085 1295 1277 1335 facerent.
1341 1294 1583 1350 TraJicienti
1600 1295 1774 1336 AEmilio

374 1370 400 1395 a
421 1354 528 1396 Chio
551 1356 718 1395 Samum
749 1353 845 1394 duae
867 1352 1044 1393 Rhodiae
1065 1351 1346 1408 quadriremes
1375 1351 1508 1392 missae
1536 1352 1700 1393 obviam
1721 1353 1775 1393 ab

376 1411 514 1461 Livio,
535 1419 576 1452 et
605 1426 678 1451 rex
699 1411 908 1451 Eumenes
928 1423 1022 1449 cum
1052 1408 1216 1449 duabus
1236 1407 1604 1463 quinqueremibus
1627 1409 1774 1450 obcur-

374 1467 441 1509 rit.
503 1469 670 1508 Samum
706 1474 928 1523 postquam
951 1473 1118 1506 ventum
1151 1472 1227 1514 est,
1249 1472 1417 1519 accepta
1435 1480 1459 1505 a
1481 1465 1604 1505 Livio
1632 1465 1773 1515 classe,

375 1532 415 1566 et
437 1524 647 1572 sacrificio,
670 1533 719 1565 ut
749 1522 920 1573 adsolet,
942 1522 1019 1563 rite
1048 1521 1173 1571 facto9
1197 1520 1395 1561 AEmilius
1415 1521 1629 1562 consilium
1649 1522 1774 1563 advo-

373 1581 493 1622 cavit.
556 1580 622 1621 Ibi
655 1581 702 1621 C.
726 1579 888 1630 Livius,
913 1579 966 1631 (is
995 1578 1104 1619 enim
1132 1586 1192 1619 est
1227 1577 1387 1634 primus
1414 1587 1586 1633 rogatus
1615 1587 1774 1620 senten-

373 1638 490 1688 tiam)
511 1638 713 1678 Neminem
716 1636 886 1689 fidelius
907 1637 1006 1676 (lare
1019 1649 1134 1688 posse
1151 1636 1378 1685 eonsilium,
1395 1634 1517 1685 dixit,
1535 1649 1653 1689 quam
1674 1650 1774 1686 eum,

372 1697 442 1748 qui
461 1695 507 1734 id
531 1695 653 1735 alteri
671 1695 866 1740 suaderet,
890 1694 995 1746 quod
1014 1694 1110 1745 ipse,
1132 1693 1169 1733 si
1188 1694 1232 1732 in
1252 1693 1382 1732 eodem
1416 1692 1496 1732 loco
1516 1699 1625 1742 esset,
1631 1693 1774 1747 sactu-

371 1766 440 1793 rus
443 1751 596 1805 fuerit.
658 1751 708 1791 Se
729 1752 772 1791 in
793 1751 926 1790 animo
945 1749 1139 1797 habuisse,
1162 1755 1246 1789 tota
1266 1750 1390 1789 classe
1408 1750 1607 1802 Ephesum
1621 1756 1773 1803 petere,

372 1816 408 1849 et
429 1810 640 1849 onerarias
655 1810 796 1848 ducere
815 1809 938 1847 multa
954 1806 1121 1847 suburra
1138 1812 1347 1859 gravatas,
1361 1812 1481 1858 atque
1495 1821 1562 1847 eas
1583 1807 1625 1846 in
1630 1807 1774 1859 fauci-

372 1866 440 1906 bus
463 1872 608 1918 portus
635 1865 887 1917 subprimere.
919 1870 956 1904 et
977 1862 1010 1890 ⁴⁷
1022 1877 1066 1903 eo
1096 1863 1260 1903 minoris
1289 1863 1508 1903 molimenti
1526 1878 1573 1903 ea
1596 1864 1774 1904 claustra

372 1937 464 1971 esse,
487 1923 603 1976 quod,
627 1923 670 1962 in
681 1922 874 1977 fluminis
895 1921 1061 1968 modum,
1083 1921 1259 1974 longum,
1280 1926 1318 1959 et
1347 1926 1569 1973 angustum,
1591 1927 1626 1960 et
1656 1922 1774 1961 vado-

371 1994 453 2020 sum
474 1981 613 2019 ostium
628 1985 768 2031 portus
787 1979 851 2018 sit.
910 1978 978 2018 Ita
1009 1978 1253 2017 ademturum
1272 1991 1312 2017 se
1331 1978 1456 2017 maris
1475 1991 1582 2018 usum
1601 1977 1775 2019 hostibus

356 2036 507 2091 fuisse,
529 2036 782 2089 inutilemque
801 2036 960 2075 classem
964 2035 1190 2088 facturum.
1909 2038 1915 2136 Ι

432 2093 529 2133 XV.
562 2092 678 2133 Nulli
700 2108 748 2133 ea
775 2091 935 2147 placere
961 2090 1172 2133 sententia.
1233 2091 1442 2132 Eumenes
1471 2106 1542 2132 rex
1564 2091 1772 2146 quaesivit,

377 2151 485 2197 Quid
502 2151 690 2190 tandem?
721 2149 789 2189 ubi
814 2149 999 2189 demersis
1018 2148 1184 2188 navibus
1195 2148 1433 2199 frenassent
1453 2147 1486 2171 ⁴³⁸
1495 2149 1673 2188 claustra
1691 2163 1772 2189 ma·
1906 2139 1930 2259 Ι,

159 236 200 307 ἓέε

210 236 248 308 φφ

264 236 284 308 *⁶⁶0¹

163 1528 332 1560 Consilium

163 1571 302 1604 advocat.

373 2208 444 2255 ris,
466 2213 595 2247 utrum
616 2207 744 2246 libera
764 2220 836 2247 sua
855 2207 978 2246 classe
997 2205 1214 2246 abscessuri
1233 2205 1327 2245 inde
1339 2248 1347 2259 ι
1352 2205 1486 2254 forent
1505 2206 1561 2245 ad
1578 2219 1688 2256 opem
1701 2205 1774 2259 se-

372 2265 537 2304 rendam
556 2264 686 2312 sociis,
707 2269 974 2316 terroremque
992 2262 1164 2304 hostibus
1181 2262 1466 2315 pra‘bendum?
1497 2275 1552 2301 an
1571 2261 1773 2302 nihilomi-

1094 2343 1221 2373 Samum.
1266 2342 1375 2382 Itaque
1406 2341 1544 2382 legamus
1577 2340 1643 2371 hic:
1682 2341 1772 2383 AEgeo

1093 2387 1168 2416 mari
1186 2385 1290 2415 Chium
1304 2385 1429 2423 traiecit.

1138 2427 1262 2458 47¹*E0
1288 2428 1404 2457 minoris
1436 2427 1589 2456 molimenti
1617 2437 1650 2456 ea
1676 2428 1771 2458 clans-

416 2344 457 2373 45
489 2343 564 2373 Cum
592 2343 729 2384 pra’fecto
763 2343 899 2382 Epicrate
926 2342 1051 2373 Rhodiu-

374 2386 457 2426 rum]
492 2386 574 2426 Lege
609 2395 679 2416 cum
716 2385 885 2421 Perizonio‚
917 2385 1052 2425 Epicrate

375 2427 496 2458 Rhodio.
540 2429 590 2459 Sic
616 2434 647 2459 et
672 2428 760 2465 infra,
781 2439 810 2460 c.
832 2429 879 2459 15.
906 2428 1052 2467 Epicrates

376 2469 515 2500 Rhodius.
559 2470 725 2502 Praefectus
760 2471 952 2502 Rhodiorum
987 2476 1053 2501 erat

376 2513 545 2544 Eudamus.
581 2513 641 2543 Sed
657 2513 704 2543 hic
719 2513 877 2555 Epicrates
891 2513 1051 2554 praefectus

375 2561 420 2586 est
444 2566 461 2585 a
485 2555 522 2586 C.
538 2555 624 2586 Livio
647 2561 776 2596 quatuor
801 2556 931 2586 navibus
954 2555 1052 2586 missis

376 2597 415 2628 ad
431 2597 537 2628 fretum
554 2597 764 2639 Cephallenum
779 2598 939 2629 tuendum.

419 2641 459 2671 46
482 2641 572 2683 AEgeo
599 2642 674 2670 mari
701 2642 826 2678 trajecit.
871 2641 976 2670 Eodem
1003 2641 1051 2670 Τι’-

377 2685 540 2713 masicrates
563 2704 571 2712 .
595 2704 603 2712 .
628 2704 635 2712 .
652 2706 660 2713 .
684 2683 775 2722 revit]
822 2683 964 2713 Dubitari
992 2693 1051 2714 non

376 2731 488 2767 potest,
502 2726 574 2767 quin
597 2725 645 2755 liic
667 2725 746 2756 desit
767 2735 875 2756 nomen
898 2724 967 2760 loci,
990 2736 1050 2765 quo

378 2768 531 2809 trajecisse
555 2766 708 2809 Regillus,
731 2767 846 2799 venisse
868 2767 1050 2798 Timasicra-

380 2816 424 2840 tes
450 2811 571 2842 dicitur.
618 2809 698 2841 Illud
724 2815 891 2852 suggerunt
919 2820 957 2840 ea
983 2819 1050 2849 qua*

378 2858 560 2894 sequuntur:
597 2854 754 2893 trajiciente*
785 2853 902 2884 AEmiliu
932 2865 948 2882 a
983 2853 1053 2882 Chio

1096 2477 1141 2500 tra
1161 2470 1230 2510 esse]
1261 2471 1306 2500 Eo
1329 2469 1441 2499 minore
1464 2468 1643 2500 difficultate
1668 2469 1771 2501 claudi

1094 2518 1125 2544 et
1156 2512 1270 2543 obstmi
1307 2511 1362 2543 hoc
1399 2510 1489 2542 modo
1524 2517 1628 2553 portus
1660 2512 1771 2543 ostium

1095 2565 1192 2596 posse.

1138 2597 1355 2629 48⁰Clannra
1383 2597 1484 2637 maris]

1095 2639 1147 2680 ligi
1181 2650 1261 2681 saepe
1292 2638 1404 2670 debent
1435 2639 1583 2680 angustia?
1617 2638 1768 2676 adituum,

1095 2682 1158 2713 sive
1187 2687 1350 2717 terrestres,
1380 2688 1414 2712 ut
1442 2682 1462 2713 1.
1492 2682 1635 2712 xxxll.
1661 2692 1690 2713 c.
1716 2684 1768 2713 21.

1093 2725 1227 2755 claustris
1255 2747 1263 2754 .
1285 2746 1294 2754 .
1318 2746 1326 2754 .
1350 2747 1358 2754 .
1387 2725 1652 2766 inexpugnabilibus
1685 2736 1770 2764 super

1094 2768 1186 2797 Aoum
1213 2778 1335 2802 munem,
1362 2766 1424 2799 siv:
1453 2767 1623 2804 maritimae,
1654 2772 1687 2799 ut
1712 2767 1770 2799 hoc

1096 2809 1172 2841 loco.

1517 2596 1653 2626 Claustra
1680 2596 1769 2628 intel-
