1947 3222
550 134 677 172 ΜΒ.
704 126 898 169 xxxlv.
944 126 1079 169 CAP.
1109 133 1260 170 xxv1.
1543 137 1615 173 155

200 257 269 286 ros
299 244 498 299 Argivos,
524 242 639 284 misit
669 239 889 297 expeditos
918 239 1082 296 pedites
1104 240 1373 297 equitesque,
1403 243 1480 298 qui
1511 242 1619 284 circa
1631 253 1810 286 U.¹c.557.

198 295 791 358 ⁷⁸Cylarabin'(gymnasium
821 296 865 337 id
893 305 957 338 est
987 297 1126 338 minus
1156 305 1361 338 trecentos
1391 314 1537 354 passus
1566 301 1619 341 ab
1632 297 1813 329 A‚C.·195.

200 359 324 413 urbe)
360 371 456 398 cum
486 354 806 411 erumpentibus
841 369 866 394 a
901 362 1025 410 porta
1061 353 1391 396 Lacedaemoniis
1424 356 1620 410 proelium

201 415 513 463 commiserunt,
549 420 680 468 atque
716 426 784 452 eos
816 411 933 452 haud
965 425 1118 467 magno
1152 411 1377 452 certamine
1409 413 1622 467 compule-

200 479 303 513 runt
333 471 376 511 in
397 469 557 511 urbem.
589 477 630 510 et
652 476 788 509 castra
817 483 865 509 eo
893 467 987 523 ipso
1016 467 1121 518 loco,
1143 468 1217 509 ubi
1247 476 1486 524 pugnatum
1517 483 1620 520 erat,

197 529 424 584 imperator
458 525 676 566 Romanus
706 524 858 581 posuit.
922 525 1047 565 Diem
1076 525 1175 566 inde
1205 539 1339 566 unum
1368 526 1412 566 in
1443 526 1622 581 speculis

198 585 296 635 fuit,
319 584 352 625 si
373 582 478 639 quid
498 582 595 624 novi
614 590 756 624 motus
776 582 970 623 oriretur.
1002 589 1227 639 postquam
1248 583 1487 638 obpressam
1506 591 1623 623 metu

198 640 410 682 civitatem
441 640 564 690 vidit,
598 639 775 680 advocat
805 638 1028 680 concilium
1063 638 1116 680 de
1149 639 1445 695 obpugnandis
1477 639 1619 695 Argis.

201 698 402 739 Omnium
446 696 687 753 principum
731 696 923 746 Graeciae,
963 704 1118 752 praeter
1158 697 1436 747 Aristaenum,
1477 696 1623 737 eadem

199 754 405 796 sententia
432 762 550 801 erat3
585 768 719 809 quum
750 768 896 794 caussa
924 752 1023 794 belli
1053 768 1136 794 non
1166 753 1247 795 alia
1276 762 1397 805 esset,
1424 753 1523 794 inde
1552 768 1626 809 po-

196 811 403 853 tissimum
424 810 664 852 ⁷⁹0rd'1und'1
684 809 855 851 bellum.
907 810 1112 859 Quinctio
1131 810 1177 850 -id
1200 824 1470 867 nequaquam
1489 810 1625 866 place-

198 869 288 919 bat,
312 868 384 909 sed
405 868 683 917 Aristaenum,
698 874 844 908 contra
864 867 1050 908 omni-um
1072 882 1317 909 consensum
1334 867 1622 918 disserentem,

198 940 294 966 cum
315 925 430 966 haud
452 924 585 965 dubia
613 923 915 979 adprobatione
936 923 1112 964 audivit.
1144 931 1186 964 et
1206 924 1296 980 ipse
1317 924 1484 979 adjecit,
1508 938 1625 978 quum

189 996 276 1036 pro
311 982 478 1037 Argivis
512 983 704 1022 adversus
738 987 954 1036 tyrannum
991 980 1133 1021 bellum
1165 987 1384 1033 susceptum
1424 982 1491 1031 sit,
1527 983 1629 1035 quid

197 1041 328 1080 minus
355 1039 588 1080 conveniens
611 1052 713 1088 -esse,
742 1051 864 1091 >quam
895 1038 1036 1079 omisso
1065 1038 1176 1078 hoste
1206 1038 1341 1093 Argos
1369 1038 1622 1092 obpugnari?

202 1097 254 1138 Se
272 1111 366 1138 vero
381 1102 502 1150 caput
523 1096 622 1135 belli
637 1096 967 1135 Lacedcemonem
988 1101 1027 1135 et
1046 1101 1264 1150 tyrannum
1278 1096 1516 1148 petiturum.
1548 1096 1622 1147 Et,
1637 1104 1757 1153 agmrn
1771 1102 1832 1134 Ar-

201 1153 371 1194 dimisso
420 1152 607 1202 concilio,
648 1152 957 1194 frumentatum
1000 1152 1219 1208 expeditas
1268 1152 1459 1193 cohortes
1498 1152 1623 1194 misit.
1637 1157 1741 1220 ἔφη)
1753 1156 1822 1177 vas-

203 1210 333 1259 Quod
366 1209 522 1251 maturi
549 1217 641 1250 erat
676 1209 800 1259 circa,
831 1209 1067 1250 demessum
1098 1218 1139 1251 et
1173 1218 1421 1251 convectum
1450 1217 1524 1252 est.
1564 1196 1666 1250 vi-ta
1685 1212 1694 1221 ”

201 1268 307 1318 ride,
342 1282 394 1308 ne
433 1267 574 1308 hostes
613 1281 711 1307 mox
750 1265 969 1317 haberent,
1010 1267 1241 1322 protritum
1281 1275 1323 1308 et
1364 1275 1624 1323 corruptum.

202 1326 352 1366 Castra
381 1323 533 1365 deinde
552 1323 698 1372 movit,
722 1331 778 1373 et,
802 1323 1030 1365 Parthenio
1060 1331 1258 1379 superato
1278 1331 1452 1375 monte',
1473 1332 1628 1380 praeter

198 1382 381 1437 Tegeam
411 1379 538 1422 tertio
569 1380 637 1421 die
667 1380 722 1421 ad
745 1381 903 1436 Caryas
933 1380 1076 1436 posui-t
1105 1388 1253 1422 castra.
1284 1381 1359 1431 ibi,
1382 1381 1629 1438 priusquam

204 1438 391 1480 hostium
419 1437 596 1479 intraret
626 1452 791 1492 agrum,
814 1436 1020 1478 sociorum
1041 1437 1199 1478 auxilia
1219 1438 1489 1493 exspectavit.
1552 1439 1630 1479 Ve-
1645 1449 1793 1481 Lacedae-

204 1503 356 1536 nerunt
379 1494 634 1535 Nlacedones
658 1509 688 1534 *a
718 1493 918 1549 Philippo
947 1493 1059 1534 mille
1079 1495 1316 1550 quingenti,
1339 1501 1381 1535 et
1410 1495 1631 1536 Thessalo-
1644 1503 1765 1541 raonem
1780 1502 1832 1535 pe-

205 1567 301 1593 rum
323 1552 486 1607 equites
502 1550 817 1606 quadr-ingenti.
849 1565 924 1591 nec
939 1551 1028 1606 jam
1049 1550 1221 1601 auxilia,
1244 1566 1426 1607 quorum
1454 1552 1630 1595 adfatim
1642 1542 1689 1568 m·

203 1617 308 1659 erat,
331 1608 405 1649 sed
433 1615 689 1649 commeatus
718 1607 905 1648 finitimis
935 1607 1113 1648 urbibus
1142 1607 1337 1663 imperati
1358 1610 1632 1652 morabantur

208 1667 463 1706 Romanum.
525 1664 706 1705 Navales
741 1679 913 1720 quoque
947 1679 1111 1720 magnae
1147 1665 1279 1721 eopiae
1314 1666 1630 1710 conveniebant.

207 1723 238 1763 J
241 1737 307 1763 am
329 1723 381 1763 ab
405 1720 604 1763 Leucade
626 1721 678 1761 L.
697 1719 928 1769 Quinctius
946 1721 1232 1778 quadraginta
1245 1722 1425 1764 navibus
1440 1732 1628 1766 venerat:

198 1780 289 1834 jam
312 1778 494 1820 Rhodiae
524 1778 668 1819 decem
694 1785 735 1819 et
756 1785 852 1819 octo
882 1786 1005 1819 tectae
1033 1793 1176 1830 naveS,
1200 1779 1293 1835 jam
1313 1780 1527 1821 Eumenes
1556 1797 1631 1823 rex

203 1836 314 1877 circa
346 1835 554 1892 Cycladas
584 1834 742 1876 insulas
771 1843 860 1876 erat
891 1850 987 1876 cum
1018 1835 1161 1876 decem
1192 1836 1313 1878 tectis
1343 1837 1537 1888 navibus,
1558 1838 1633 1879 tri-

205 1892 325 1948 ginta
353 1893 518 1944 lembis,
548 1891 778 1947 mixtisque
806 1891 896 1932 aliis
925 1892 1097 1933 minoris
1122 1892 1273 1934 formae
1302 1894 1492 1950 navigiis.
1523 1895 1633 1951 ipso-

205 1964 301 1990 rum
331 1965 502 2006 quoque
534 1948 953 1990 Lacedaemoniorum
988 1949 1153 1992 exsules
1187 1951 1403 2006 permulti,
1435 1950 1632 2007 tyranno-

206 2021 301 2048 rum
320 2006 475 2063 injuria
493 2006 623 2063 pulsi,
641 2021 713 2062 spe
733 2006 1030 2062 recuperandae
1051 2006 1200 2062 patriae
1220 2008 1265 2048 in
1285 2016 1419 2049 castra
1441 2009 1633 2050 Romana

206 2071 496 2105 convenerant.
558 2063 692 2105 Multi
718 2071 858 2104 autem
883 2071 1017 2114 erant,
1042 2065 1132 2120 jam
1153 2063 1268 2119 ⁸⁰per
1288 2064 1451 2120 aliquot
1472 2073 1631 2116 aetates,

207 2135 260 2161 ex
281 2136 367 2176 quo
387 2119 556 2177 tyranni
586 2120 785 2161 tenebant
807 2120 1168 2171 Lacedaemonem,
1190 2120 1300 2162 81alii
1322 2122 1375 2163 ab
1396 2121 1486 2163 aliis
1507 2122 1631 2178 pulsi.

207 2176 451 2234 &Princeps
479 2185 570 2219 erat
597 2176 794 2234 exsulum
828 2177 1080 2234 Agesipolis,
1101 2179 1224 2233 cujus
1248 2179 1346 2235 jure
1375 2179 1513 2235 gentis
1539 2195 1634 2235 reg-

727 2262 740 2279 ¹'
757 2265 848 2290 monte
864 2266 998 2300 superato
1014 2260 1107 2292 CreV.

254 2331 295 2361 78
334 2330 357 2360 C
357 2330 493 2370 ylarabiw
537 2329 741 2372 (gymnasium
777 2330 808 2359 iz]
844 2330 900 2370 est]
945 2331 1036 2361 rann-i
1072 2332 1204 2361 tenebant
1246 2331 1495 2373 Lacedaemonem]
1550 2333 1635 2363 AEtas

215 2372 425 2414 Gymnasium
437 2372 484 2403 sic
500 2373 693 2404 nominatum
712 2383 731 2403 a
746 2372 904 2414 Cylarabe
946 2372 997 2403 hic
1025 2383 1080 2415 pro
1108 2373 1249 2415 perbrevi
1282 2374 1382 2415 spatio
1409 2375 1554 2417 temporis
1582 2387 1632 2406 su-

217 2415 356 2446 Stheneli
377 2415 452 2452 filio,
469 2415 522 2457 qui
546 2416 689 2457 regnavit
706 2415 811 2455 ArgiS,
828 2414 905 2446 etin
947 2416 1073 2448 menda.
1109 2417 1194 2447 Nam
1208 2416 1249 2447 ab
1266 2427 1302 2447 eo
1317 2421 1456 2458 tempore
1467 2428 1528 2458 quo
1542 2418 1633 2449 Cleo-

220 2467 256 2487 eo
278 2457 438 2505 gymnasio
461 2458 600 2501 sepultus
622 2464 680 2490 est.
723 2458 801 2488 Vid.
821 2459 905 2489 Pau·
949 2469 1067 2495 menes,
1083 2468 1175 2500 quem
1195 2458 1329 2502 primum
1351 2460 1445 2492 fuisse
1467 2456 1634 2502 tyrannum

218 2509 284 2531 san.
301 2510 334 2531 xn
349 2501 492 2532 Corinth.
531 2501 616 2532 Illud
631 2500 827 2543 gymnasium
840 2512 905 2532 me·
949 2501 1175 2533 Laeedaemone
1205 2501 1249 2533 ait
1281 2508 1395 2539 noster,
1423 2513 1553 2545 regnare
1582 2514 1634 2535 oc-

220 2549 318 2573 morat
333 2553 455 2585 quoque
472 2544 558 2575 ¹Plut.
573 2544 608 2575 in
622 2543 754 2586 Pyrrho·
950 2544 1056 2586 coepit,
1090 2545 1130 2576 ad
1157 2546 1213 2576 hos
1241 2546 1396 2582 consules,
1426 2549 1575 2577 catonem
1604 2552 1635 2577 et

260 2586 301 2616 79
326 2585 510 2617 ordiendum
538 2588 660 2628 bellum]
706 2586 820 2628 Scripti
849 2586 906 2617 ali·
952 2588 1112 2625 Flaccum,
1152 2588 1203 2620 vix
1248 2589 1392 2621 effluxere
1428 2588 1636 2631 quadraginta

219 2633 304 2667 quot,
327 2627 406 2659 inter
424 2640 508 2670 >quos
532 2630 563 2661 V
566 2629 733 2665 ictorinuss
747 2630 906 2660 ordinandi
950 2630 1036 2661 anni.

220 2670 306 2707 belli3
325 2670 382 2701 alii
400 2673 536 2703 ordiendi
557 2674 635 2704 belli.
680 2673 783 2713 quue
806 2672 907 2708 nobis,
994 2673 1145 2705 81*Alii
1164 2675 1199 2704 ab
1218 2675 1285 2704 aliis
1304 2675 1400 2714 pulsi]
1428 2672 1494 2704 Alii
1508 2673 1635 2715 quidem

223 2712 484 2752 quemadmodum
500 2716 676 2751 Gronoviu,
691 2724 799 2746 verum
821 2716 908 2746 vide-
948 2716 992 2747 ab
1008 2716 1066 2747 hoc
1079 2721 1221 2757 tyranno,
1239 2716 1291 2747 alii
1305 2727 1377 2747 vero
1392 2716 1431 2746 ab
1444 2715 1498 2748 illo
1512 2717 1606 2759 pulsi.

222 2762 290 2784 tur:
337 2756 475 2788 Omnium
504 2760 674 2798 principum
702 2781 710 2789 .
740 2781 748 2789 .
777 2782 783 2788 .
811 2761 910 2790 euclem
997 2761 1038 2790 82
1072 2759 1213 2799 Princeps
1249 2766 1312 2789 erat
1341 2760 1471 2789 ersucum
1499 2762 1635 2802 Agesipo-

219 2799 363 2827 sententn'a
384 2805 447 2829 erut
471 2822 480 2830 .
497 2822 507 2832 .
522 2822 531 2831 .
552 2810 667 2843 nempe
688 2802 844 2833 ¹sententia
863 2813 910 2832 or-
955 2802 1004 2843 lis]
1035 2802 1082 2833 Ut
1100 2801 1225 2833 ’facilius
1247 2801 1460 2844 intelligantur
1482 2813 1520 2834 ea
1533 2803 1637 2834 omnia

225 2841 329 2871 diendi
343 2841 419 2871 belli.
998 2855 1024 2875 ae
1050 2845 1090 2875 de
1116 2844 1362 2875 Lace-daemonas
1389 2850 1494 2876 narrat
1519 2844 1635 2881 Livius,

268 2884 309 2914 80
343 2885 404 2914 Pcr-
438 2884 548 2925 aliquot
578 2892 689 2923 aetates,
719 2898 750 2917 m
780 2898 835 2928 quo
863 2894 909 2928 ty-
941 2888 1032 2919 »hbet
1055 2887 1107 2918 hic
1133 2892 1270 2920 attexere
1293 2898 1398 2919 eorum
1424 2888 1560 2926 nomina,
1582 2889 1635 2931 q-'ui
