1947 3222
142 205 185 238 U.
198 205 234 236 C.
246 205 319 236 553.

140 247 180 277 A.
198 247 323 278 c..199.

142 290 184 320 Et
195 289 343 320 Macedo-

143 342 210 363 nas.

150 717 268 748 Fauces
282 715 348 747 An-

148 760 278 800 tigoneae

148 807 290 844 occupat.

151 945 262 975 Castra
277 943 316 973 ad

152 986 255 1033 Aoum
268 997 322 1028 po-

152 1034 207 1060 nit.

161 1561 278 1592 Consul
288 1570 357 1591 mox

157 1604 255 1637 adest.

351 95 399 129 52
871 86 1020 126 ΤΙΤΙ
1067 87 1247 126 LIVII

352 197 522 254 lopolim
552 210 603 237 ex
632 195 804 237 concilio
833 195 1050 237 Arcadum
1084 196 1333 238 contributae
1366 196 1515 237 forent.
1577 196 1636 238 Et
1665 212 1759 238 cum

355 253 525 295 Achaeis
558 252 728 308 quidem
766 267 841 308 per
873 252 963 293 haec
998 252 1231 294 societatem
1262 253 1465 294 firmabat.
1524 251 1558 276 ²²
1567 253 1765 294 Macedo-

354 325 454 351 num
477 309 635 350 animos
664 309 740 350 sibi
765 308 996 349 conciliavit
1016 324 1111 349 cum
1134 309 1367 350 Heraclide.
1399 324 1494 349 nam
1515 323 1648 364 quum
1668 324 1764 350 eum

354 366 548 407 maximae
568 365 735 406 invidiae
760 363 837 405 sibi
857 379 943 405 esse
972 373 1172 415 cerneret,
1191 365 1335 407 multis
1364 365 1604 407 criminibus
1624 380 1767 407 onera.-

357 431 449 464 tum
481 423 525 463 in
555 421 721 462 vincula
749 419 937 477 conjecit,
958 420 1118 476 ingenti
1151 421 1417 477 popularium
1446 421 1613 478 gaudio.
1674 421 1770 463 Bel-

357 478 459 529 lum,
483 479 515 520 si
536 477 705 533 quando
725 491 925 532 umquam
955 485 1050 518 ante
1079 477 1193 527 alias,
1216 480 1330 518 tum'·
1349 494 1500 534 magna
1524 493 1624 520 cura
1643 478 1770 534 adpa-

357 536 481 585 ravit,
514 533 782 589 exercuitque
816 533 859 573 in
893 533 1018 574 armis
1049 541 1091 575 et
1122 533 1391 585 Macedonas,
1422 543 1462 576 et
1497 535 1768 576 mercenarios

359 591 531 633 milites:
564 590 851 646 principioque
878 589 985 630 veris
1016 605 1112 631 cum
1133 590 1406 647 Athenagora
1433 591 1571 632 omnia
1599 599 1772 633 externa

360 648 530 696 auxilia,
553 647 752 703 quodque
772 645 873 687 levis
893 653 1115 688 armaturae
1136 655 1238 697 erat,
1260 647 1302 688 in
1325 647 1550 688 Chaoniam
1572 663 1647 704 per
1667 648 1771 704 Epi-

360 720 453 746 rum
475 703 529 745 ad
552 702 827 759 occupandas,
849 718 946 758 quae
976 702 1030 743 ad
1051 703 1330 758 Antigoneam
1357 705 1497 745 fauces
1524 712 1636 755 sunt,
1661 706 1772 756 (Ste-

360 776 416 802 na
443 768 591 802 vocant
614 759 771 814 Graeci)
794 758 917 800 misit.
979 760 1076 815 Ipse
1104 767 1199 815 post
1233 760 1376 815 paucis
1405 761 1552 802 diebus
1583 760 1773 817 graviore

362 825 529 859 secutus
558 815 735 871 agmine,
766 830 899 871 quum
935 815 1059 856 situm
1093 831 1256 857 omnem
1290 816 1468 870 regionis
1501 817 1772 873 adspexisset,

362 874 540 915 maxime
562 873 756 914 idoneum
776 872 830 913 ad
850 872 1121 913 muniendum
1152 872 1289 913 locum
1310 872 1485 914 credidit
1506 889 1591 914 esse
1620 883 1774 929 praeter

363 945 525 972 amnem
551 931 705 970 Aoum.
737 929 772 969 is
802 928 909 969 inter
938 937 1112 976 montes,
1135 944 1314 985 quorum
1345 929 1523 971 alterum
1549 930 1774 986 AEropum‚

364 988 541 1029 alterum
562 987 753 1027 Asnaum
779 984 925 1026 incolae
949 994 1113 1035 vocant,
1135 994 1313 1041 angusta
1333 986 1438 1027 valle
1468 986 1577 1037 fluit,
1598 986 1678 1028 iter
1705 1003 1777 1028 ex-

364 1044 511 1100 iguum
543 1058 667 1098 super
696 1041 829 1097 ripam
861 1041 1063 1098 praebens.
1124 1043 1314 1083 Asnaum
1336 1043 1649 1099 Athenagoram
1679 1059 1776 1085 cum

364 1100 445 1142 levi
480 1107 692 1140 armatura
721 1107 861 1139 tenere
891 1113 938 1139 ac
968 1098 1223 1139 communire
1246 1099 1393 1154 jubet:
1426 1099 1514 1155 ipse
1548 1099 1590 1140 in
1613 1099 1778 1157 AEropo

365 1157 506 1214 posuit
536 1163 680 1197 castra.
743 1155 837 1204 Qua
867 1155 1036 1196 abscisae
1065 1170 1192 1211 rupes
1227 1163 1357 1205 erant,
1390 1157 1513 1197 statio
1547 1171 1776 1212 paucorum

365 1221 621 1255 armatorum
652 1211 845 1259 tenebat3
878 1226 974 1267 quae
1002 1211 1140 1252 minus
1161 1220 1254 1253 tuta
1282 1220 1414 1262 erant,
1435 1212 1516 1253 alia
1543 1213 1677 1264 fossis,
1698 1213 1779 1255 alia

365 1270 499 1319 vallis,
521 1269 602 1309 alia
630 1268 817 1310 turribus
846 1268 1071 1309 muniebat.
1133 1269 1293 1324 Magna
1322 1276 1621 1311 tormentorum
1652 1270 1777 1311 etiam

366 1326 444 1377 vis,
465 1334 513 1367 ut
544 1324 768 1366 missilibus
795 1324 942 1380 procul
972 1333 1157 1366 arcerent
1186 1325 1361 1375 hostem,
1383 1325 1540 1367 idoneis
1569 1325 1668 1367 locis
1697 1327 1782 1368 dis-

365 1383 503 1439 posita
540 1391 613 1423 est.
656 1380 969 1423 tabernaculum
1008 1380 1169 1437 regium
1205 1396 1281 1437 pro
1321 1382 1443 1432 vallo,
1478 1383 1522 1423 in
1561 1392 1781 1438 conspecto

367 1439 544 1480 maxime
566 1437 745 1487 tumulo,
767 1445 815 1478 ut
850 1446 1049 1479 terrorem
1084 1437 1288 1490 hostibus,
1311 1438 1480 1495 suisque
1511 1454 1625 1496 spem
1653 1455 1704 1480 ex
1734 1440 1782 1481 fi-

369 1496 493 1537 ducia
513 1495 681 1544 faceret,
702 1493 898 1550 positum.

428 1553 503 1593 VI.
538 1550 709 1600 Consul,
730 1564 804 1606 per
827 1550 1068 1606 Charopum
1090 1551 1293 1607 Epiroten
1323 1551 1472 1593 certior
1501 1552 1651 1603 factus,
1674 1568 1782 1609 quos

371 1609 500 1650 saltus
529 1623 625 1649 cum
655 1607 840 1648 exercitu
872 1607 1084 1648 insedisset
1116 1622 1205 1657 rex,
1227 1617 1268 1649 et
1302 1608 1404 1664 ipse,
1427 1624 1560 1664 quum
1587 1610 1783 1666 Corcyrae

370 1666 641 1713 hibernasset,
663 1678 758 1704 vere
787 1663 922 1719 primo
943 1662 983 1703 in
1005 1663 1282 1705 continentem
1304 1665 1516 1720 trajectus,
1538 1665 1591 1706 ad
1620 1666 1781 1708 hostem

371 1722 523 1763 ducere
551 1720 701 1776 pergit.
733 1720 920 1775 quinque
950 1719 1078 1760 millia
1106 1720 1235 1760 ferme.
1262 1721 1314 1762 ab
1344 1721 1468 1776 regiis
1488 1722 1631 1763 castris
1652 1738 1784 1778 quum

372 1779 547 1827 abesset,
576 1777 665 1817 loco
694 1776 857 1817 munito
888 1774 1041 1817 relictis
1072 1775 1317 1832 legionibus,
1339 1777 1426 1832 ipse
1456 1793 1550 1818 cum
1580 1779 1786 1834 expeditis

403 1849 615 1891 rogressus
646 1833 701 1874 ad
735 1832 986 1889 speculanda
1019 1832 1122 1882 loca,
1153 1841 1319 1889 postero
1353 1834 1421 1874 die
1452 1834 1687 1876 consiliumi
1712 1836 1784 1877 ha-

371 1851 482 1941 guit,
503 1898 647 1932 utrum
678 1904 752 1945 per
770 1889 971 1930 insessum
991 1889 1044 1930 ab
1064 1889 1182 1930 hoste
1203 1890 1368 1939 saltum,
1392 1906 1648 1947 quamquam
1669 1892 1788 1934 labor

372 1949 517 2004 ingens
546 1946 863 2003 periculumque
893 1954 1207 2002 proponeretur,
1239 1948 1460 1988 transitum
1491 1955 1694 1996 tentaret3
1733 1965 1785 1991 an

373 2005 518 2046 eodem
553 2004 713 2052 itinere,
739 2018 823 2058 quo
858 2003 994 2058 priore
1028 2017 1135 2043 anno
1169 2003 1377 2060 Sulpicius
1409 2004 1698 2046 Macedoniam
1728 2006 1789 2047 in-

377 2068 573 2110 traverat,
595 2059 921 2100 circumduceret
946 2060 1096 2116 copias.
1158 2060 1253 2101 Hoc
1282 2060 1498 2101 consilium
1530 2076 1604 2117 per
1633 2062 1788 2104 multos

377 2117 464 2159 dies
484 2116 659 2173 agitanti
680 2116 856 2157 nuncius
876 2116 1005 2166 venit,
1029 2117 1082 2157 T.
1107 2115 1354 2169 Quinctium
1377 2118 1585 2159 consulem
1612 2118 1786 2170 factum,

378 2174 656 2229 sortitumque
686 2173 937 2229 provinciam
966 2173 1270 2224 Macedoniam,
1292 2182 1502 2215 maturato
1530 2174 1676 2216 itinere
1699 2176 1788 2231 jam

380 2232 603 2287 Corcyram
636 2229 852 2286 trajecisse.
915 2229 1102 2271 Valerius
1132 2231 1285 2272 Antias
1316 2230 1488 2272 intrasse
1519 2231 1669 2273 saltum
1702 2233 1789 2274 Vil-

379 2287 481 2328 lium
503 2286 645 2335 tradit,
668 2285 790 2342 quiak
811 2295 923 2328 recto
942 2286 1088 2328 itinere
1108 2287 1329 2343 nequierit,
1350 2286 1542 2329 omnibus
1562 2303 1586 2328 a
1612 2304 1708 2345 rege
1728 2289 1791 2330 in-

380 2344 512 2394 sessis,
535 2351 721 2384 secutum
753 2343 916 2393 vallem,
937 2358 1011 2399 per
1032 2359 1159 2399 quam
1188 2345 1367 2386 mediam
1396 2343 1531 2384 fertur
1555 2345 1676 2386 Aous
1705 2361 1790 2386 am-

381 2399 442 2442 nis
459 2417 470 2449 ;
503 2407 629 2456 ponte
650 2399 802 2455 raptim
822 2400 948 2450 facto,
969 2400 1010 2441 in
1031 2401 1181 2457 ripam,
1201 2401 1244 2442 in
1265 2416 1351 2457 qua
1370 2409 1486 2442 erant
1507 2410 1640 2442 castra
1660 2403 1789 2458 regia,

506 2507 524 2533 h
539 2519 603 2539 cum
620 2508 716 2539 Gron.
732 2509 824 2541 Ciev.
918 2505 928 2530 i
942 2511 1096 2541 concilium
1113 2511 1209 2542 Gron.
1302 2510 1320 2534 k
1334 2517 1359 2541 et
1375 2512 1443 2551 quia
1460 2510 1559 2541 Gron.
1572 2510 1665 2541 Crev.

379 2611 521 2648 ciatione,
545 2612 683 2653 μεγάλην
705 2613 800 2644 πόλιν.
845 2615 886 2644 Et
908 2614 950 2645 sic
973 2615 1064 2646 inter·
1110 2615 1139 2646 in
1157 2615 1265 2645 vocula
1286 2625 1363 2645 cum.
1408 2616 1521 2645 Sensus
1544 2621 1666 2656 apertus
1683 2626 1720 2646 ex
1742 2625 1791 2646 se-

380 2655 453 2685 dum
471 2655 575 2687 Graeci
597 2655 769 2697 scriptoreS,
787 2656 839 2688 ubi
856 2656 893 2687 de
917 2657 974 2688 hac
989 2658 1065 2689 urbe
1109 2658 1294 2699 quentibus:
1329 2657 1506 2689 Heraclidis
1534 2659 1635 2699 capite
1663 2659 1793 2701 popula-

381 2703 487 2737 agunt.
1109 2701 1187 2731 rium
1214 2709 1346 2731 amorem
1368 2701 1507 2731 redemit.
1554 2702 1604 2732 De
1626 2700 1793 2732 Heraclide

421 2741 462 2770 22
487 2741 679 2771 Macedonum
700 2743 808 2771 animos
827 2742 878 2771 sibi
901 2743 1065 2772 conciliavit
1108 2743 1171 2773 vid.
1187 2749 1249 2774 not.
1263 2743 1314 2773 74.
1329 2743 1368 2774 ad
1386 2744 1507 2774 XXXI.
1524 2744 1572 2774 16.
1598 2745 1687 2775 Duas
1703 2753 1794 2774 voces

379 2793 443 2811 cum
479 2783 658 2857 Heraclidess
694 2784 761 2814 Hoc
790 2783 859 2825 jure
889 2791 1064 2826 suspectum
1109 2787 1162 2816 sibi
1183 2786 1346 2815 conciliavit
1365 2786 1505 2828 ignorant
1524 2787 1639 2818 Victor.
1663 2786 1750 2823 liber,
1761 2791 1793 2816 et

380 2829 423 2854 est
454 2825 591 2865 Dujatio.
660 2826 789 2858 iendum
824 2827 920 2857 latere
946 2827 1066 2858 videtur
1111 2827 1245 2859 Andreas
1261 2827 1364 2860 editio.
