1947 3222
494 94 528 131 L
543 94 558 130 I
573 93 615 130 B.
644 90 837 129 XXXIV.
880 93 909 128 C
923 92 956 128 A
974 91 1014 128 P.
1046 91 1194 131 XLIV.
1482 100 1559 140 171·

126 204 211 261 pio,
232 204 334 245 satis
363 216 445 243 esse
463 202 606 244 Italiae
633 214 753 242 unum
782 200 991 249 consulem,
1016 200 1233 243 censebat:
1266 204 1389 245 alteri
1425 205 1558 247 decer-
1571 218 1612 251 U.
1625 216 1664 249 C.
1675 216 1752 248 558.

126 262 298 302 nendam
325 259 612 300 Macedoniam
642 272 734 299 esse.
795 258 954 298 Bellum
979 271 1110 312 grave
1139 257 1190 298 ab
1211 260 1411 302 Antiocho
1431 263 1551 304 imni·
1569 259 1752 294 A·C·¹9⁴·

127 333 234 359 nere.
253 317 346 372 jam
368 317 495 369 ipsum
515 329 588 357 sua
612 321 757 369 sponte
777 315 822 355 in
843 316 1054 368 Europam
1084 320 1386 370 transgressum.
1449 320 1561 367 Quid

128 375 491 430 deindefacturum
511 380 728 422 censerent,
751 386 868 426 quum
888 373 983 412 hinc
1000 372 1140 413 AEtolz’
1159 373 1271 413 haud
1288 374 1411 415 dudz'e
1430 376 1559 419 hostes

131 439 320 474 vocarent
339 431 395 471 ad
424 430 580 479 bellum,
603 430 719 471 illinc
739 430 977 480 Hannibal,
1000 430 1201 471 Romanis
1220 431 1403 473 cladibus
1431 433 1559 488 insig-

129 492 192 532 nis
214 491 447 543 imperator,
469 488 728 528 stimularet?
761 487 879 529 Dum
899 487 952 528 de
981 486 1206 543 provinciis
1236 488 1456 530 consulum
1477 490 1558 531 dis.

132 555 340 604 ceptatur,
362 553 563 601 praetores
595 543 731 586 sortiti
761 552 871 586 sunt.
935 545 1011 585 Cn.
1035 544 1225 586 Domitio
1246 545 1408 587 urbana
1430 547 1561 603 juris-

131 604 273 653 dictio,
298 603 352 643 T.
375 603 404 642 J
409 601 581 644 uventio
610 601 831 658 peregrina
851 601 1000 642 evenit.
1062 602 1111 642 P.
1136 602 1330 644 Cornelio
1352 603 1561 660 Hispania

131 659 318 710 ulterior,
353 660 447 700 Sex.
477 658 643 714 Digitio
675 659 865 700 citerior:
904 658 1072 700 duobus
1104 659 1181 700 Cn.
1212 660 1431 712 Corneliis,
1464 660 1561 702 Bla-

131 717 235 758 sioni
271 716 424 766 Sicilia,
459 716 678 757 Merendae
721 715 924 757 Sardinia.
987 716 1040 756 In
1076 716 1370 758 Macedoniam
1402 732 1561 759 novum

130 773 362 815 exercitum
394 773 673 830 transportari
704 787 788 814 non
822 772 995 829 placuit.
1027 788 1139 823 eum,
1161 774 1236 829 qui
1266 782 1373 816 esset
1401 774 1477 825 ibi,
1498 789 1562 816 re-

130 831 229 872 duci
259 830 303 871 in
326 830 495 872 Italiam
516 846 541 871 a
563 829 775 880 Quinctio,
797 845 845 871 ac
875 829 1044 871 dimitti.
1076 829 1177 871 item
1202 846 1299 872 eum
1330 831 1562 873 exercitum

131 887 304 937 dimitti,
346 887 422 943 qui
468 902 565 928 cum
606 886 670 928 M.
705 887 856 927 Porcio
902 887 1062 927 Catone
1105 886 1148 927 in
1190 887 1398 944 Hispania
1440 896 1560 930 esset.

135 944 391 986 Consulibus
420 944 626 985 ambobus
648 943 818 985 Italiam
847 943 1104 999 provinciam
1135 958 1237 994 esse,
1259 952 1301 986 et
1322 944 1355 968 4⁶
1367 945 1474 986 duas
1494 960 1565 987 ur..

134 1002 264 1043 banas
312 1017 381 1042 eos
427 1001 610 1057 legiones
651 999 852 1041 scribere:
906 1008 969 1050 ut,
1011 999 1206 1051 dimissis,
1246 1016 1354 1056 quos
1395 1010 1564 1043 senatus

136 1058 376 1108 censuisset,
413 1056 682 1107 exercitibus,
716 1064 811 1098 octo
844 1056 1013 1098 omnino
1046 1057 1251 1099 Romanae
1285 1058 1470 1114 legiones
1503 1074 1567 1100 es-

136 1123 238 1156 sent.

191 1172 362 1212 XLIV.
397 1172 479 1212 Ver
504 1185 667 1212 sacrum
698 1170 859 1212 factum
888 1179 978 1212 erat
1009 1170 1149 1227 priore
1179 1186 1303 1223 anno,
1326 1173 1391 1213 M.
1415 1172 1565 1214 Porcio
1580 1185 1644 1217 Ver
1658 1195 1706 1217 sa-

134 1237 176 1270 et
198 1229 250 1269 L.
278 1228 443 1270 Valerio
463 1228 718 1269 consulibus.
750 1228 795 1269 id
819 1242 954 1283 quum
977 1229 1025 1269 P.
1050 1228 1240 1270 Licinius
1268 1229 1461 1285 pontifex
1481 1245 1565 1271 non
1579 1238 1676 1260 crum.

135 1301 222 1327 esse
254 1295 367 1327 recte
401 1286 562 1326 factum
597 1284 773 1341 collegio
808 1284 1008 1341 primum,
1040 1285 1191 1327 deinde
1226 1301 1278 1327 ex
1314 1287 1566 1329 auctoritate

134 1343 299 1399 collegii
331 1342 546 1393 Patribus,
571 1342 871 1392 renunciasset,
900 1341 952 1383 de
984 1343 1151 1399 integro
1184 1343 1425 1384 faciendum
1458 1344 1569 1386 arbi-

135 1408 251 1442 tratu
283 1399 530 1456 pontificum
567 1407 844 1446 censuerunt3
878 1398 912 1425 ‘¹7
924 1399 1133 1455 ludosque
1164 1415 1352 1456 magnos,
1375 1401 1450 1457 qui
1483 1416 1570 1443 una

136 1456 224 1498 voti
273 1465 424 1506 essent,
466 1464 585 1497 tanta
633 1455 825 1512 pecunia,
867 1464 1028 1511 quanta
1076 1456 1296 1508 adsoleret,
1342 1457 1567 1500 faciendos.

139 1513 262 1554 43Ver
294 1528 458 1554 sacrum
478 1513 613 1554 videri
643 1527 785 1568 pecus,
808 1512 925 1567 quod
959 1521 1106 1554 natum
1143 1522 1248 1555 esset
1285 1514 1393 1555 inter
1415 1515 1570 1556 Kalen-

139 1571 214 1611 das
251 1570 446 1620 Martias,
484 1578 523 1611 et
565 1569 700 1625 pridie
738 1569 950 1610 Kalendas
986 1570 1139 1621 Maias,
1174 1571 1223 1611 P.
1248 1571 1442 1612 Cornelio
1485 1572 1571 1613 Sci-

138 1627 261 1683 pione
281 1635 322 1668 et
346 1627 415 1667 Ti.
441 1626 686 1682 Sempronio
710 1625 859 1681 Longo
882 1626 1152 1668 Consulibus.
1215 1628 1446 1669 Censorum
1470 1628 1570 1670 inde

138 1684 306 1725 comitia
339 1683 484 1725 habita
520 1691 630 1724 sunt.
663 1683 792 1724 creati
827 1698 1016 1724 censores
1054 1684 1148 1725 Sex.
1172 1684 1314 1725 AElius
1346 1686 1492 1727 Paetus
1527 1693 1568 1727 et
1584 1698 1748 1730 Censores

141 1742 189 1782 C.
220 1739 439 1782 Cornelius
485 1740 700 1796 Cethegus
747 1739 979 1796 principem
1030 1748 1198 1782 senatus
1249 1742 1300 1782 P.
1335 1741 1569 1798 Scipionem

139 1797 365 1848 consulem,
388 1812 514 1853 quem
545 1804 586 1837 et
616 1796 776 1853 priores
805 1812 993 1838 censores
1023 1797 1225 1854 legerant,
1247 1798 1453 1854 legerunt.
1486 1807 1571 1842 tres

139 1854 307 1896 omnino
337 1863 561 1905 senatores,
590 1853 797 1895 neminem
827 1854 965 1895 curuli
1001 1854 1157 1896 honore
1187 1870 1328 1906 usum,
1359 1857 1572 1913 praeterie-

140 1919 252 1953 runt.
315 1911 507 1953 Gratiam
529 1926 700 1967 quoque
730 1911 943 1967 ingentem
964 1911 1081 1968 apud
1110 1927 1207 1953 eum
1228 1912 1417 1954 ordinem
1446 1929 1572 1970 pepe-

141 1977 302 2019 rerunt,
325 1968 456 2024 quod,
478 1967 590 2009 ludis
607 1968 823 2019 Romanis,
841 1968 1035 2010 aedjlibus
1055 1969 1273 2011 curulibus
1293 1970 1570 2027 imperarunt,

143 2034 190 2067 ut
221 2025 312 2067 loca
342 2025 547 2067 senatoria
577 2033 835 2067 secernerent
865 2041 890 2066 a
918 2025 1090 2082 populo.
1125 2041 1223 2067 nam
1253 2035 1376 2069 antea
1404 2029 1449 2069 in
1478 2043 1573 2085 pro-
1587 2038 1671 2069 Loca
1685 2047 1774 2068 sena-

1586 2081 1665 2112 toria
1678 2080 1710 2111 in
1724 2081 1772 2111 lu-

1585 2124 1643 2156 dis.

188 2164 230 2195 46
255 2164 338 2194 Duas
357 2165 485 2195 urbanas
503 2175 533 2195 eo
558 2163 696 2205 legiones]
720 2163 837 2195 Merito
882 2166 937 2195 voti
960 2171 1061 2202 essent,
1078 2165 1247 2208 faciendos.
1291 2166 1354 2197 Sed
1380 2166 1424 2198 sic
1446 2178 1571 2209 quoque

146 2207 321 2239 Gronovius
333 2207 478 2238 emendat
495 2218 548 2238 eos.
595 2206 732 2238 Urbanae
755 2207 837 2238 enim
881 2218 1008 2239 necesse
1027 2214 1074 2240 est
1095 2208 1199 2250 adjici,
1215 2219 1234 2240 a
1247 2219 1310 2251 quo
1331 2209 1398 2240 ludi
1419 2210 1482 2241 voti
1504 2211 1571 2242 fue-

146 2250 293 2292 legiones,
318 2256 353 2281 ut
378 2250 480 2292 ipsum
506 2259 619 2281 nomen
641 2249 755 2280 indicio
778 2256 836 2286 est,
881 2251 951 2282 rint.
996 2252 1137 2293 *Itaque
1160 2257 1215 2283 aut
1236 2252 1359 2283 Livium
1382 2253 1432 2284 hic
1454 2263 1571 2285 memo-

147 2294 188 2324 ad
209 2293 384 2325 custodiam
408 2293 492 2324 urbis
506 2293 751 2324 destinabantur.
796 2294 839 2324 Et
881 2294 928 2325 ria
949 2294 1071 2332 fefellit,
1088 2300 1143 2326 aut
1165 2294 1283 2337 aliquid
1305 2306 1325 2327 a
1346 2296 1480 2328 librariis
1497 2308 1571 2340 pec—

146 2336 203 2367 has
227 2336 365 2377 quidem,
389 2346 459 2378 quae
485 2337 525 2367 ab
552 2335 644 2377 hujus
668 2335 742 2366 anni
765 2346 837 2367 con·
881 2343 986 2368 catum
1001 2343 1059 2369 est.

148 2379 266 2410 sulibus
310 2379 496 2416 scribuntur,
535 2379 647 2410 Romae
691 2379 840 2411 mansisse

149 2427 233 2463 patet
246 2433 284 2454 ex
299 2433 327 2453 c.
343 2423 395 2454 56.
408 2421 498 2454 infra..

193 2465 232 2495 47
255 2466 408 2506 Ludosque
437 2467 572 2507 Magnos,
601 2467 651 2506 qui
687 2476 749 2496 una
784 2467 840 2496 rati

151 2507 254 2548 essent]
288 2508 442 2540 observat
467 2508 597 2550 Pighius
625 2507 716 2539 ludos
744 2509 840 2549 Mag-

153 2559 219 2585 nos,
233 2550 285 2591 qui
298 2561 361 2581 una
373 2562 445 2583 eum
457 2561 527 2583 vere
548 2561 634 2583 sacro
655 2551 716 2582 voti
738 2557 837 2587 erant,

147 2592 332 2634 jampridem
355 2594 452 2626 factos
475 2605 553 2630 esse,
569 2599 603 2625 ut
625 2600 747 2625 constat
765 2605 802 2625 ex
816 2594 838 2624 1.Ί

155 2635 298 2666 XXVII.
316 2646 344 2667 c.
359 2638 412 2668 33.
456 2638 569 2679 Itaque
591 2637 642 2668 hic
666 2647 839 2668 sermonem

156 2687 223 2708 esse
236 2683 326 2719 putat
339 2679 378 2710 de
398 2680 478 2711 ludis
493 2690 511 2711 a
527 2682 565 2712 P.
581 2680 718 2728 Sulpicio
734 2680 841 2712 Galba

156 2720 244 2755 votis,
263 2720 302 2751 de
324 2722 436 2763 quibus
458 2722 537 2754 infra
559 2724 618 2754 hoc
641 2733 708 2765 ipso
726 2723 839 2765 capite.

157 2763 208 2794 Ad
238 2762 319 2793 hunc
346 2774 467 2795 sensum
493 2767 588 2797 verba
611 2766 691 2797 Livii
719 2776 840 2797 accom-

157 2805 263 2837 modat
276 2807 466 2848 transpositis
479 2808 600 2839 duabus
615 2809 742 2840 voculis.
774 2809 838 2839 Ita-

154 2859 214 2889 que
241 2848 334 2890 legit:
370 2850 505 2891 ludosque
537 2851 659 2893 Magnos
689 2863 761 2887 una,
790 2855 840 2893 qui

925 2381 965 2411 48
991 2381 1046 2411 Ver
1070 2392 1187 2412 sacrum
1207 2383 1300 2413 videri
1323 2383 1428 2424 pecus]
1458 2384 1571 2419 Pecus,

882 2423 966 2464 quod
1000 2433 1039 2454 ex
1075 2424 1155 2456 veris
1193 2424 1271 2455 sacri
1307 2431 1379 2457 voto
1419 2427 1573 2458 immolari

883 2471 1045 2507 oporteret,
1061 2466 1140 2497 illud
1163 2477 1240 2504 esse,
1256 2468 1339 2509 quod
1366 2475 1474 2500 natum
1497 2469 1575 2500 foret

884 2507 962 2540 inter
978 2510 1055 2540 Kal.
1069 2510 1214 2545 Martias.
1230 2516 1262 2541 et
1282 2511 1381 2553 pridie
1397 2512 1473 2543 Kal.
1488 2513 1573 2543 Mai-

882 2561 929 2582 as,
976 2553 1076 2583 Videri
1104 2553 1155 2584 hic
1185 2553 1302 2584 dictum
1329 2560 1376 2585 est
1404 2566 1458 2596 pro
1489 2566 1573 2586 more

882 2595 971 2626 solito
1000 2596 1214 2627 Romanorum
1251 2602 1283 2628 et
1315 2603 1463 2628 consueta
1487 2597 1573 2638 judi-

883 2637 977 2669 candi
992 2637 1244 2681 decernendique
1259 2639 1402 2671 formula.
1426 2641 1478 2671 Ita
1489 2641 1573 2672 enim

883 2681 968 2712 cauti
989 2687 1078 2712 erant
1099 2682 1131 2712 in
1149 2682 1331 2723 judicando,
1355 2688 1390 2713 ut
1413 2693 1571 2724 nunquam

884 2734 949 2755 rem
971 2724 1016 2755 ita
1037 2735 1070 2756 se
1093 2725 1219 2763 habere,
1242 2726 1297 2757 sed
1323 2728 1416 2756 videri
1436 2736 1572 2768 pronun-

884 2767 1006 2799 tiarent.
1052 2770 1126 2806 Qua
1154 2766 1196 2799 de'
1222 2767 1343 2799 re1vid·
1373 2768 1440 2800 Cic.
1467 2769 1488 2802 l.
1511 2771 1572 2802 IV.

885 2810 988 2842 Acad.
1003 2811 1230 2848 Quaestionum,
1246 2821 1277 2841 n.
1295 2812 1367 2842 146.
