1947 3222
533 94 566 132 L
582 95 596 131 1
611 93 655 131 B.
684 90 925 129 XXXVIII.
973 93 1047 131 CA
1062 93 1102 131 P.
1132 96 1203 133 IX.
1505 103 1578 137 343

157 210 264 246 certe
282 210 430 245 coactae
450 204 642 245 insanire.
685 201 779 241 Non
795 202 889 254 plus
904 203 1003 242 mali
1022 204 1182 244 meritos
1203 204 1365 246 AEtotos
1381 205 1575 249 Antiochi
1587 216 1627 248 U.
1641 217 1680 249 C.
1695 220 1769 251 563.

160 262 273 311 bello,
297 276 411 315 quam
434 261 528 301 boni
546 265 652 307 ante,
676 272 791 312 quum
817 259 1008 299 adversus
1028 259 1267 313 Philippum
1298 262 1481 304 bellatum
1503 266 1570 315 sit,
1584 259 1625 290 A·
1642 260 1681 293 C·
1700 263 1769 294 189.

143 319 309 373 ficisse.
332 333 403 359 nec
424 325 504 358 tum
524 318 643 370 large
656 316 839 370 gratiam
860 316 1030 356 relatam
1049 316 1143 365 sibi,
1165 331 1235 357 nec
1255 331 1358 358 nnnc
1379 321 1574 362 inmodice

153 390 318 429 poen-am
339 375 498 429 injungi
517 373 670 413 debere.
708 371 780 412 Ad
801 387 849 412 ea
864 372 1005 413 consul
1022 373 1260 430 respondit:
1293 376 1435 429 Magis
1453 392 1571 431 scepe,

162 447 278 486 quam
300 447 388 474 vere
408 444 605 484 umquam,
630 430 792 470 AEtolos
804 444 946 482 pacem
969 436 1120 482 petere.
1153 432 1412 472 imitarentur
1432 437 1574 476 Antio-

160 491 271 530 cllum
294 491 335 530 in
350 490 528 542 petenda
542 502 659 541 pace,
678 501 788 540 quem
813 488 855 526 in
877 487 1016 527 bellum
1038 488 1268 529 traxissent.
1317 488 1415 529 Non
1429 494 1574 542 paucis

161 547 320 587 urbibus
349 560 448 595 eum,
471 546 519 585 de
548 559 714 598 quarum
746 543 931 585 libertate
950 551 1143 585 certatum
1162 546 1229 596 sit,
1251 546 1321 586 scd
1344 548 1452 587 omni
1472 551 1573 589 Asia

158 605 215 644 cis
255 603 431 644 Taurum
467 609 649 653 montem,
679 601 808 654 opimo
836 616 973 655 regn0‚
1006 603 1222 644 excessisse.
1283 602 1460 652 AEt0l0s‚
1492 607 1576 646 nisi

159 662 338 709 inermes,
362 661 410 699 de
430 673 534 712 pace
553 665 715 713 agentes
745 673 823 698 non
853 660 1084 699 auditurum
1114 674 1166 699 se.
1198 674 1315 700 arma
1346 662 1430 702 illis
1451 664 1574 715 prius

157 731 348 771 equosque
367 731 498 757 omnes
519 717 737 757 tradendos
757 730 849 765 esse,
872 717 1015 756 deinde
1028 715 1176 757 ⁶²³1m'lle
1199 717 1389 758 talentvtm
1406 722 1574 774 argenti

147 776 300 828 populo
320 775 506 815 Romano
537 775 733 814 dandum.-
765 772 874 826 cujus
893 787 1050 814 summae
1077 775 1286 814 dimidium
1302 789 1481 827 priesens
1501 791 1572 818 nu-

156 838 394 882 met-aretur,
416 833 452 872 si
463 846 604 885 pacem
626 831 771 871 habere
791 832 946 871 vellent.
1009 830 1078 871 Ad
1107 845 1154 871 ea
1184 831 1429 885 adjectarum
1450 835 1571 875 etiam

155 890 199 929 in
203 889 347 942 foedus
367 904 459 937 esse,
481 895 525 929 nt
545 890 708 938 eosdem,
731 902 826 942 quos
849 889 1022 941 populus
1043 888 1262 939 Romanus,
1284 891 1432 933 amicos
1452 897 1572 945 atque

155 947 284 987 hostes
303 946 489 987 habeant.

215 1003 302 1044 IX.
334 1004 549 1045 Adversus
579 1019 675 1058 quae
705 1002 846 1058 legati,
875 1010 916 1044 et
946 1003 1047 1058 quia
1075 1004 1221 1058 gravia
1251 1012 1382 1055 erant,
1405 1013 1445 1047 et
1471 1007 1572 1062 quia

157 1075 327 1101 suorum
358 1061 519 1101 animos
554 1060 778 1101 indomitos
810 1059 896 1100 ‘Mac
930 1059 1175 1101 mutabilesk
1206 1070 1421 1112 noverant,
1453 1063 1570 1104 nullo

155 1116 320 1159 reddito
349 1132 557 1173 responso,
580 1117 751 1157 domum
781 1115 954 1171 regressi
986 1124 1168 1178 sunt‚·ut
1198 1118 1323 1159 etiam
1354 1126 1481 1174 atque
1511 1129 1570 1161 et-

155 1173 249 1222 iam,
272 1174 376 1229 quid
397 1173 605 1230 agendum
626 1181 745 1220 esset,
768 1188 811 1213 re·
841 1173 1017 1228 integra,
1038 1181 1260 1228 praetorem
1291 1183 1330 1216 et
1362 1176 1569 1233 principes

153 1231 424 1273 consulerent.
487 1230 677 1271 Clamore
698 1237 738 1269 et
760 1230 904 1286 jurgio
934 1230 1112 1285 excepti,
1133 1245 1254 1285 quam
1275 1231 1361 1272 ιῖίῑι1
1380 1247 1460 1273 rem
1484 1240 1569 1274 tra-

148 1287 303 1336 herent,
322 1289 635 1341 qualemcumque
642 1301 783 1340 pacem
800 1285 953 1339 referre
959 1286 1069 1341 jussi
1077 1291 1096 1325 ?
1120 1303 1252 1343 quum
1266 1289 1449 1331 redirent
1466 1291 1570 1331 Am-

152 1344 350 1395 braciam,
368 1346 637 1386 Acarnan-um
654 1344 812 1385 insidiis
828 1359 957 1400 prope
974 1344 1083 1384 viam
1100 1344 1260 1400 positis,
1277 1345 1568 1403 2⁵quibuscum

151 1401 307 1442 bellum
339 1410 442 1451 erat,
471 1402 741 1442 circumventi
761 1401 1043 1457 2⁶Thyrium¹⁰
1065 1401 1325 1443 custodiendi
1355 1403 1569 1446 deducun-

154 1466 237 1499 tur.
299 1460 405 1499 Haec
426 1474 541 1499 mora
562 1458 712 1514 injecta
733 1467 794 1500 est
814 1458 918 1514 paci.
980 1459 1120 1507 Quum
1136 1459 1224 1514 jam
1246 1459 1568 1503 Atheniensium

153 1515 503 1571 Rhodiorumque
524 1514 665 1571 legati,
680 1515 754 1571 qui
769 1515 822 1555 ad
844 1514 1151 1570 deprecandum
1172 1530 1248 1570 pro
1269 1515 1332 1556 his
1353 1526 1565 1569 venerant,

0 1589 1 1621 ῃ
152 1572 265 1627 apud
299 1572 506 1613 consulem
542 1580 702 1619 essent3
750 1571 1023 1627 Amynander
1058 1587 1248 1627 quoque5
1277 1573 1567 1616 Athamanum

150 1643 239 1679 rex,
261 1628 342 1670 fide
362 1637 544 1685 accepta,
567 1635 736 1669 ‘venerat
766 1628 808 1668 in
838 1636 972 1670 castra
1003 1629 1194 1669 Romana
1213 1630 1345 1685 magis
1365 1645 1442 1685 pro
1462 1632 1568 1672 Am-

149 1685 290 1726 bracia
324 1686 463 1735 urben,
504 1686 577 1726 ubi
618 1685 815 1740 majorem
855 1693 1016 1741 partem
1056 1686 1254 1741 temporis
1288 1687 1564 1739 exsulaverat,

150 1757 278 1797 quam
308 1757 384 1798 pro
406 1742 575 1792 AEtolis‚
599 1741 808 1783 sollicitus.
871 1743 952 1782 Per
981 1742 1057 1782 hos
1087 1742 1236 1783 certior
1256 1742 1392 1783 factus
1422 1746 1565 1787 consul

148 1798 201 1839 de
222 1814 320 1840 casu
341 1799 588 1855 legatorum,
610 1798 762 1839 adduci
783 1815 851 1839 eos
872 1814 896 1839 a
919 1798 1083 1854 Thyrio
1097 1798 1236 1854 jussit.
1268 1815 1447 1855 quorum
1469 1810 1564 1857 post

148 1855 377 1898 adventum
407 1856 475 1911 agi
505 1864 690 1912 coeptum
712 1865 773 1897 est
801 1856 852 1896 de
879 1871 991 1912 pace.
1052 1856 1341 1911 Amynander,
1363 1858 1479 1912 quod
1500 1859 1564 1900 sui

149 1913 328 1954 maxime
357 1913 493 1969 operis
524 1921 626 1962 erat,
647 1912 810 1968 inpigre
840 1913 1006 1967 agebat,
1028 1921 1076 1953 ut
1107 1913 1425 1955 Ambracienses
1455 1930 1564 1956 com-

147 1969 317 2031 pelleret
338 1970 393 2010 ad
414 1969 679 2011 deditionem.
701 1968 785 2010 ⁶²⁷id
805 1984 939 2026 quum
968 1984 1042 2025 per
1070 1969 1291 2025 conloquia
1309 1971 1561 2028 principum,

1254 2055 1278 2073 ¹¹²
1296 2052 1458 2094 Tyri-heum
1474 2054 1562 2086 Eaed.

191 2050 210 2073 k
226 2051 415 2081 immutabiles
429 2051 527 2083 Gron.
627 2049 636 2073 ¹
652 2062 738 2091 quam
753 2052 806 2081 diu
821 2050 842 2082 l.
857 2052 931 2091 quod
948 2050 1044 2082 Gron.
1062 2051 1154 2083 Crev.

151 2095 167 2113 fl
182 2095 252 2124 urbe
268 2093 330 2124 del.
346 2094 436 2125 Eaed.

188 2164 230 2193 23
256 2163 342 2194 Mille
365 2163 525 2204 talentum]
563 2164 690 2194 Marcus
713 2163 831 2204 argenti

145 2206 263 2237 93750.

189 2249 230 2279 24
265 2250 308 2279 Ac
336 2249 502 2289 mutabiles]
548 2249 626 2280 Haec
657 2254 703 2280 est
740 2249 832 2280 lectio

146 2291 284 2322 omnium
320 2291 513 2334 scriptorum,
542 2292 672 2322 testibus
710 2292 831 2324 Grono-

147 2332 196 2363 vio
217 2339 249 2365 et
274 2335 430 2366 Hearnio:
461 2344 517 2365 nec
546 2334 687 2365 dissentit
710 2335 829 2366 Victor.

146 2375 232 2407 liber.
275 2378 387 2418 Itaque
410 2377 452 2408 sic
469 2376 624 2408 edendum
647 2378 831 2409 curavimus.

147 2417 301 2450 Nimirum
328 2421 513 2451 verebantur
544 2419 638 2461 legati
665 2420 831 2452 indomitos

146 2459 237 2491 simul
271 2473 307 2493 ac
342 2463 506 2494 mutabiles
533 2473 656 2493 suorum
694 2463 830 2501 animos3

147 2501 209 2533 imo
234 2504 272 2534 ob
300 2515 369 2536 eam
394 2516 520 2537 causam
548 2506 581 2536 in
605 2505 726 2546 negotio
752 2517 830 2548 prae-

147 2544 227 2575 senti
249 2548 423 2584 mutabiles,
450 2548 532 2589 quod
557 2548 699 2579 indomiti
722 2549 830 2580 forent.

149 2588 255 2624 Quum
278 2589 360 2620 enim
381 2591 468 2622 nulla
489 2601 542 2621 eos
567 2590 610 2622 vis
632 2591 706 2621 mali
728 2599 830 2633 posset

147 2640 266 2670 cogere,
289 2637 324 2661 ut
350 2634 479 2664 subacta
502 2633 621 2665 cervice
645 2634 758 2665 ferrent
779 2635 829 2676 ju-

146 2682 234 2712 gum,
258 2673 323 2704 fieri
345 2679 474 2715 poterat,
496 2682 531 2706 ut
553 2676 604 2718 qui
630 2687 739 2719 pacem
762 2678 830 2718 qui-

146 2715 328 2756 buscunque
370 2718 606 2754 conditionibus,
646 2720 738 2750 modo
781 2728 827 2752 to-

147 2757 337 2793 lerabilibus,
375 2759 512 2801 accipere
554 2761 654 2803 parati
695 2762 827 2799 fuerant,

146 2805 252 2840 postea
272 2800 371 2831 dictas
394 2812 412 2832 a
434 2804 557 2834 consule
575 2804 717 2835 Romano
732 2805 828 2846 leges,

146 2848 294 2884 tanquam
328 2844 480 2884 graviores
506 2845 601 2886 justo,
630 2857 829 2889 aspernaren-

874 2168 935 2195 tur.
978 2164 1082 2205 Vulgo
1111 2163 1272 2204 legebatur
1298 2176 1332 2196 ac
1357 2167 1560 2198 immutabiles.

876 2207 939 2237 Ubi
965 2207 1063 2237 malos
1085 2212 1269 2237 correctores
1294 2208 1388 2239 etiam
1415 2208 1493 2240 illud
1515 2210 1561 2240 fe-

875 2249 1006 2286 fellerat,
1023 2249 1208 2290 particulam
1225 2261 1258 2280 ac
1282 2261 1343 2282 non
1364 2251 1443 2283 bene
1465 2252 1560 2283 locari

876 2297 947 2323 ante
962 2292 1111 2324 vocalem.

915 2337 957 2366 25
995 2335 1172 2369 Quibuscum
1208 2336 1314 2366 bellum
1351 2338 1430 2378 erut]
1490 2338 1559 2368 Hoc

873 2378 1045 2408 membrum
1072 2378 1192 2409 videtur
1217 2388 1272 2410 suo
1294 2380 1360 2409 loco
1384 2380 1559 2411 excessisse.

874 2421 1023 2462 Repone:
1061 2422 1261 2458 Acarnanum,
1298 2423 1469 2462 quibuscum
1501 2424 1558 2452 bel-

875 2464 937 2493 lum
972 2470 1046 2499 erat,
1082 2465 1196 2494 insidiis
1228 2475 1316 2504 prope
1351 2466 1428 2495 viam
1461 2467 1560 2505 positis

873 2508 1073 2537 circumventi.

915 2550 983 2579 26*
997 2549 1175 2590 Tyri-heum]
1201 2550 1278 2580 Haec
1290 2550 1399 2581 eadem
1415 2554 1461 2580 est
1472 2550 1556 2586 urbs,

872 2601 942 2632 quae
968 2602 1062 2633 supra
1084 2593 1240 2624 XXXVI.
1266 2594 1315 2623 ll.
1337 2592 1448 2623 dicitur
1475 2593 1556 2632 Thy-

872 2635 969 2664 rium:
991 2644 1059 2675 quae
1083 2635 1208 2676 quidem
1223 2646 1298 2666 vera.
1312 2635 1403 2676 hujus
1426 2634 1558 2665 nominis

873 2677 1023 2719 scriptura
1037 2682 1093 2708 est.

912 2721 953 2750 27
978 2719 1016 2750 Id
1040 2731 1130 2760 quum
1157 2743 1166 2751 .
1194 2743 1204 2752 .
1233 2743 1241 2752 .
1266 2721 1416 2750 succedens
1438 2729 1557 2749 murum

869 2773 976 2802 parum
997 2763 1162 2804 proficeret]
1187 2763 1250 2794 Vel
1272 2762 1341 2793 dele
1364 2763 1405 2797 id,
1421 2762 1469 2791 vel
1492 2761 1558 2803 ejus

872 2806 940 2836 loco
970 2804 1095 2835 restitue
1125 2806 1175 2836 Et.
1221 2804 1396 2836 Gronovius
1423 2803 1455 2834 in
1484 2810 1559 2835 nota

875 2848 915 2879 ad
941 2847 1022 2877 hunc
1045 2848 1146 2879 locum
1169 2848 1296 2889 probare
1321 2851 1448 2878 conatur
1472 2847 1505 2877 τὸ
1528 2849 1558 2877 id

950 2891 1019 2929 24
