1947 3222
585 156 701 193 LIB.
730 154 923 192 XXXVI.
967 155 1090 192 CAP.
1123 156 1172 192 X.
1515 160 1590 194 245

173 264 302 304 menti
340 264 529 306 futuram
569 278 641 304 rex
677 262 733 303 ad
767 262 1046 304 conciliandos
1087 261 1387 303 Larissaeorum
1430 265 1586 306 animos
1602 272 1689 304 U.C.
1705 274 1780 307 561.

175 320 381 362 credebat.
1599 315 1639 346 A·
1653 315 1688 347 C·
1705 318 1777 349 ¹9¹·

234 377 292 417 X.
328 378 446 418 Intra
474 377 681 418 decimum
712 376 836 426 diem,
858 391 986 432 quam
1008 375 1166 416 Pheras
1195 383 1378 423 venerat,
1400 375 1463 417 his
1493 394 1584 434 per-

174 433 307 484 fectis,
345 435 591 484 Cranonem,
623 434 837 489 profectus
867 449 961 474 cum
994 441 1083 474 toto
1115 431 1315 480 exercitu,
1347 432 1481 487 primo
1513 435 1584 476 ad-

173 499 300 531 ventu
331 490 452 545 cepit.
488 490 585 531 inde
617 493 838 547 Cypaeram
869 499 910 531 et
942 489 1229 544 Metropolim,
1261 496 1299 528 et
1332 489 1380 529 iis
1411 489 1583 532 circum-

165 547 279 603 jecta
307 546 473 587 castella
502 547 682 604 recepit;
720 548 942 603 omniaque
967 547 1055 602 jam
1084 546 1264 601 regionis
1294 545 1398 601 ejus,
1430 556 1583 600 praeter

173 605 369 646 Atracem
402 612 443 644 et
478 605 726 660 Gyrtonem,
758 605 800 645 in
832 612 1038 660 potestate
1073 611 1201 644 erant.
1264 603 1380 642 Tum
1409 602 1581 658 adgredi

174 660 382 701 Larissam
413 661 653 702 constituit:
687 670 804 703 ratus
824 661 890 701 vel
921 670 1075 702 terrore
1105 667 1335 701 ceterarum
1367 670 1581 715 expugna-

171 725 323 765 tarum,
346 716 411 757 vel
441 718 639 760 beneficio
669 718 853 774 praesidii
884 717 1056 767 dimissi,
1078 717 1144 758 vel
1171 716 1361 772 exemplo
1391 725 1454 757 tot
1484 716 1581 758 civi-

169 774 319 814 tatium
351 774 594 816 dedentium
626 791 726 824 sese,
757 791 839 816 non
875 774 987 815 ultra
1017 774 1058 814 in
1094 773 1321 830 pertinacia
1351 788 1578 815 mansuros.

169 829 419 886 Elephantis
455 832 521 884 agi
556 840 651 873 ante
682 833 800 887 signa
828 832 997 873 terroris
1027 846 1171 872 caussa
1198 829 1341 886 jussis,
1373 830 1580 885 quadrato

167 887 331 942 agmine
363 887 418 928 ad
447 889 593 929 urbem
624 888 811 930 incessit:
856 897 904 929 ut
939 888 1084 929 incerti
1120 887 1426 927 fluctuarentur
1455 887 1580 928 animi

165 958 329 1000 magnae
358 946 490 1000 partis
522 945 822 986 Larissaeorum
851 945 960 986 inter
982 944 1180 985 ⁵81netum
1211 951 1458 999 praesentem
1487 944 1580 984 hos-

167 1000 274 1040 tium
315 1009 355 1042 et
395 1002 686 1043 verecundiam
725 1001 959 1042 absentium
1003 1001 1220 1041 sociorum.
1292 1001 1374 1040 Per
1414 1000 1579 1041 eosdem

167 1056 256 1098 dies
278 1059 551 1114 Amynander
581 1074 675 1099 cum
697 1059 986 1100 Athamanum
1010 1058 1236 1113 juventute
1256 1065 1433 1112 occupat
1455 1056 1579 1097 Pelli-

165 1129 327 1155 naeum:
361 1123 402 1156 et
425 1115 668 1171 Menippus,
691 1131 785 1156 cum
817 1115 954 1156 tribus
982 1113 1168 1155 millibus
1197 1112 1386 1168 peditum
1416 1113 1578 1154 [Etolo-

169 1186 264 1211 rum
294 1179 334 1212 et
365 1171 554 1212 ducentis
585 1172 799 1227 equitibus
827 1173 871 1213 in
904 1170 1186 1212 Perrhaebiam
1215 1169 1443 1225 profectus,
1470 1170 1580 1210 Mal-

164 1227 287 1268 loeam
317 1236 358 1269 et
385 1228 576 1284 Cyretias
606 1230 647 1269 vi
675 1230 799 1284 cepit,
822 1228 1189 1285 depopulatusque
1219 1235 1280 1267 est
1311 1241 1457 1281 agrum
1483 1228 1580 1267 Tri-

165 1284 410 1339 politanum.
473 1286 555 1326 His
584 1287 738 1342 raptim
769 1287 962 1342 peractis,
986 1285 1195 1326 Larissam
1223 1283 1276 1323 ad
1304 1299 1443 1338 regem
1466 1283 1580 1324 rede-

163 1349 265 1382 unt:
299 1342 567 1391 consultanti,
585 1343 788 1398 quidnam
810 1343 1020 1399 agendum
1041 1349 1146 1382 esset
1168 1341 1220 1381 de
1238 1339 1419 1390 Larissa,
1438 1355 1580 1396 super-

165 1406 382 1439 venerunt.
445 1399 513 1440 lbi
541 1400 584 1440 in
605 1400 816 1441 diversum
848 1399 1063 1441 sententiae
1085 1397 1334 1439 tendebant:
1368 1396 1471 1446 aliis,
1494 1397 1578 1438 vim

162 1454 456 1505 adhibendam,
479 1465 519 1497 et
543 1472 623 1497 non
651 1457 926 1497 differendum
958 1455 1235 1504 censentibus,
1258 1453 1360 1509 quin
1382 1454 1578 1509 operibus

163 1527 211 1552 ac
226 1512 428 1552 machinis
445 1513 569 1553 simul
589 1513 776 1568 undique
792 1513 945 1553 moenia
961 1511 1289 1567 adgrederentur
1309 1510 1342 1533 ³⁹
1352 1511 1466 1551 urbis
1487 1511 1577 1552 sitae

161 1567 205 1608 in
233 1568 373 1624 plano,
399 1578 569 1625 apertae,
592 1570 813 1626 campestri
845 1569 1031 1624 undique
1062 1567 1227 1608 adituq:
1260 1566 1350 1607 aliis
1377 1582 1487 1607 nunc
1521 1568 1578 1608 vi-

162 1639 227 1665 res
262 1625 392 1675 urbis,
428 1640 694 1682 nequaquam
733 1626 878 1668 Pheris
914 1624 1189 1674 conferendae,
1223 1623 1574 1665 memorantibus:

162 1696 273 1722 nunc
303 1682 478 1724 hiemem
501 1691 541 1724 et
563 1692 729 1739 tempus
749 1683 845 1724 anni
872 1683 978 1723 nulli
1008 1681 1166 1723 bellicae
1186 1680 1260 1730 rei,
1282 1680 1450 1720 minime
1471 1680 1579 1721 obsi-

161 1738 275 1779 dioni
315 1748 443 1795 atque
482 1740 784 1796 obpugnationi
824 1739 1008 1789 urbium,
1049 1746 1207 1794 aptum.
1282 1737 1449 1778 Incerto
1489 1737 1577 1793 regi

162 1794 271 1836 inter
301 1811 415 1852 spem
446 1805 689 1852 metumque
718 1797 846 1853 legati
873 1812 897 1837 a
919 1795 1134 1845 Pharsalo,
1157 1793 1232 1850 qui
1261 1793 1315 1834 ad
1345 1793 1578 1835 dedendam

162 1852 312 1893 urbem
341 1868 458 1894 suam
485 1854 593 1894 forte
614 1863 826 1903 venerant,
849 1854 1008 1894 animos
1035 1859 1257 1892 auxerunt.
1319 1851 1382 1890 M.
1406 1851 1578 1892 Baebius

162 1908 344 1959 interim,
367 1925 461 1950 cum
488 1911 687 1967 Philippo
717 1912 760 1951 in
781 1909 1031 1951 Dassaretiis
1061 1923 1320 1964 congressus,
1347 1908 1432 1963 Ap.
1454 1907 1578 1948 Clau-

162 1965 281 2006 dium
301 1982 353 2006 ex
374 1967 584 2008 communi
614 1968 782 2009 consilio
803 1967 859 2008 ad
883 1966 1127 2023 praesidium
1150 1964 1329 2005 Larissae
1352 1965 1480 2014 misit,
1501 1965 1575 2020 qui

159 2037 235 2077 per
258 2023 548 2064 Macedoniam
568 2024 729 2080 magnis
748 2024 967 2066 itineribus
987 2024 1030 2063 in
1045 2024 1200 2079 jugum
1221 2021 1441 2071 montium,
1459 2021 1575 2076 quod

160 2094 285 2134 super
307 2080 478 2121 Gonnos
502 2089 578 2130 est,
599 2081 800 2137 pervenit.
863 2080 1081 2137 Oppidum
1103 2077 1242 2120 Gonni
1272 2077 1421 2133 viginti
1442 2077 1573 2118 millia

159 2135 212 2176 ab
230 2137 398 2177 Larissa
417 2137 548 2187 abest,
564 2137 606 2178 in
626 2138 728 2194 ipsis
747 2137 939 2179 faucibus
961 2137 1104 2186 saltus,
1127 2151 1223 2191 quae
1247 2135 1408 2190 Tempe
1429 2134 1571 2190 adpel-

158 2192 313 2244 lantur,
336 2194 475 2235 situm.
538 2195 606 2245 ij
637 2204 772 2236 castra
799 2202 981 2236 metatus
1010 2193 1150 2243 latius,
1173 2206 1300 2247 quam
1327 2206 1405 2247 pro
1425 2191 1568 2248 copiis,

158 2257 200 2291 et
227 2249 382 2306 plures,
405 2266 531 2306 quam
562 2261 667 2307 quot
697 2253 796 2293 satis
824 2252 869 2293 in
889 2266 1013 2293 usum
1043 2258 1175 2299 erant,
1195 2249 1313 2304 ignes
1342 2263 1475 2304 quum
1505 2264 1569 2289 ac-

508 2353 524 2378 ‘1
539 2351 572 2380 in
585 2351 682 2390 plano,
697 2362 716 2380 a
728 2356 812 2391 parte
827 2362 852 2381 c.
869 2362 898 2382 u.
903 2350 1011 2393 facilis
1024 2351 1109 2380 aditu,
1126 2348 1223 2380 Gron.

206 2434 246 2464 38
270 2434 383 2465 Metam
403 2443 572 2475 rroesentem
594 2437 732 2478 hostium]
767 2437 842 2468 Mu·
887 2437 992 2468 Primo
1013 2436 1107 2472 enim,
1131 2435 1186 2477 qui
1208 2433 1355 2476 distingui
1378 2439 1479 2476 potest
1498 2443 1570 2475 pars

163 2480 255 2522 retJlss,
297 2480 500 2516 praesentium:
553 2486 652 2511 recte:
706 2479 845 2522 sequitur
887 2479 1068 2522 campestris
1089 2478 1123 2509 in
1138 2488 1174 2509 ea
1188 2479 1265 2509 urbe
1279 2488 1348 2518 quae
1366 2478 1504 2508 absolute
1521 2475 1567 2506 di-

164 2527 256 2554 emm,
271 2521 428 2551 absentium
443 2524 594 2554 sociorum.
887 2529 975 2553 catur
996 2524 1052 2553 sita
1074 2523 1106 2552 in
1126 2522 1235 2560 plano?
1264 2520 1390 2551 Deinde
1404 2523 1472 2551 Jac.
1489 2520 1568 2550 Gro-

206 2560 246 2591 39
272 2561 358 2593 Urbis
379 2565 444 2594 sitoe
466 2566 496 2596 in
516 2567 616 2604 plano,
629 2572 747 2605 aperite,
764 2577 841 2595 cam·
886 2566 994 2597 novius
1018 2565 1151 2596 affirmat
1171 2573 1278 2594 vocem
1291 2563 1398 2605 facilis
1420 2563 1452 2593 in
1473 2562 1569 2592 MSS.

162 2604 251 2641 pestri
272 2607 400 2646 undique
421 2608 522 2649 aditu]
555 2609 639 2640 Urbs
660 2615 761 2648 aperta
783 2614 841 2644 est,
887 2619 948 2639 non
970 2614 1102 2639 exstare·
1147 2606 1238 2638 Idem
1260 2606 1298 2636 de
1320 2617 1382 2636 uno
1399 2617 1415 2636 e
1430 2603 1492 2636 suis
1508 2609 1568 2650 tes-

164 2655 259 2685 quam
274 2645 362 2678 facile
376 2649 475 2690 quivis
486 2650 601 2683 intrare
615 2656 726 2693 potest.
758 2651 842 2682 Urbs
885 2656 968 2683 tatur
1002 2650 1177 2682 Hearnius:
1215 2655 1250 2680 ut
1280 2648 1408 2680 dubium
1440 2657 1502 2677 non
1530 2651 1570 2676 sit

164 2691 315 2727 campestri
335 2692 430 2727 aditu,
453 2703 492 2724 ea
517 2700 564 2725 est
585 2704 656 2736 quae
677 2705 716 2725 ex
735 2694 840 2736 plano,
884 2693 971 2725 illam
994 2704 1102 2725 vocem
1125 2692 1280 2735 adjectam
1303 2702 1368 2722 esse
1392 2691 1431 2720 ab
1452 2689 1489 2719 iis
1504 2688 1568 2729 qui,

163 2738 221 2777 ex.
245 2733 406 2773 campestri
449 2735 558 2767 aditur.
625 2736 840 2780 Expressimus
883 2748 980 2779 quum
1001 2749 1019 2768 a
1038 2743 1123 2777 parte
1144 2736 1295 2775 campan—i
1316 2734 1348 2764 in
1371 2732 1456 2763 libris
1484 2731 1568 2777 inre-

165 2778 343 2819 scnpturam
367 2776 452 2808 vict.
464 2778 588 2815 codicis,
603 2790 674 2811 cum
692 2791 753 2821 quo
767 2790 839 2811 con·
885 2780 998 2815 nirent,
1025 2778 1180 2811 laboranti
1215 2777 1374 2808 sententiae
1407 2775 1569 2805 subvenire

163 2820 255 2863 sentit
283 2816 434 2849 Andreas.
478 2821 617 2863 Vulgata
644 2823 769 2854 omnino
793 2828 839 2853 to·
884 2824 1059 2859 voluerunt,
1079 2822 1112 2853 id
1135 2826 1192 2858 est,
1213 2820 1321 2851 vitium
1345 2818 1419 2850 vitio
1441 2816 1570 2848 addide-

167 2858 256 2888 letan
278 2869 339 2890 non
354 2865 488 2901 poterat:
513 2865 592 2894 urbis
611 2867 674 2895 sitae
695 2867 728 2896 in
744 2866 845 2904 plana,
888 2871 970 2898 runt.

165 2912 183 2929 α
205 2908 289 2940 parte
310 2906 461 2941 campestri
483 2907 612 2947 undique
624 2907 730 2949 facilis
750 2910 846 2940 aditu.

955 2965 981 2990 R
1001 2951 1028 2990 3
