1947 3222
541 75 664 112 LIB.
693 74 848 112 xxm.
888 74 1015 112 eAP.
1044 77 1173 114 xxv.
1513 56 1562 117 23

145 197 218 224 να
249 191 362 234 esset,
396 184 574 225 concitat
606 182 646 223 in
683 182 822 224 hostes
854 198 1026 238 equum,
1064 198 1146 223 non
1182 184 1241 224 ira
1277 194 1455 237 tantum,
1489 187 1616 228 sedU.
1632 195 1669 227 C.
1679 196 1753 227 552.

145 240 269 281 etiam
291 240 423 297 gloria
443 240 601 287 elatus3
635 239 766 295 quod,
786 239 945 295 ingenti
972 240 1097 280 turba
1126 241 1342 296 completis
1362 243 1485 284 etiam
1506 239 1615 286 adA·
1628 239 1667 270 C·
1678 239 1751 268 200.

144 298 427 352 spectaculum
456 296 600 347 muris,
624 297 805 360 conspici
834 312 875 336 se
904 304 1162 358 pugnantem
1193 298 1406 353 egregium
1437 301 1560 342 duee-
1573 281 1772 356 ξζοὲἐῖἒῃε

145 353 230 395 bat.
291 354 571 409 Aliquantum
603 361 698 394 ante
719 369 847 393 aciem
869 368 964 394 cum
986 352 1198 417 equitibus
1218 355 1363 409 paucis
1393 366 1559 399 evectus
1572 369 1646 401 edit.

144 411 186 450 in
208 411 364 451 medios
391 410 544 459 hostes,
566 410 776 465 ingentem
807 425 940 465 quum
971 411 1056 450 suis
1086 409 1290 460 ardorem,
1313 419 1403 452 tum
1435 427 1559 468 pavo-

144 483 230 508 rem
260 466 464 517 hostibus,
487 466 640 523 injecit.
672 466 874 522 plurimos
905 482 1029 507 mauu
1061 482 1137 507 sua
1165 467 1352 508 cominus
1382 484 1559 532 eminus-

145 539 226 580 que
246 523 484 564 vulneratos
505 523 860 588 compulsosque
851 539 893 563 m
921 532 1099 579 portam,
1121 532 1367 565 consecutus
1387 533 1429 566 et
1454 525 1556 582 ipse,

143 595 277 636 quum
306 581 503 645 majorem
534 596 576 621 m
597 581 802 636 angustiis
832 580 1131 636 trepidantium
1163 580 1358 622 edidisset
1385 582 1556 633 caedem,

142 637 183 677 in
213 638 429 678 temerario
459 637 624 693 incepto
654 646 796 679 tutum
828 645 964 678 tamen
994 645 1208 693 receptum
1237 637 1409 679 habuit:
1443 639 1556 702 quia,

143 694 217 749 qui
238 693 281 734 in
302 693 490 735 turribus
510 702 653 758 pffltae.
673 702 805 744 erant,
827 694 1084 735 sustinebant
1108 694 1203 744 tela,
1225 709 1276 734 ne
1306 694 1348 734 in
1379 710 1559 751 permlx-

143 758 208 791 tos
228 750 419 792 hostibus
441 767 536 792 suos
566 751 827 806 conjicerent
890 752 1009 792 Intra
1034 766 1176 791 muros
1205 750 1354 792 deinde
1384 753 1559 795 tenenti-

141 807 221 848 bus
251 807 402 849 milites
434 808 778 857 Atheniensibus,
812 807 1048 863 Philippus,
1080 807 1197 862 signo
1226 809 1413 871 receptui
1443 809 1557 860 dato,

143 872 278 905 castra
306 865 360 905 ad
389 864 675 920 ⁵CJnosarges
707 863 931 926 (templum
962 863 1172 913 Herculis,
1194 879 1557 921 ngnasmmque,

142 929 184 962 et
213 921 332 961 lucus
353 931 440 962 erat
470 921 779 982 circumjectus)
802 919 954 975 posuit.
988 919 1059 959 sed
1091 921 1366 975 Cynosarges,
1388 930 1428 963 et
1449 922 1560 979 6Ly-
1574 938 1680 970 Diruit
1696 950 1760 970 om

143 993 278 1028 ceum,
300 987 342 1019 et
371 977 580 1033 quidquid
604 976 732 1017 sancti
762 991 965 1016 amoenlve
985 975 1093 1017 circa
1122 976 1270 1017 urbem
1300 986 1403 1028 eiat,
1427 980 1626 1020 111001151ύὸὶ
1640 981 1722 1013 circa

145 1049 235 1075 sum
273 1043 348 1084 est,
385 1034 610 1089 dirutaque
645 1049 727 1073 non
760 1040 870 1074 tecta
904 1033 1053 1083 solum,
1088 1032 1160 1074 sed
1190 1033 1313 1075 etiam
1345 1035 1556 1090 sepulcra:
1573 1025 1724 1056 Athenas.

143 1105 217 1131 nec
247 1066 376 1131 ‹liviifi
406 1090 630 1131 humanive
653 1090 763 1146 juris
793 1090 1027 1146 quidquam
1058 1105 1146 1146 prae
1173 1089 1378 1146 inpotenti
1409 1107 1470 1132 lra
1499 1101 1560 1134 est

146 1156 369 1188 selmvatum

203 1204 355 1244 XXV.
390 1206 563 1260 Postero
594 1205 674 1254 die,
697 1220 828 1260 quum
859 1203 995 1260 primo
1026 1203 1175 1245 clausae
1205 1204 1379 1246 fuissent
1411 1214 1558 1261 portae,

141 1261 291 1302 deinde
327 1261 466 1303 subito
500 1256 670 1317 apertae,
704 1277 804 1317 quia
837 1260 1079 1316 plaesidium
1120 1261 1258 1302 Attali
1293 1262 1346 1303 ab
1387 1263 1559 1318 lEgina,

144 1318 408 1374 Romanique
429 1319 482 1359 ab
505 1318 664 1359 Piraeeo
685 1318 940 1359 intraverant
963 1318 1124 1367 urbem,
1147 1326 1281 1358 castra
1301 1319 1354 1360 ab
1376 1320 1479 1360 urbe
1500 1335 1561 1360 re-

144 1375 242 1416 tulit
272 1391 344 1416 rex
367 1376 448 1416 tria
477 1375 606 1416 ferme
626 1375 757 1416 millia
777 1389 988 1431 passuum.
1021 1374 1117 1415 inde
1140 1375 1381 1415 Eleusinem
1401 1377 1561 1438 profec-

142 1440 226 1482 tus,
263 1448 335 1487 spe
369 1432 580 1488 inproviso
615 1432 761 1487 templi
796 1431 1051 1486 castellique,
1088 1432 1204 1487 quod
1238 1439 1280 1473 et
1312 1433 1485 1473 inminet
1520 1442 1560 1475 et

140 1488 471 1530 ⁷circumdatum
510 1497 572 1530 est
612 1489 783 1544 templo,
816 1488 1020 1543 capiendi,
1058 1503 1190 1544 quum
1231 1488 1563 1544 haudquaquam

142 1545 352 1599 neglectas
392 1545 602 1586 custodias
640 1544 1014 1594 animadvertisset,
1048 1553 1088 1585 et
1129 1544 1299 1585 classem
1339 1561 1363 1585 a
1403 1546 1563 1587 Piraeeo

145 1601 330 1642 subsidio
361 1603 515 1652 venire,
544 1603 694 1643 01111550
724 1601 904 1664 incepto,
928 1602 1161 1655 Megaram,
1184 1616 1230 1641 ac
1260 1602 1452 1656 protinus
1485 1604 1563 1644 Co-

143 1657 331 1699 rinthum
362 1658 491 1699 ducit.
535 1666 576 1699 et
606 1673 738 1714 quum
771 1657 901 1712 Argis
938 1658 1193 1717 Achaeorum
1224 1658 1443 1720 concilium
1477 1675 1562 1700 esse
1576 1675 1605 1704 It
1621 1674 1733 1717 Argos

142 1714 341 1764 audisset,
383 1714 697 1771 inopinantibus
738 1713 921 1764 Achaeis,
962 1714 1148 1754 concioni
1187 1713 1266 1770 ipsi
1309 1716 1559 1771 supervenit.

145 1771 451 1813 Consultabant
480 1772 532 1813 de
562 1772 671 1812 bello
701 1771 900 1812 adversus
933 1771 1072 1812 Nabin
1106 1778 1332 1827 tyrannum
1367 1772 1562 1814 Lacedae-
1575 1789 1699 1821 Achaeis
1712 1791 1767 1822 ad-

143 1828 401 1869 moniorum:
445 1829 533 1884 qui,
565 1828 765 1870 translato
793 1827 968 1884 imperio
1000 1843 1024 1869 a
1052 1827 1364 1883 Philopoemene
1394 1829 1447 1869 ad
1480 1831 1563 1886 Cy-
1574 1834 1747 1865 versusNa
1729 1844 1764 1865 a-

142 1884 332 1934 cliadem,
373 1901 640 1941 nequaquam
684 1900 827 1941 parem
876 1884 936 1925 illi
986 1884 1150 1935 ducem,
1192 1884 1354 1941 dilapsa
1393 1901 1561 1928 cernens
1573 1876 1732 1950 Kinnaussi-

144 1942 326 1982 Achaeor
330 1957 400 1982 um
430 1944 601 1993 auxilia,
631 1943 987 1998 redintegraverat
1007 1941 1180 1991 bellum,
1202 1957 1408 1998 agrosque
1437 1943 1541 1985 finit
1511 1952 1562 1985 t1-
1573 1930 1684 1993 mittitp
1701 1931 1733 1951 ⁰

142 2013 306 2039 morum
337 1999 554 2046 vastabat;
602 2008 643 2041 et
671 1999 761 2054 jam
797 1998 974 2039 urbibus
1013 2013 1184 2054 quoque
1223 2007 1310 2040 erat
1352 2000 1558 2042 terribilis.

143 2055 244 2096 Adv
234 2070 362 2095 ersus
382 2055 494 2097 hunc
514 2057 690 2105 hostem,
712 2071 860 2112 quum,
878 2054 1107 2111 ⁸quantum
1129 2070 1180 2095 ex
1202 2071 1372 2111 quaque
1393 2056 1562 2098 civitate

142 2111 324 2152 militum
361 2113 640 2155 ”scriberetur
644 2144 655 2163 ,
696 2112 1004 2159 consultarent3
1048 2111 1288 2167 Philippus,
1318 2112 1561 2156 demturum

141 2183 184 2208 se
214 2168 271 2209 eis
301 2185 458 2220 curam,
485 2170 600 2225 quod
630 2170 684 2210 ad
719 2169 860 2210 Nabin
896 2176 937 2210 et
969 2169 1309 2210 Lacedaemonios
1339 2169 1560 2222 adtineret,

141 2225 379 2280 pollicitus;
412 2241 487 2267 nec
514 2216 679 2267 tantum
708 2242 830 2282 agros
860 2226 1064 2267 sociorum
1093 2225 1437 2289 populationibus
1466 2243 1561 2283 pro-

140 2281 391 2333 hibiturum,
414 2283 484 2324 sed
516 2291 714 2324 terrorem
741 2298 905 2323 omnem
934 2282 1067 2324 belli
1059 2297 1102 2323 in
1131 2297 1264 2338 ipsam
1294 2283 1558 2335 Laconicam,

618 2367 870 2396 tcmscriberetm·
885 2366 981 2396 Gron.
999 2365 1091 2396 Crev-

183 2442 203 2470 5
229 2440 422 2481 Cynosarges]
462 2440 513 2471 Sic
544 2441 660 2471 dictum
696 2452 714 2471 a
750 2451 827 2472 cane
914 2441 1196 2472 7²*Circumclatum
1254 2441 1309 2481 est]
1371 2442 1557 2489 Circumjec-

142 2482 225 2513 albo.
271 2483 368 2513 Canis
381 2483 462 2514 enim
484 2483 568 2526 apud
586 2485 711 2515 Graecos
733 2483 824 2514 adm:
871 2488 938 2514 tum
963 2488 1020 2519 est,
1050 2483 1094 2514 ita
1119 2488 1154 2513 ut
1181 2483 1308 2515 castello
1337 2485 1486 2526 templum
1511 2495 1558 2515 m-

142 2525 243 2561 albus,
258 2525 360 2568 ἅςγὸς.
406 2527 569 2562 Fabulam,
585 2537 655 2568 quae
678 2526 749 2558 huic
772 2537 827 2558 no-
872 2526 1026 2557 cludatur

142 2567 218 2598 mini
240 2570 389 2609 originem
411 2569 534 2601 dedisse
555 2569 678 2607 dicitur,
698 2575 769 2612 pete
790 2580 828 2602 ex
915 2572 934 2600 8
976 2569 1129 2604 Quantum
1173 2579 1205 2598 ez·
1249 2580 1361 2609 quaque
1405 2570 1559 2601 civitatum

143 2610 250 2641 Suida.
872 2612 999 2642 militum
1038 2612 1279 2652 conscriberetur]
1338 2611 1470 2642 Suavius
1512 2618 1559 2643 est

185 2654 205 2683 6
228 2653 373 2696 Lyceum]
413 2655 630 2696 Gymnasium,
660 2655 714 2686 ubi
742 2655 829 2686 Aris-
873 2654 905 2685 id
933 2654 1016 2696 quod
1045 2665 1083 2685 ex
1111 2653 1234 2684 Thuan.
1262 2653 1331 2684 eod.
1367 2653 1455 2685 affert
1487 2656 1557 2686 Jac.

144 2696 252 2726 toteles
270 2707 341 2727 cum
363 2697 426 2728 suis
448 2698 646 2729 inambulans
668 2698 706 2729 de
728 2697 828 2740 philo·
874 2697 1067 2729 Gronovius:
1105 2704 1247 2738 quantum
1282 2708 1314 2726 ex
1347 2708 1459 2737 quaque
1485 2700 1557 2728 civi-

143 2736 251 2778 sophia
272 2740 492 2782 disputaverat,
536 2741 659 2772 Nomen
682 2741 790 2772 habuit
812 2752 831 2772 a
874 2747 934 2771 tate
977 2741 1105 2770 militum
1135 2741 1330 2770 scriberetur.
1396 2740 1559 2772 Consentit

144 2779 240 2820 Lycio
271 2782 440 2814 Pandionis
477 2783 550 2820 filio,
581 2789 658 2815 teste
695 2785 831 2815 Pausan.
875 2784 995 2815 Victor.

142 2822 215 2852 l..I

948 2869 1020 2908 04
