1947 3222
148 234 190 306 ,³³2²

253 233 272 305 —101

295 233 328 306 με»

275 277 294 306 <0
275 233 292 262 ιη

157 1873 345 1916 Legationes

157 1927 275 1959 regiun,
283 1928 357 1957 gen—

158 1966 246 1995 tium,
261 1970 336 1990 civi-

155 2008 266 2035 tatum.

357 122 428 156 118
874 121 1018 181 srlTl
1071 120 1246 159 L1V11

358 226 572 282 praeconis‚
603 228 738 284 majus
766 229 968 284 gaudium
998 230 1096 280 fuit,
1127 245 1253 286 quam
1284 229 1399 286 quod
1430 229 1670 271 universum
1699 231 1771 272 ho-

359 283 488 324 mines
509 294 712 340 caperent.
775 286 855 328 Vix
880 287 978 328 satis
1007 286 1173 327 credere
1203 302 1244 327 se
1273 287 1454 342 quisque
1483 286 1669 328 audisse:
1701 288 1772 328 alii

360 340 462 382 alios
481 341 648 390 intueri,
671 342 910 384 mirabundi·
932 342 1047 384 velut
1068 343 1214 383 somnii
1232 358 1382 384 vanam
1403 343 1596 399 speciem:
1619 343 1773 399 6'quod

360 396 416 437 ad
436 412 645 454 quemque
668 400 909 455 pertineret,
932 414 1101 440 suarum
1129 399 1293 440 aurium
1323 400 1419 440 fidei
1449 399 1667 441 minimum
1688 416 1774 441 cre-

362 453 520 505 dentes,
551 456 763 511 proximos
792 455 1116 510 interrogabant.
1189 457 1427 498 Revocatus
1457 471 1608 512 praeco,
1640 472 1774 512 quum

362 510 651 567 unusquisque
671 527 754 552 non
784 512 944 562 audire,
966 512 1038 552 sed
1058 511 1198 553 videre
1228 513 1431 554 libertatis
1459 529 1544 553 suae
1574 514 1775 555 nuncium

361 576 517 617 averet,
548 567 699 609 iterum
729 567 1061 624 ⁶⁵pronunciaret
1093 568 1248 610 eadem.
1311 570 1426 610 Tum
1456 569 1508 610 ab
1544 579 1656 611 certo
1685 570 1774 626 jam

361 624 518 678 gaudio
548 631 690 665 tantus
720 640 816 665 cum
845 624 1022 666 clamore
1052 625 1223 681 plausus
1243 634 1304 667 est
1334 634 1465 676 ortus,
1488 626 1693 682 totiesque
1714 642 1776 668 re-

361 681 535 734 petitus,
557 689 606 722 ut
626 680 746 721 facile
767 681 1001 738 adpareret,
1023 682 1126 723 nihil
1152 683 1339 723 omnium
1358 683 1564 723 bonorum
1585 683 1776 724 multitu-

363 735 451 776 dini
485 736 660 792 gratius,
692 753 820 793 quam
849 738 1084 780 libertatem
1114 754 1212 779 esse.
1274 739 1508 779 Ludicrum
1538 739 1688 780 deinde
1717 740 1778 781 ita

364 792 517 848 raptim
547 803 762 849 peractum
791 803 866 846 est,
893 803 941 836 ut
971 795 1127 836 nullius
1155 810 1230 836 nec
1260 795 1401 845 animi,
1422 810 1497 836 nec
1525 796 1634 836 oculi
1666 811 1779 852 spec-

365 849 505 890 taculo
525 849 673 892 intenti
704 860 850 894 essent.
883 852 987 893 adeo
1017 867 1149 893 unum
1178 851 1382 908 gaudium
1411 861 1775 908 praeoccupaverat

365 906 551 947 omnium
572 907 747 949 aliarum
768 924 932 950 sensum
953 908 1233 965 voluptatum.

425 963 666 1004 XXXIII.
700 965 836 1006 Ludis
865 981 964 1006 vero
994 965 1186 1015 dimissis,
1217 981 1340 1007 cursu
1371 981 1501 1022 prope
1531 982 1672 1007 omnes
1693 975 1781 1008 ten-

367 1019 463 1060 dere
484 1020 538 1060 ad
559 1020 848 1076 imperatorem
870 1023 1132 1063 Romanum:
1167 1031 1229 1072 ut,
1250 1032 1398 1064 ruente
1425 1023 1551 1065 turba
1570 1023 1612 1064 in
1633 1039 1780 1074 unum,

366 1076 495 1126 adire,
526 1078 765 1134 contingere
795 1079 986 1120 dextram
1013 1079 1286 1135 cupientium,
1315 1095 1485 1121 coronas
1514 1080 1785 1121 ⁶⁶lemniscos-

367 1148 450 1188 que
464 1134 711 1189 jacentium,
731 1135 846 1177 haud
867 1135 1012 1192 procul
1034 1135 1219 1192 periculo
1239 1137 1380 1177 fuerit.
1443 1137 1525 1178 Sed
1544 1145 1632 1178 erat
1653 1137 1782 1178 trium

366 1190 497 1231 ferme
526 1199 567 1232 et
598 1191 770 1248 triginta
799 1207 1028 1247 annorum3
1070 1201 1110 1234 et
1142 1209 1274 1249 quum
1305 1194 1434 1234 robur
1454 1195 1658 1250 juventae,
1689 1201 1780 1235 tum

366 1247 570 1301 gaudium
601 1264 652 1289 ex
672 1257 759 1290 tam
779 1248 930 1304 insigni
959 1249 1103 1305 gloriae
1124 1249 1282 1301 fructu,
1304 1250 1412 1290 vires
1442 1250 1779 1306 suppeditabant.

369 1318 442 1344 nee
463 1320 644 1360 praesens
673 1306 860 1347 omnium
890 1306 1013 1347 modo
1042 1306 1174 1346 effusa
1199 1306 1347 1348 laetitia
1369 1315 1456 1354 est;
1491 1307 1562 1348 sed
1582 1322 1656 1363 per
1676 1306 1783 1348 mul-

369 1368 434 1401 tos
463 1361 550 1403 dies
579 1361 708 1417 gratis
747 1370 788 1403 et
822 1362 1158 1418 cogitationibus,
1194 1371 1235 1404 et
1271 1363 1528 1404 sermonibus
1562 1372 1779 1404 revocata:

368 1418 470 1458 Esse
489 1420 667 1472 aliquam
690 1420 734 1459 in
755 1421 876 1460 terris
889 1426 1060 1473 gentem,
1084 1433 1172 1473 quoe
1190 1434 1262 1460 sua
1285 1421 1467 1472 inpenso,
1489 1435 1559 1461 suo
1578 1420 1718 1460 labore
1736 1435 1785 1460 ac

360 1476 546 1528 periculo
565 1475 669 1516 bella
696 1483 819 1530 gerat
835 1490 917 1529 pro
945 1476 1134 1516 libertate
1162 1477 1354 1517 aliorum:
1385 1491 1456 1516 nec
1483 1478 1784 1530 lzocfinitimis,

369 1538 440 1572 aut
453 1533 699 1586 propinqua?
718 1534 945 1574 vicinitatis
958 1533 1197 1583 hominibus,
1213 1540 1284 1574 aut
1298 1534 1420 1574 terris
1435 1533 1786 1588 continentijunc-

368 1591 422 1629 tis
433 1596 622 1642 proestet:
654 1591 787 1630 maria
807 1590 1006 1645 trajiciat,
1029 1604 1079 1630 ne
1099 1591 1203 1644 quod
1221 1597 1306 1631 toto
1325 1590 1421 1631 orbe
1441 1596 1642 1631 terrarum
1663 1590 1788 1645 irgjus-

367 1652 449 1686 tum
481 1647 692 1699 imperium
720 1648 789 1698 sit,
810 1654 849 1688 et
877 1647 1022 1700 ubique
1050 1646 1162 1701 ⁶'sjus‚
1177 1648 1271 1700 fas,
1294 1649 1360 1688 lex
1382 1649 1660 1700 potentissima
1689 1649 1784 1688 sint.

377 1703 469 1744 Una
491 1717 581 1744 voce
595 1705 796 1756 praeconis
815 1704 1010 1745 liberatas
1031 1718 1162 1744 omnes
1192 1704 1368 1745 Grceciae
1386 1711 1507 1760 atque
1527 1705 1636 1746 Asice
1656 1705 1784 1745 urbes.

369 1761 466 1800 Hoc
484 1775 553 1813 spe
568 1760 827 1815 ⁶⁸concipere,
845 1762 1012 1802 audacis
1033 1761 1322 1816 animisuisse:
1343 1763 1401 1801 ad
1418 1763 1594 1817 effictum
1614 1763 1787 1802 adduce-

370 1832 427 1866 re,
450 1819 614 1858 virtutis
634 1819 867 1873 effortunoe
887 1819 1075 1872 ingentis.

429 1875 655 1915 XXXIV.
691 1875 929 1916 Secundum
956 1875 1036 1917 ista
1058 1876 1147 1932 jam
1179 1876 1400 1926 Quinctius
1427 1884 1468 1918 et
1496 1876 1638 1917 decem
1658 1876 1784 1932 legati

370 1931 596 1987 legationes
624 1947 786 1987 regum,
808 1933 1012 1987 gentium,
1041 1932 1356 1989 civitatiumque
1385 1933 1593 1975 audivere.
1655 1933 1785 1974 Primi

370 1987 556 2029 omnium
585 1989 695 2045 regis
725 1989 926 2030 Antiochi
956 1989 1091 2030 vocati
1111 1989 1237 2045 legati
1269 1998 1377 2031 sunt.
1410 1991 1476 2031 his
1505 1990 1663 2041 eadem,
1686 2005 1783 2045 quae

370 2045 456 2086 fere
488 2047 635 2086 Romae
665 2054 796 2096 erant,
827 2046 955 2087 verba
983 2045 1108 2087 ⁶⁹sine
1138 2046 1219 2087 fide
1255 2062 1393 2088 rerum
1418 2048 1588 2104 jactata.
1663 2047 1783 2088 Nihil

366 2103 454 2157 jam
484 2102 695 2158 perplexe,
717 2112 766 2144 ut
795 2110 906 2153 ante,
937 2118 1069 2159 quum
1100 2102 1240 2145 dubiae
1265 2119 1329 2144 res
1359 2103 1553 2145 incolumi
1586 2103 1786 2160 Philippo

373 2167 504 2209 erant,
527 2159 599 2200 sed
618 2167 759 2215 aperte
789 2161 1125 2215 pronunciatum,
1148 2169 1197 2201 ut
1218 2161 1435 2202 excederet
1456 2160 1570 2202 Asiae
1592 2161 1783 2211 urbibus,

373 2231 469 2271 quae
494 2224 566 2257 aut
598 2215 800 2273 Philippi,
822 2225 896 2258 aut
927 2216 1145 2259 Ptolemaei
1172 2231 1320 2274 regum
1349 2218 1536 2260 fuissent.
1565 2216 1784 2260 ⁷⁰abstine-

418 2346 458 2377 64
498 2347 581 2382 Quod
623 2350 662 2378 ad
704 2360 843 2389 quemque
884 2349 1057 2390 pertineret]
1102 2348 1265 2391 opponitur
1279 2348 1429 2380 voluntati
1445 2348 1642 2380 dominantis.

375 2389 453 2421 Haec
468 2391 561 2421 verba
584 2391 659 2421 nihil
681 2390 796 2421 liabent
819 2391 905 2421 Livio
920 2391 1059 2432 dignum,
1144 2393 1185 2423 68
1219 2392 1389 2432 Concipere]
1434 2391 1494 2421 Hic
1530 2401 1652 2432 quoque
1689 2390 1785 2422 habes

375 2432 428 2462 sed
456 2433 556 2473 potius
584 2434 731 2464 oscitante
759 2433 894 2465 librario.
948 2436 1059 2477 ltaque
1104 2434 1220 2476 Sigonii
1254 2433 1510 2465 emendationem.
1568 2434 1673 2464 Antea
1700 2434 1783 2476 lege-

375 2475 422 2505 vel
439 2475 605 2507 recidenda
619 2482 701 2511 sunt,
716 2476 765 2506 vel
781 2477 983 2509 immutanda.
1103 2478 1193 2508 batur
1205 2479 1326 2516 cmzcipi'.

418 2518 459 2549 65
492 2519 707 2549 Prmzunciaret
732 2520 844 2560 eadem]
880 2520 964 2562 Lege
987 2531 1055 2560 pro·
1142 2522 1183 2551 69
1206 2521 1343 2560 Sineside
1358 2519 1597 2560 rerumjactata]
1631 2519 1783 2550 Gelenius

373 2563 509 2592 nunciat.
1099 2563 1161 2604 legi
1193 2562 1284 2604 jubet
1312 2564 1512 2602 jactantibus:
1557 2561 1642 2602 quod
1686 2563 1783 2604 magis

418 2605 458 2635 66
490 2604 664 2645 lemniscos]
703 2604 854 2635 Lemnisci
881 2610 968 2636 erant
996 2605 1056 2636 sas·
1099 2606 1245 2647 placeret,
1259 2612 1373 2636 resecto
1396 2606 1488 2635 verbo
1509 2611 1593 2634 erant
1609 2604 1639 2634 in
1654 2605 1692 2635 iis
1713 2615 1783 2646 quae

375 2647 430 2676 eia*
456 2646 619 2679 discolores
642 2647 851 2688 dependentes
868 2658 904 2678 ex
928 2647 1056 2678 coronis.
1100 2649 1292 2690 praecedunt:
1331 2648 1387 2678 His
1416 2649 1523 2681 eadem.
1552 2659 1613 2688 qna
1628 2647 1699 2689 fere
1723 2648 1782 2678 Ro-

375 2689 518 2719 (ii-amm
535 2697 580 2721 cst
595 2690 788 2721 vocabulum.
1100 2703 1161 2725 nur,
1189 2693 1271 2721 rerba
1299 2691 1359 2720 sine
1376 2691 1441 2730 fide
1470 2701 1565 2720 rerum
1587 2692 1783 2729 jactantibus,

416 2734 455 2761 67
468 2735 484 2750 '⁶
495 2734 561 2767 λικε,
575 2733 640 2774 sas,
665 2733 723 2773 les]
747 2733 804 2762 ,Ins
825 2738 854 2763 et
867 2733 923 2772 fus
948 2733 1055 2764 liunia-
1102 2735 1175 2763 nihil
1188 2735 1317 2773 perplere
1333 2756 1340 2762 .
1357 2757 1364 2763 .
1381 2756 1388 2763 .

374 2784 413 2803 na
434 2782 504 2805 sunt
523 2776 689 2817 divinaque
707 2777 789 2817 jura,
805 2776 954 2817 quidquid
973 2776 1055 2815 juste
1143 2777 1183 2807 70
1228 2777 1387 2806 :lbseineret
1459 2777 1570 2811 liberas,
1637 2786 1783 2814 (inritesque,

373 2817 521 2848 namnum
547 2819 666 2857 legibus
691 2824 744 2849 aut
766 2819 908 2849 humanis
933 2826 984 2849 aut
1008 2818 1052 2848 di<
1101 2819 1232 2860 Gra-ms]
1280 2819 1357 2849 Hm(-
1393 2819 1539 2849 mendosa
1576 2826 1657 2850 >iint-
1719 2817 1779 2847 Vix

373 2859 450 2889 wnis
472 2868 528 2892 esi.
572 2863 631 2892 Isi·
655 2861 794 2904 designat
817 2862 997 2897 libellatem,
1022 2868 1053 2891 et
1098 2861 1236 2892 videniur
1265 2861 1405 2893 dubitare
1436 2873 1534 2904 posse,
1562 2861 1635 2904 quin
1658 2860 1782 2901 scripse-

1940 1692 1943 1734 ‘2

1941 1747 1944 1779 ι

1940 1784 1944 1851 ἔ
