1947 3222
561 116 595 153 L
610 116 628 153 1
642 116 688 153 Β.
714 113 895 152 xxxn.
941 115 971 150 C
987 115 1020 151 A
1035 114 1076 152 P.
1106 115 1243 153 XXII.
1535 113 1586 160 69

167 224 359 277 coeperint
387 223 634 278 obpugnare,
656 224 700 264 in
721 223 1040 265 mediterraneas
1068 223 1222 263 scilicet
1251 237 1321 264 nos
1343 223 1457 266 urbes
1485 224 1584 265 reci·
1598 236 1639 275 U.
1655 237 1690 268 c.
1704 238 1779 270 654.

159 279 349 334 piemus?
375 287 578 334 tamquam
598 295 680 321 non
701 280 894 321 intestino
922 285 961 320 et
983 280 1161 320 haerente
1186 280 1230 319 in
1252 281 1353 332 ipsis
1372 282 1584 323 visceribus
1594 279 1638 312 Α·
1649 280 1688 313 C.
1703 281 1777 312 198.

168 352 334 379 uramur
353 338 483 378 bello?
518 337 648 386 Quum
673 344 786 379 terra
807 336 942 377 Nabis
971 343 1009 377 et
1028 337 1349 388 Lacedoemoniz·‚
1370 340 1478 379 mari
1496 340 1582 380 Ro-

166 409 288 435 mana
317 396 455 435 classis
482 395 727 449 urguebunt3
757 395 863 435 unde
883 395 1037 448 regiam
1066 395 1292 434 societatem
1322 400 1360 434 et
1377 397 1581 447 praesidia

167 452 435 492 Macedonum
457 453 683 506 inplorem?
716 466 769 492 an
792 453 874 504 ipsi
893 451 1038 492 nostris
1057 451 1179 492 armis
1197 451 1248 491 ab
1268 451 1376 491 hoste
1398 452 1582 494 Romano

165 509 387 549 tutabimur
415 509 544 560 urbes,
576 523 666 564 quae
694 509 1060 564 obpugnabantur?
1101 509 1260 562 egregie
1290 509 1392 548 enim
1423 509 1581 563 Dymas

154 567 299 620 priore
318 566 421 607 bello
440 581 569 608 sumus
589 568 727 608 tutati.
781 567 894 609 Satis
912 567 1175 619 exemplorum
1197 565 1310 607 nobis
1331 567 1477 606 alienae
1497 568 1580 607 cla-

164 624 232 663 des
252 623 459 676 praebent:
490 639 540 665 ue
560 637 796 678 quati-amus,
819 625 1142 678 quemadmodum
1169 624 1310 664 ceteris
1331 624 1580 677 exemplolsi-

164 694 258 721 mus.
319 681 475 731 Nolite,
497 684 595 735 quia
625 683 734 722 ultro
753 682 937 722 Romani
956 686 1104 734 petunt
1133 681 1370 729 amicitiam,
1393 681 1451 730 id,
1473 683 1581 734 quod

161 739 379 790 optandum
401 739 510 780 vobis
528 754 577 779 ac
594 754 744 780 summa
775 753 849 792 ope
870 739 1085 791 petendum
1106 744 1208 787 erat,
1224 738 1444 793 fastidire.
1474 745 1579 780 metu

161 796 266 836 enim
288 796 473 836 videlicet
491 798 684 850 compulsi
703 798 746 837 iu
767 798 906 837 aliena
920 802 1046 845 terra,
1065 796 1162 849 quia
1182 795 1252 836 sub
1272 795 1408 836 umbra
1426 796 1580 837 auxilii

161 853 286 893 vestri
304 854 433 893 latere
447 855 597 902 volunt,
616 855 660 894 in
679 855 905 894 societatem
925 859 1094 893 vestram
1110 853 1361 907 confugiunt,
1378 859 1422 893 ut
1435 859 1579 906 portu-

161 908 231 950 bus
246 910 384 951 vestris
405 912 672 965 recipiantur,
689 917 733 951 ut
753 909 1034 950 commeatibus
1053 916 1236 950 utantur.
1280 910 1408 950 Mare
1428 911 1470 950 in
1484 917 1578 963 pot-

159 973 286 1008 estate
299 967 446 1008 habent
453 990 468 1014 ;
492 975 637 1018 terras,
651 981 912 1021 quascumque
926 967 1090 1017 adeunt,
1104 967 1298 1019 extemplo
1313 968 1483 1008 ditionis
1496 981 1578 1008 suoe

141 1025 329 1077 faciunt.
379 1024 498 1074 Quod
514 1031 676 1079 rogant,
698 1039 836 1078 cogere
853 1029 1037 1077 possunt:
1067 1025 1163 1078 quia
1177 1025 1405 1077 pepercisse
1423 1025 1576 1075 volunt,

160 1083 401 1122 committere
415 1095 497 1130 vos,
514 1096 584 1122 cur
592 1083 787 1135 pereatis,
803 1095 884 1121 non
890 1082 1120 1134 patiuntur.
1160 1081 1264 1122 Nam
1282 1082 1389 1135 quod
1405 1082 1578 1122 Cleome-

160 1139 239 1178 don
261 1140 388 1188 modo,
410 1145 613 1193 tamquam
635 1140 805 1179 mediam
825 1145 864 1179 et
886 1139 1122 1179 tutissimam
1144 1138 1249 1179 vobis
1272 1139 1379 1179 viam
1399 1138 1574 1188 consilii,

159 1201 203 1235 ut
218 1196 471 1248 quiesceretis
483 1196 816 1250 abstineretisque
827 1197 966 1244 armis,
984 1196 1214 1237 ostendebat
1222 1218 1237 1243 ;
1266 1210 1314 1236 ea
1330 1210 1410 1236 uon
1426 1197 1574 1244 media,

156 1255 227 1293 sed
245 1254 358 1293 nulla
380 1255 448 1295 via
474 1260 544 1294 est.
603 1255 779 1303 Etenim,
797 1260 1071 1307 prceterquam
1092 1255 1198 1307 quod
1215 1259 1288 1293 aut
1317 1254 1573 1306 accipienda,

154 1316 229 1350 aut
248 1311 538 1364 adspernanda
567 1311 677 1352 vobis
696 1313 887 1353 Romana
910 1312 1080 1352 societas
1108 1317 1179 1361 est,
1202 1311 1303 1365 quid
1320 1311 1438 1351 aliud
1456 1324 1574 1364 quam

152 1381 345 1422 nusquam
369 1369 515 1423 gratia
535 1369 688 1417 stabili,
710 1370 816 1410 velut
835 1369 907 1423 qui
932 1375 1108 1409 eventum
1139 1369 1509 1422 exspectaverimus,
1529 1374 1575 1408 ut

137 1425 329 1478 fortuna²
357 1427 654 1479 adplicaremus
674 1433 812 1467 nostra
833 1427 1016 1474 consilia,
1033 1427 1182 1478 praeda
1201 1426 1367 1467 victoris
1396 1426 1572 1466 erimus?

158 1482 315 1533 Nolite,
335 1484 385 1532 si,
408 1485 513 1537 quod
540 1483 720 1524 omnibus
750 1485 853 1524 votis
875 1484 1092 1536 petendum
1114 1489 1218 1533 erat,
1239 1484 1347 1523 ultro
1377 1483 1570 1536 obfertur,

145 1537 360 1591 fastidire.
415 1541 522 1590 Non,
544 1542 873 1594 quemadmodum
892 1540 1013 1580 hodie
1032 1546 1239 1593 utrumque
1260 1539 1367 1580 vobis
1387 1540 1493 1589 licet,
1514 1541 1573 1580 sic

156 1610 311 1649 semper
338 1597 541 1637 liciturum
573 1604 643 1637 est.
679 1612 749 1638 nec
776 1611 894 1650 saepe,
927 1611 998 1637 nec
1027 1598 1098 1636 diu
1128 1598 1263 1636 eadem
1293 1597 1448 1637 occasio
1477 1597 1570 1638 erit.

155 1653 359 1694 Liberare
388 1669 454 1695 vos
474 1669 500 1694 a
524 1655 723 1707 Philippo
739 1654 907 1708 jamdiu
936 1655 1066 1707 magis
1094 1655 1227 1702 vultis,
1250 1667 1368 1707 quam
1398 1654 1572 1694 audetis.

154 1711 252 1751 Sine
265 1717 396 1752 vestro
415 1711 553 1751 labore
572 1717 610 1752 et
622 1712 808 1765 periculo
823 1712 894 1765 qui
908 1725 975 1751 vos
996 1712 1039 1750 in
1059 1711 1283 1751 libertatem
1299 1711 1570 1761 vindicarent,

151 1782 236 1807 cum
256 1769 410 1823 magnis
429 1768 619 1809 classibus
638 1769 953 1822 exercitibusque
972 1782 1079 1808 mare
1108 1767 1362 1821 trajecerunt.
1421 1768 1515 1809 Hos
1533 1770 1572 1809 si

148 1826 274 1866 socios
287 1827 608 1879 adspernamini,
625 1827 695 1867 vix
708 1839 821 1868 sance
840 1826 982 1866 mentis
1001 1826 1116 1866 estis.-
1146 1826 1227 1874 sed,
1245 1832 1318 1865 aut
1337 1825 1475 1876 socios,
1497 1832 1571 1866 aut

151 1883 280 1923 hostes
298 1883 496 1931 habeatis,
517 1889 688 1936 oportet.

212 1940 377 1981 XXII.
418 1940 657 1981 Secundum
697 1939 925 1981 orationem
965 1940 1157 1996 praetoris
1195 1954 1388 1981 murmur
1426 1948 1566 1982 ortum
1579 1954 1743 1989 Dissensio

152 1996 329 2037 aliorum
360 2012 455 2038 cum
484 1997 677 2048 adsensu,
699 1996 875 2038 aliorum
904 1996 1172 2038 inclementer
1201 1997 1478 2038 adsentientes
1507 1997 1567 2039 in-
1578 1996 1658 2029 inter
1671 1999 1718 2030 A-

153 2053 426 2109 crepantium.
458 2062 499 2095 et
515 2055 603 2110 jam
624 2069 707 2095 non
729 2053 882 2109 singuli
904 2061 1085 2104 tantum,
1108 2054 1180 2095 sed
1200 2054 1347 2110 populi
1368 2053 1566 2106 universi,
1581 2041 1693 2073 chaeos.

151 2109 261 2151 inter
293 2125 335 2151 se
369 2110 702 2152 altercabantur:
744 2118 837 2151 tum
864 2111 973 2152 inter
1004 2110 1273 2167 magistratus
1304 2111 1442 2167 gentis
1476 2111 1568 2163 (da-

152 2166 368 2222 miurgosq
388 2175 562 2209 vocant:
595 2167 737 2209 decem
758 2182 932 2208 numero
962 2170 1175 2222 creantur)
1198 2175 1406 2209 certamen
1436 2168 1567 2209 nihilo

152 2223 333 2279 segnius,
363 2239 490 2279 quam
519 2224 628 2265 inter
657 2223 988 2274 multitudinem,
1014 2240 1112 2266 esse.
1144 2225 1333 2280 quinque
1362 2224 1567 2266 relaturos

151 2295 195 2321 se
224 2281 277 2322 de
308 2281 501 2322 societate
535 2279 725 2322 Romana
753 2280 933 2331 aiebant,
960 2280 993 2305 ⁸⁵
1007 2282 1337 2337 suffragiumque
1367 2281 1563 2323 daturos:

151 2337 342 2394 quinque
372 2337 463 2401 lege
493 2346 665 2379 cautum
694 2338 972 2389 testabantur,
994 2337 1028 2362 ⁸⁶
1039 2354 1090 2379 ne
1112 2338 1231 2394 quid,
1253 2338 1396 2394 quod'
1419 2338 1565 2379 adver-

151 2409 221 2435 sus
242 2394 431 2451 Philipp1
462 2394 699 2436 societatem
720 2402 841 2444 esset,
861 2403 936 2436 aut
966 2395 1119 2436 referre
1139 2395 1468 2451 magistratibus,
1489 2404 1562 2436 aut

149 2450 368 2492 decernere
397 2451 571 2493 concilio
599 2452 672 2508 jus
701 2459 819 2493 esset.
880 2451 965 2492 Hic
995 2467 1165 2508 quoque
1195 2453 1284 2492 dies
1312 2452 1466 2508 jurgiis
1501 2460 1563 2493 est

150 2515 404 2550 consumtus.
463 2509 687 2565 Supererat
710 2523 819 2549 unus
834 2507 941 2564 justi
961 2508 1122 2550 concilii
1143 2508 1253 2549 dies:
1289 2508 1433 2560 (tertio
1453 2509 1563 2549 enim

149 2563 217 2605 lex
242 2565 421 2621 jubebat
450 2565 665 2607 decretum
695 2564 804 2619 fieri)
827 2566 870 2605 in
900 2581 1027 2621 quem
1055 2565 1160 2606 adeo
1189 2581 1378 2606 exarsere
1408 2564 1562 2614 studia,

151 2629 200 2662 ut
221 2622 292 2662 vix
313 2631 504 2678 parentes
529 2623 582 2664 ab
602 2622 742 2664 liberis
772 2621 1107 2678 temperaverint.
1169 2622 1388 2663 Rhisiasus
1411 2620 1563 2671 (Pelle-

449 2715 466 2740 ‘l
480 2712 625 2753 demiurg.
641 2711 738 2743 Gron.
755 2711 848 2744 Crev.
887 2731 891 2734 ·
934 2714 946 2731 ¹'
960 2722 995 2742 ne
1008 2712 1082 2753 quod
1094 2713 1161 2741 adv.
1177 2711 1272 2742 Gron.

198 2785 521 2827 85⁴·Suffragiumque
541 2787 676 2828 daturos]
713 2787 756 2818 Et
779 2786 836 2818 da-
924 2788 964 2818 86
989 2787 1036 2818 Ne
1060 2788 1142 2828 quid,
1169 2771 1258 2826 quod]
1302 2784 1417 2815 Mousti
1443 2794 1462 2815 a
1491 2785 1565 2816 Jac..

155 2833 239 2859 turos
265 2828 446 2870 facultatem
473 2829 591 2861 ferendi
619 2840 710 2872 super
737 2840 775 2861 ea
804 2840 836 2860 re
881 2830 1038 2862 Gronovio
1073 2829 1263 2871 reposuimus
1298 2828 1379 2867 quid,
1416 2826 1562 2865 omissum

153 2870 299 2913 suffragii.
881 2873 912 2903 in
927 2872 1145 2903 recentioribus
1159 2870 1276 2911 aliquot
1289 2869 1489 2907 editionibus²

942 2916 1015 2954 ΡΒ
