<?xml version="1.0" encoding="UTF-8"?>
<!DOCTYPE html PUBLIC "-//W3C//DTD XHTML 1.0 Transitional//EN"
    "http://www.w3.org/TR/xhtml1/DTD/xhtml1-transitional.dtd">
<html xmlns="http://www.w3.org/1999/xhtml" xml:lang="en" lang="en">
 <head>
  <title>
</title>
<meta http-equiv="Content-Type" content="text/html;charset=utf-8" />
  <meta name='ocr-system' content='tesseract 3.04.00' />
  <meta name='ocr-capabilities' content='ocr_page ocr_carea ocr_par ocr_line ocrx_word'/>
</head>
<body>
  <div class='ocr_page' id='page_1' title='image "./historiarumaburb03livyuoft_0069.png"; bbox 0 0 1947 3222; ppageno 0'>
   <div class='ocr_carea' id='block_1_1' title="bbox 102 128 1743 2061">
    <p class='ocr_par' dir='ltr' id='par_1_1' title="bbox 104 128 1712 410">
     <span class='ocr_line' id='line_1_1' title="bbox 485 128 1518 176; baseline -0.001 -6"><span class='ocrx_word' id='word_1_1' title='bbox 485 132 610 170; x_wconf 87' lang='lat' dir='ltr'><strong>LIB.</strong></span> <span class='ocrx_word' id='word_1_2' title='bbox 638 129 816 168; x_wconf 68' lang='lat' dir='ltr'>xxxn„</span> <span class='ocrx_word' id='word_1_3' title='bbox 862 128 1000 166; x_wconf 68' lang='lat' dir='ltr'>CAR</span> <span class='ocrx_word' id='word_1_4' title='bbox 1029 129 1148 167; x_wconf 76' lang='lat' dir='ltr'>xiii.</span> <span class='ocrx_word' id='word_1_5' title='bbox 1466 133 1518 176; x_wconf 85' lang='lat'>⁵9</span> 
     </span>
     <span class='ocr_line' id='line_1_2' title="bbox 107 234 1712 296; baseline -0.001 -14"><span class='ocrx_word' id='word_1_6' title='bbox 107 239 332 296; x_wconf 84' lang='lat' dir='ltr'>Triphvlia</span> <span class='ocrx_word' id='word_1_7' title='bbox 360 248 482 283; x_wconf 87' lang='lat' dir='ltr'>terrae</span> <span class='ocrx_word' id='word_1_8' title='bbox 513 238 742 280; x_wconf 84' lang='lat' dir='ltr'>Melotidis.</span> <span class='ocrx_word' id='word_1_9' title='bbox 777 236 875 279; x_wconf 87' lang='lat' dir='ltr'>inde</span> <span class='ocrx_word' id='word_1_10' title='bbox 904 244 1072 294; x_wconf 85' lang='lat' dir='ltr'>postero</span> <span class='ocrx_word' id='word_1_11' title='bbox 1101 234 1171 277; x_wconf 84' lang='lat' dir='ltr'>die</span> <span class='ocrx_word' id='word_1_12' title='bbox 1201 235 1254 289; x_wconf 69' lang='lat'>(4⁹</span> <span class='ocrx_word' id='word_1_13' title='bbox 1267 235 1411 293; x_wconf 87' lang='lat' dir='ltr'>ingens</span> <span class='ocrx_word' id='word_1_14' title='bbox 1438 238 1520 281; x_wconf 87' lang='lat' dir='ltr'>iter</span> <span class='ocrx_word' id='word_1_15' title='bbox 1537 249 1712 284; x_wconf 81' lang='lat' dir='ltr'><strong><em>U.C.554.</em></strong></span> 
     </span>
     <span class='ocr_line' id='line_1_3' title="bbox 104 286 1712 354; baseline -0.001 -14"><span class='ocrx_word' id='word_1_16' title='bbox 104 286 296 354; x_wconf 80' lang='lat' dir='ltr'>agminis,</span> <span class='ocrx_word' id='word_1_17' title='bbox 313 297 384 339; x_wconf 89' lang='lat' dir='ltr'>sed</span> <span class='ocrx_word' id='word_1_18' title='bbox 404 305 542 338; x_wconf 85' lang='lat' dir='ltr'>metus</span> <span class='ocrx_word' id='word_1_19' title='bbox 561 295 812 352; x_wconf 77' lang='lat' dir='ltr'>urguebat¹)</span> <span class='ocrx_word' id='word_1_20' title='bbox 829 293 912 336; x_wconf 85' lang='lat' dir='ltr'>⁵⁰in</span> <span class='ocrx_word' id='word_1_21' title='bbox 931 300 1116 335; x_wconf 84' lang='lat' dir='ltr'>montem</span> <span class='ocrx_word' id='word_1_22' title='bbox 1133 292 1301 349; x_wconf 90' lang='lat' dir='ltr'>Lingon</span> <span class='ocrx_word' id='word_1_23' title='bbox 1321 296 1519 350; x_wconf 85' lang='lat' dir='ltr'>perrexit.</span> <span class='ocrx_word' id='word_1_24' title='bbox 1533 294 1625 327; x_wconf 77' lang='lat' dir='ltr'><strong>A-C·</strong></span> <span class='ocrx_word' id='word_1_25' title='bbox 1638 294 1712 325; x_wconf 85' lang='lat'>198.</span> 
     </span>
     <span class='ocr_line' id='line_1_4' title="bbox 105 349 1519 410; baseline -0.001 -14"><span class='ocrx_word' id='word_1_26' title='bbox 105 354 182 410; x_wconf 87' lang='lat' dir='ltr'>ipsi</span> <span class='ocrx_word' id='word_1_27' title='bbox 212 362 373 396; x_wconf 88' lang='lat' dir='ltr'>montes</span> <span class='ocrx_word' id='word_1_28' title='bbox 392 353 516 409; x_wconf 84' lang='lat' dir='ltr'>Epiri</span> <span class='ocrx_word' id='word_1_29' title='bbox 542 361 658 404; x_wconf 87' lang='lat' dir='ltr'>sunt,</span> <span class='ocrx_word' id='word_1_30' title='bbox 678 351 885 408; x_wconf 86' lang='lat' dir='ltr'>interjecti</span> <span class='ocrx_word' id='word_1_31' title='bbox 906 349 1169 392; x_wconf 87' lang='lat' dir='ltr'>Macedoniae</span> <span class='ocrx_word' id='word_1_32' title='bbox 1191 350 1519 408; x_wconf 84' lang='lat' dir='ltr'>Thessaliaeque.</span> 
     </span>
    </p>

    <p class='ocr_par' dir='ltr' id='par_1_2' title="bbox 108 407 1523 467">
     <span class='ocr_line' id='line_1_5' title="bbox 108 407 1523 467; baseline -0.001 -15"><span class='ocrx_word' id='word_1_33' title='bbox 108 412 258 462; x_wconf 86' lang='lat' dir='ltr'>Latus,</span> <span class='ocrx_word' id='word_1_34' title='bbox 287 410 401 467; x_wconf 90' lang='lat' dir='ltr'>quod</span> <span class='ocrx_word' id='word_1_35' title='bbox 431 409 567 466; x_wconf 87' lang='lat' dir='ltr'>vergit</span> <span class='ocrx_word' id='word_1_36' title='bbox 596 410 641 451; x_wconf 91' lang='lat' dir='ltr'>in</span> <span class='ocrx_word' id='word_1_37' title='bbox 669 408 947 458; x_wconf 75' lang='lat' dir='ltr'>Thessaliam,</span> <span class='ocrx_word' id='word_1_38' title='bbox 972 407 1107 449; x_wconf 90' lang='lat' dir='ltr'>oriens</span> <span class='ocrx_word' id='word_1_39' title='bbox 1135 414 1318 463; x_wconf 87' lang='lat' dir='ltr'>spectat:</span> <span class='ocrx_word' id='word_1_40' title='bbox 1361 417 1523 463; x_wconf 88' lang='lat' dir='ltr'>septen-</span> 
     </span>
    </p>

    <p class='ocr_par' dir='ltr' id='par_1_3' title="bbox 107 463 1522 523">
     <span class='ocr_line' id='line_1_6' title="bbox 107 463 1522 523; baseline -0.002 -14"><span class='ocrx_word' id='word_1_41' title='bbox 107 467 188 509; x_wconf 90' lang='lat' dir='ltr'>trio</span> <span class='ocrx_word' id='word_1_42' title='bbox 208 483 233 509; x_wconf 88' lang='lat' dir='ltr'>a</span> <span class='ocrx_word' id='word_1_43' title='bbox 252 466 502 509; x_wconf 86' lang='lat' dir='ltr'>Macedonia</span> <span class='ocrx_word' id='word_1_44' title='bbox 521 467 732 523; x_wconf 81' lang='lat' dir='ltr'>objicitur.</span> <span class='ocrx_word' id='word_1_45' title='bbox 793 466 945 507; x_wconf 78' lang='lat' dir='ltr'>vestiti</span> <span class='ocrx_word' id='word_1_46' title='bbox 964 464 1256 520; x_wconf 85' lang='lat' dir='ltr'><strong>frequentibus</strong></span> <span class='ocrx_word' id='word_1_47' title='bbox 1278 463 1390 506; x_wconf 88' lang='lat' dir='ltr'>silvis</span> <span class='ocrx_word' id='word_1_48' title='bbox 1412 474 1522 507; x_wconf 88' lang='lat' dir='ltr'>sunt.</span> 
     </span>
    </p>

    <p class='ocr_par' dir='ltr' id='par_1_4' title="bbox 102 521 1522 581">
     <span class='ocr_line' id='line_1_7' title="bbox 102 521 1522 581; baseline -0.003 -15"><span class='ocrx_word' id='word_1_49' title='bbox 102 526 211 581; x_wconf 84' lang='lat' dir='ltr'>juga</span> <span class='ocrx_word' id='word_1_50' title='bbox 243 539 406 566; x_wconf 90' lang='lat' dir='ltr'>summa</span> <span class='ocrx_word' id='word_1_51' title='bbox 438 534 606 580; x_wconf 82' lang='lat' dir='ltr'>campos</span> <span class='ocrx_word' id='word_1_52' title='bbox 640 531 830 580; x_wconf 89' lang='lat' dir='ltr'>patentes</span> <span class='ocrx_word' id='word_1_53' title='bbox 866 537 1082 579; x_wconf 84' lang='lat' dir='ltr'>aquasque</span> <span class='ocrx_word' id='word_1_54' title='bbox 1117 535 1319 576; x_wconf 83' lang='lat' dir='ltr'>perennes</span> <span class='ocrx_word' id='word_1_55' title='bbox 1353 521 1522 563; x_wconf 90' lang='lat' dir='ltr'>habent.</span> 
     </span>
    </p>

    <p class='ocr_par' dir='ltr' id='par_1_5' title="bbox 109 577 1525 638">
     <span class='ocr_line' id='line_1_8' title="bbox 109 577 1525 638; baseline -0.003 -15"><span class='ocrx_word' id='word_1_56' title='bbox 109 582 202 633; x_wconf 64' lang='lat' dir='ltr'>Ibi,</span> <span class='ocrx_word' id='word_1_57' title='bbox 215 581 389 633; x_wconf 87' lang='lat' dir='ltr'>stativis,</span> <span class='ocrx_word' id='word_1_58' title='bbox 408 596 500 631; x_wconf 77' lang='lat' dir='ltr'>rex,</span> <span class='ocrx_word' id='word_1_59' title='bbox 521 596 598 638; x_wconf 84' lang='lat' dir='ltr'>per</span> <span class='ocrx_word' id='word_1_60' title='bbox 626 581 789 637; x_wconf 79' lang='lat' dir='ltr'>aliquot</span> <span class='ocrx_word' id='word_1_61' title='bbox 819 580 907 621; x_wconf 86' lang='lat' dir='ltr'>dies</span> <span class='ocrx_word' id='word_1_62' title='bbox 935 578 1105 629; x_wconf 84' lang='lat' dir='ltr'>habitis,</span> <span class='ocrx_word' id='word_1_63' title='bbox 1126 577 1357 620; x_wconf 89' lang='lat' dir='ltr'>fluctuatus</span> <span class='ocrx_word' id='word_1_64' title='bbox 1386 578 1525 620; x_wconf 87' lang='lat' dir='ltr'>animo</span> 
     </span>
    </p>

    <p class='ocr_par' dir='ltr' id='par_1_6' title="bbox 109 635 1526 751">
     <span class='ocr_line' id='line_1_9' title="bbox 109 635 1526 694; baseline -0.002 -15"><span class='ocrx_word' id='word_1_65' title='bbox 109 647 185 688; x_wconf 88' lang='lat' dir='ltr'>est,</span> <span class='ocrx_word' id='word_1_66' title='bbox 216 645 361 679; x_wconf 90' lang='lat' dir='ltr'>utrum</span> <span class='ocrx_word' id='word_1_67' title='bbox 394 639 587 694; x_wconf 90' lang='lat' dir='ltr'>protinus</span> <span class='ocrx_word' id='word_1_68' title='bbox 615 637 658 678; x_wconf 91' lang='lat' dir='ltr'>in</span> <span class='ocrx_word' id='word_1_69' title='bbox 689 652 865 694; x_wconf 88' lang='lat' dir='ltr'>regnum</span> <span class='ocrx_word' id='word_1_70' title='bbox 897 652 938 678; x_wconf 89' lang='lat' dir='ltr'>se</span> <span class='ocrx_word' id='word_1_71' title='bbox 967 635 1184 692; x_wconf 81' lang='lat' dir='ltr'>reciperet,</span> <span class='ocrx_word' id='word_1_72' title='bbox 1214 650 1269 677; x_wconf 84' lang='lat' dir='ltr'>an</span> <span class='ocrx_word' id='word_1_73' title='bbox 1296 635 1450 676; x_wconf 82' lang='lat' dir='ltr'>reverti</span> <span class='ocrx_word' id='word_1_74' title='bbox 1480 635 1526 677; x_wconf 88' lang='lat' dir='ltr'>in</span> 
     </span>
     <span class='ocr_line' id='line_1_10' title="bbox 110 691 1526 751; baseline -0.002 -15"><span class='ocrx_word' id='word_1_75' title='bbox 110 695 371 736; x_wconf 82' lang='lat' dir='ltr'>Thessaliam</span> <span class='ocrx_word' id='word_1_76' title='bbox 400 703 551 751; x_wconf 90' lang='lat' dir='ltr'>posset.</span> <span class='ocrx_word' id='word_1_77' title='bbox 587 694 803 736; x_wconf 89' lang='lat' dir='ltr'>inclinavit</span> <span class='ocrx_word' id='word_1_78' title='bbox 833 693 1051 743; x_wconf 87' lang='lat' dir='ltr'>sententia,</span> <span class='ocrx_word' id='word_1_79' title='bbox 1071 691 1104 716; x_wconf 78' lang='lat'>5¹</span> <span class='ocrx_word' id='word_1_80' title='bbox 1118 707 1240 734; x_wconf 89' lang='lat' dir='ltr'>suum</span> <span class='ocrx_word' id='word_1_81' title='bbox 1272 692 1315 733; x_wconf 92' lang='lat' dir='ltr'>in</span> <span class='ocrx_word' id='word_1_82' title='bbox 1344 692 1526 734; x_wconf 83' lang='lat' dir='ltr'>Thessa-</span> 
     </span>
    </p>

    <p class='ocr_par' dir='ltr' id='par_1_7' title="bbox 107 748 1526 808">
     <span class='ocr_line' id='line_1_11' title="bbox 107 748 1526 808; baseline -0.003 -15"><span class='ocrx_word' id='word_1_83' title='bbox 107 752 208 793; x_wconf 88' lang='lat' dir='ltr'>liam</span> <span class='ocrx_word' id='word_1_84' title='bbox 227 767 376 808; x_wconf 87' lang='lat' dir='ltr'>agmen</span> <span class='ocrx_word' id='word_1_85' title='bbox 401 752 658 802; x_wconf 66' lang='lat' dir='ltr'>demitterey,</span> <span class='ocrx_word' id='word_1_86' title='bbox 682 752 961 807; x_wconf 85' lang='lat' dir='ltr'>Triccamque</span> <span class='ocrx_word' id='word_1_87' title='bbox 991 749 1192 806; x_wconf 84' lang='lat' dir='ltr'>proximis</span> <span class='ocrx_word' id='word_1_88' title='bbox 1220 748 1426 790; x_wconf 89' lang='lat' dir='ltr'>limitibus</span> <span class='ocrx_word' id='word_1_89' title='bbox 1455 764 1526 805; x_wconf 93' lang='lat' dir='ltr'>pe-</span> 
     </span>
    </p>

    <p class='ocr_par' dir='ltr' id='par_1_8' title="bbox 106 805 1527 865">
     <span class='ocr_line' id='line_1_12' title="bbox 106 805 1527 865; baseline -0.003 -15"><span class='ocrx_word' id='word_1_90' title='bbox 106 808 184 851; x_wconf 82' lang='lat' dir='ltr'>tit:</span> <span class='ocrx_word' id='word_1_91' title='bbox 226 809 325 851; x_wconf 89' lang='lat' dir='ltr'>inde</span> <span class='ocrx_word' id='word_1_92' title='bbox 358 809 503 852; x_wconf 80' lang='lat' dir='ltr'>obvias</span> <span class='ocrx_word' id='word_1_93' title='bbox 536 809 663 850; x_wconf 87' lang='lat' dir='ltr'>urbes</span> <span class='ocrx_word' id='word_1_94' title='bbox 696 808 852 865; x_wconf 87' lang='lat' dir='ltr'>raptim</span> <span class='ocrx_word' id='word_1_95' title='bbox 884 806 1136 864; x_wconf 85' lang='lat' dir='ltr'>peragravit.</span> <span class='ocrx_word' id='word_1_96' title='bbox 1198 806 1418 856; x_wconf 81' lang='lat' dir='ltr'>Homines,</span> <span class='ocrx_word' id='word_1_97' title='bbox 1451 805 1527 862; x_wconf 86' lang='lat' dir='ltr'>qui</span> 
     </span>
    </p>

    <p class='ocr_par' dir='ltr' id='par_1_9' title="bbox 108 863 1528 980">
     <span class='ocr_line' id='line_1_13' title="bbox 108 863 1528 922; baseline -0.003 -14"><span class='ocrx_word' id='word_1_98' title='bbox 108 865 229 922; x_wconf 85' lang='lat' dir='ltr'>sequi</span> <span class='ocrx_word' id='word_1_99' title='bbox 257 875 441 922; x_wconf 85' lang='lat' dir='ltr'>possent,</span> <span class='ocrx_word' id='word_1_100' title='bbox 467 865 639 907; x_wconf 87' lang='lat' dir='ltr'>sedibus</span> <span class='ocrx_word' id='word_1_101' title='bbox 669 866 857 907; x_wconf 82' lang='lat' dir='ltr'>excibat:</span> <span class='ocrx_word' id='word_1_102' title='bbox 895 864 1053 920; x_wconf 88' lang='lat' dir='ltr'>oppida</span> <span class='ocrx_word' id='word_1_103' title='bbox 1081 863 1352 905; x_wconf 83' lang='lat' dir='ltr'>incendebat:</span> <span class='ocrx_word' id='word_1_104' title='bbox 1384 877 1528 904; x_wconf 86' lang='lat' dir='ltr'>rerum</span> 
     </span>
     <span class='ocr_line' id='line_1_14' title="bbox 109 919 1524 980; baseline -0.001 -16"><span class='ocrx_word' id='word_1_105' title='bbox 109 938 295 974; x_wconf 88' lang='lat' dir='ltr'>suarum,</span> <span class='ocrx_word' id='word_1_106' title='bbox 312 938 417 979; x_wconf 88' lang='lat' dir='ltr'>quas</span> <span class='ocrx_word' id='word_1_107' title='bbox 437 930 620 980; x_wconf 85' lang='lat' dir='ltr'>possent,</span> <span class='ocrx_word' id='word_1_108' title='bbox 635 922 906 963; x_wconf 87' lang='lat' dir='ltr'>ferendarum</span> <span class='ocrx_word' id='word_1_109' title='bbox 926 934 1065 961; x_wconf 91' lang='lat' dir='ltr'>secum</span> <span class='ocrx_word' id='word_1_110' title='bbox 1086 919 1264 961; x_wconf 88' lang='lat' dir='ltr'>dominis</span> <span class='ocrx_word' id='word_1_111' title='bbox 1279 921 1353 975; x_wconf 85' lang='lat' dir='ltr'>jus</span> <span class='ocrx_word' id='word_1_112' title='bbox 1372 919 1524 962; x_wconf 89' lang='lat' dir='ltr'>fiebat:</span> 
     </span>
    </p>

    <p class='ocr_par' dir='ltr' id='par_1_10' title="bbox 109 975 1529 1147">
     <span class='ocr_line' id='line_1_15' title="bbox 109 975 1528 1037; baseline -0.002 -16"><span class='ocrx_word' id='word_1_113' title='bbox 109 990 247 1021; x_wconf 89' lang='lat' dir='ltr'>cetera</span> <span class='ocrx_word' id='word_1_114' title='bbox 265 980 409 1022; x_wconf 88' lang='lat' dir='ltr'>militis</span> <span class='ocrx_word' id='word_1_115' title='bbox 438 980 584 1037; x_wconf 88' lang='lat' dir='ltr'>praeda</span> <span class='ocrx_word' id='word_1_116' title='bbox 601 987 703 1021; x_wconf 92' lang='lat' dir='ltr'>erat.</span> <span class='ocrx_word' id='word_1_117' title='bbox 734 993 824 1028; x_wconf 90' lang='lat' dir='ltr'>nec,</span> <span class='ocrx_word' id='word_1_118' title='bbox 846 976 963 1033; x_wconf 94' lang='lat' dir='ltr'>quod</span> <span class='ocrx_word' id='word_1_119' title='bbox 983 977 1036 1017; x_wconf 87' lang='lat' dir='ltr'>ab</span> <span class='ocrx_word' id='word_1_120' title='bbox 1057 976 1175 1017; x_wconf 90' lang='lat' dir='ltr'>hoste</span> <span class='ocrx_word' id='word_1_121' title='bbox 1196 975 1409 1017; x_wconf 86' lang='lat' dir='ltr'>crudelius</span> <span class='ocrx_word' id='word_1_122' title='bbox 1437 977 1528 1032; x_wconf 87' lang='lat' dir='ltr'>pati</span> 
     </span>
     <span class='ocr_line' id='line_1_16' title="bbox 110 1033 1529 1092; baseline -0.004 -14"><span class='ocrx_word' id='word_1_123' title='bbox 110 1045 293 1092; x_wconf 87' lang='lat' dir='ltr'>possent,</span> <span class='ocrx_word' id='word_1_124' title='bbox 323 1036 477 1092; x_wconf 83' lang='lat' dir='ltr'>reliqui</span> <span class='ocrx_word' id='word_1_125' title='bbox 511 1035 747 1092; x_wconf 87' lang='lat' dir='ltr'>quidquam</span> <span class='ocrx_word' id='word_1_126' title='bbox 781 1033 880 1084; x_wconf 87' lang='lat' dir='ltr'>fuit,</span> <span class='ocrx_word' id='word_1_127' title='bbox 916 1048 1045 1089; x_wconf 89' lang='lat' dir='ltr'>quam</span> <span class='ocrx_word' id='word_1_128' title='bbox 1079 1048 1178 1089; x_wconf 82' lang='lat' dir='ltr'>quae</span> <span class='ocrx_word' id='word_1_129' title='bbox 1210 1033 1263 1074; x_wconf 88' lang='lat' dir='ltr'>ab</span> <span class='ocrx_word' id='word_1_130' title='bbox 1298 1033 1420 1074; x_wconf 88' lang='lat' dir='ltr'>sociis</span> <span class='ocrx_word' id='word_1_131' title='bbox 1454 1049 1529 1090; x_wconf 60' lang='lat' dir='ltr'>pap</span> 
     </span>
     <span class='ocr_line' id='line_1_17' title="bbox 109 1090 1528 1147; baseline -0.002 -12"><span class='ocrx_word' id='word_1_132' title='bbox 109 1093 333 1135; x_wconf 88' lang='lat' dir='ltr'>tiebantur.</span> <span class='ocrx_word' id='word_1_133' title='bbox 394 1095 503 1134; x_wconf 84' lang='lat' dir='ltr'>Haec</span> <span class='ocrx_word' id='word_1_134' title='bbox 532 1093 657 1134; x_wconf 87' lang='lat' dir='ltr'>etiam</span> <span class='ocrx_word' id='word_1_135' title='bbox 686 1092 856 1133; x_wconf 84' lang='lat' dir='ltr'>facienti</span> <span class='ocrx_word' id='word_1_136' title='bbox 887 1090 1086 1147; x_wconf 80' lang='lat' dir='ltr'>Philippo</span> <span class='ocrx_word' id='word_1_137' title='bbox 1113 1090 1262 1132; x_wconf 87' lang='lat' dir='ltr'>acerba</span> <span class='ocrx_word' id='word_1_138' title='bbox 1290 1098 1423 1141; x_wconf 88' lang='lat' dir='ltr'>erant,</span> <span class='ocrx_word' id='word_1_139' title='bbox 1454 1090 1528 1132; x_wconf 90' lang='lat' dir='ltr'>sed</span> 
     </span>
    </p>

    <p class='ocr_par' dir='ltr' id='par_1_11' title="bbox 109 1146 1529 1204">
     <span class='ocr_line' id='line_1_18' title="bbox 109 1146 1529 1204; baseline -0.004 -12"><span class='ocrx_word' id='word_1_140' title='bbox 109 1165 132 1191; x_wconf 91' lang='lat' dir='ltr'>e</span> <span class='ocrx_word' id='word_1_141' title='bbox 162 1158 286 1201; x_wconf 87' lang='lat' dir='ltr'>terra,</span> <span class='ocrx_word' id='word_1_142' title='bbox 307 1165 406 1191; x_wconf 84' lang='lat' dir='ltr'>mox</span> <span class='ocrx_word' id='word_1_143' title='bbox 435 1150 583 1191; x_wconf 88' lang='lat' dir='ltr'>futura</span> <span class='ocrx_word' id='word_1_144' title='bbox 610 1149 811 1200; x_wconf 89' lang='lat' dir='ltr'>hostium,</span> <span class='ocrx_word' id='word_1_145' title='bbox 833 1163 1008 1204; x_wconf 88' lang='lat' dir='ltr'>corpora</span> <span class='ocrx_word' id='word_1_146' title='bbox 1037 1147 1181 1188; x_wconf 88' lang='lat' dir='ltr'>saltem</span> <span class='ocrx_word' id='word_1_147' title='bbox 1212 1146 1372 1203; x_wconf 87' lang='lat' dir='ltr'>eripere</span> <span class='ocrx_word' id='word_1_148' title='bbox 1400 1147 1529 1188; x_wconf 81' lang='lat' dir='ltr'>socio-</span> 
     </span>
    </p>

    <p class='ocr_par' dir='ltr' id='par_1_12' title="bbox 108 1203 1743 2002">
     <span class='ocr_line' id='line_1_19' title="bbox 108 1203 1527 1262; baseline -0.001 -15"><span class='ocrx_word' id='word_1_149' title='bbox 108 1221 203 1247; x_wconf 88' lang='lat' dir='ltr'>rum</span> <span class='ocrx_word' id='word_1_150' title='bbox 238 1207 416 1249; x_wconf 83' lang='lat' dir='ltr'>volebat.</span> <span class='ocrx_word' id='word_1_151' title='bbox 459 1207 520 1249; x_wconf 89' lang='lat' dir='ltr'>ita</span> <span class='ocrx_word' id='word_1_152' title='bbox 552 1214 739 1248; x_wconf 88' lang='lat' dir='ltr'>evastata</span> <span class='ocrx_word' id='word_1_153' title='bbox 773 1214 871 1247; x_wconf 89' lang='lat' dir='ltr'>sunt</span> <span class='ocrx_word' id='word_1_154' title='bbox 905 1204 1076 1262; x_wconf 86' lang='lat' dir='ltr'>oppida,</span> <span class='ocrx_word' id='word_1_155' title='bbox 1110 1203 1331 1255; x_wconf 86' lang='lat' dir='ltr'>Phacium,</span> <span class='ocrx_word' id='word_1_156' title='bbox 1368 1204 1527 1256; x_wconf 83' lang='lat' dir='ltr'>Iresiae,</span> 
     </span>
     <span class='ocr_line' id='line_1_20' title="bbox 109 1261 1527 1320; baseline -0.001 -16"><span class='ocrx_word' id='word_1_157' title='bbox 109 1263 396 1320; x_wconf 84' lang='lat' dir='ltr'>Euhydrium,</span> <span class='ocrx_word' id='word_1_158' title='bbox 419 1264 601 1315; x_wconf 87' lang='lat' dir='ltr'>Eretria,</span> <span class='ocrx_word' id='word_1_159' title='bbox 629 1263 938 1320; x_wconf 82' lang='lat' dir='ltr'>Palaepharus².</span> <span class='ocrx_word' id='word_1_160' title='bbox 998 1261 1158 1304; x_wconf 87' lang='lat' dir='ltr'>Pheras</span> <span class='ocrx_word' id='word_1_161' title='bbox 1186 1276 1321 1317; x_wconf 90' lang='lat' dir='ltr'>quum</span> <span class='ocrx_word' id='word_1_162' title='bbox 1350 1269 1527 1317; x_wconf 88' lang='lat' dir='ltr'>peteret,</span> 
     </span>
     <span class='ocr_line' id='line_1_21' title="bbox 109 1318 1528 1377; baseline -0.001 -16"><span class='ocrx_word' id='word_1_163' title='bbox 109 1320 318 1372; x_wconf 81' lang='lat' dir='ltr'>exclusus,</span> <span class='ocrx_word' id='word_1_164' title='bbox 352 1322 455 1377; x_wconf 90' lang='lat' dir='ltr'>quia</span> <span class='ocrx_word' id='word_1_165' title='bbox 484 1336 550 1363; x_wconf 88' lang='lat' dir='ltr'>res</span> <span class='ocrx_word' id='word_1_166' title='bbox 590 1321 738 1377; x_wconf 84' lang='lat' dir='ltr'>egebat</span> <span class='ocrx_word' id='word_1_167' title='bbox 772 1335 906 1370; x_wconf 88' lang='lat' dir='ltr'>mora,</span> <span class='ocrx_word' id='word_1_168' title='bbox 937 1318 971 1360; x_wconf 86' lang='lat' dir='ltr'>si</span> <span class='ocrx_word' id='word_1_169' title='bbox 1003 1333 1246 1374; x_wconf 79' lang='lat' dir='ltr'>expugnare</span> <span class='ocrx_word' id='word_1_170' title='bbox 1280 1318 1421 1368; x_wconf 80' lang='lat' dir='ltr'>vellet,</span> <span class='ocrx_word' id='word_1_171' title='bbox 1452 1333 1528 1360; x_wconf 91' lang='lat' dir='ltr'>nec</span> 
     </span>
     <span class='ocr_line' id='line_1_22' title="bbox 110 1375 1743 1434; baseline -0.002 -16"><span class='ocrx_word' id='word_1_172' title='bbox 110 1385 276 1434; x_wconf 90' lang='lat' dir='ltr'>tempus</span> <span class='ocrx_word' id='word_1_173' title='bbox 309 1387 413 1429; x_wconf 89' lang='lat' dir='ltr'>erat,</span> <span class='ocrx_word' id='word_1_174' title='bbox 447 1378 597 1419; x_wconf 88' lang='lat' dir='ltr'>omisso</span> <span class='ocrx_word' id='word_1_175' title='bbox 631 1378 812 1434; x_wconf 91' lang='lat' dir='ltr'>incepto,</span> <span class='ocrx_word' id='word_1_176' title='bbox 847 1377 892 1418; x_wconf 88' lang='lat' dir='ltr'>in</span> <span class='ocrx_word' id='word_1_177' title='bbox 928 1375 1222 1417; x_wconf 81' lang='lat' dir='ltr'>Macedoniam</span> <span class='ocrx_word' id='word_1_178' title='bbox 1258 1375 1526 1417; x_wconf 88' lang='lat' dir='ltr'>transcendit.</span> <span class='ocrx_word' id='word_1_179' title='bbox 1542 1388 1613 1420; x_wconf 85' lang='lat' dir='ltr'>Rex</span> <span class='ocrx_word' id='word_1_180' title='bbox 1626 1388 1657 1420; x_wconf 87' lang='lat' dir='ltr'>in</span> <span class='ocrx_word' id='word_1_181' title='bbox 1668 1390 1743 1420; x_wconf 83' lang='lat' dir='ltr'>Ma.</span> 
     </span>
     <span class='ocr_line' id='line_1_23' title="bbox 109 1431 1704 1491; baseline -0.001 -16"><span class='ocrx_word' id='word_1_182' title='bbox 109 1434 218 1476; x_wconf 89' lang='lat' dir='ltr'>Nam</span> <span class='ocrx_word' id='word_1_183' title='bbox 250 1434 376 1477; x_wconf 85' lang='lat' dir='ltr'>etiam</span> <span class='ocrx_word' id='word_1_184' title='bbox 407 1436 574 1477; x_wconf 59' lang='lat' dir='ltr'>EEtolos</span> <span class='ocrx_word' id='word_1_185' title='bbox 603 1433 940 1491; x_wconf 88' lang='lat' dir='ltr'>adpropinquare</span> <span class='ocrx_word' id='word_1_186' title='bbox 974 1433 1087 1475; x_wconf 86' lang='lat' dir='ltr'>fama</span> <span class='ocrx_word' id='word_1_187' title='bbox 1117 1440 1218 1474; x_wconf 88' lang='lat' dir='ltr'>erat.</span> <span class='ocrx_word' id='word_1_188' title='bbox 1260 1433 1350 1488; x_wconf 89' lang='lat' dir='ltr'>qui,</span> <span class='ocrx_word' id='word_1_189' title='bbox 1381 1433 1528 1474; x_wconf 89' lang='lat' dir='ltr'>audito</span> <span class='ocrx_word' id='word_1_190' title='bbox 1542 1431 1704 1480; x_wconf 71' lang='lat' dir='ltr'>cedpniam</span> 
     </span>
     <span class='ocr_line' id='line_1_24' title="bbox 109 1475 1720 1550; baseline -0.001 -18"><span class='ocrx_word' id='word_1_191' title='bbox 109 1492 273 1547; x_wconf 86' lang='lat' dir='ltr'>proelio,</span> <span class='ocrx_word' id='word_1_192' title='bbox 310 1493 427 1549; x_wconf 92' lang='lat' dir='ltr'>quod</span> <span class='ocrx_word' id='word_1_193' title='bbox 463 1493 573 1533; x_wconf 88' lang='lat' dir='ltr'>circa</span> <span class='ocrx_word' id='word_1_194' title='bbox 611 1506 775 1533; x_wconf 88' lang='lat' dir='ltr'>amnem</span> <span class='ocrx_word' id='word_1_195' title='bbox 815 1493 962 1531; x_wconf 84' lang='lat' dir='ltr'>Aoum</span> <span class='ocrx_word' id='word_1_196' title='bbox 993 1490 1155 1530; x_wconf 84' lang='lat' dir='ltr'>factum</span> <span class='ocrx_word' id='word_1_197' title='bbox 1189 1498 1294 1539; x_wconf 86' lang='lat' dir='ltr'>erat,</span> <span class='ocrx_word' id='word_1_198' title='bbox 1326 1489 1528 1545; x_wconf 84' lang='lat' dir='ltr'>proximis</span> <span class='ocrx_word' id='word_1_199' title='bbox 1540 1475 1720 1550; x_wconf 46' lang='lat' dir='ltr'>{iiiiiivas-</span> 
     </span>
     <span class='ocr_line' id='line_1_25' title="bbox 110 1545 1720 1604; baseline -0.003 -15"><span class='ocrx_word' id='word_1_200' title='bbox 110 1549 229 1604; x_wconf 91' lang='lat' dir='ltr'>prius</span> <span class='ocrx_word' id='word_1_201' title='bbox 259 1549 454 1591; x_wconf 86' lang='lat' dir='ltr'>evastatis</span> <span class='ocrx_word' id='word_1_202' title='bbox 490 1549 598 1589; x_wconf 89' lang='lat' dir='ltr'>circa</span> <span class='ocrx_word' id='word_1_203' title='bbox 634 1547 852 1604; x_wconf 88' lang='lat' dir='ltr'>Sperchias</span> <span class='ocrx_word' id='word_1_204' title='bbox 887 1555 928 1588; x_wconf 90' lang='lat' dir='ltr'>et</span> <span class='ocrx_word' id='word_1_205' title='bbox 964 1547 1141 1586; x_wconf 83' lang='lat' dir='ltr'>Macran</span> <span class='ocrx_word' id='word_1_206' title='bbox 1174 1545 1320 1601; x_wconf 89' lang='lat' dir='ltr'>(quam</span> <span class='ocrx_word' id='word_1_207' title='bbox 1355 1549 1525 1601; x_wconf 88' lang='lat' dir='ltr'>vocant)</span> <span class='ocrx_word' id='word_1_208' title='bbox 1540 1567 1608 1592; x_wconf 82' lang='lat' dir='ltr'>tant</span> <span class='ocrx_word' id='word_1_209' title='bbox 1623 1561 1720 1592; x_wconf 85' lang='lat' dir='ltr'>Thes-</span> 
     </span>
     <span class='ocr_line' id='line_1_26' title="bbox 115 1602 1660 1661; baseline -0.001 -15"><span class='ocrx_word' id='word_1_210' title='bbox 115 1606 286 1656; x_wconf 88' lang='lat' dir='ltr'>Comen,</span> <span class='ocrx_word' id='word_1_211' title='bbox 309 1605 552 1661; x_wconf 82' lang='lat' dir='ltr'>transgressi</span> <span class='ocrx_word' id='word_1_212' title='bbox 582 1605 680 1646; x_wconf 89' lang='lat' dir='ltr'>inde</span> <span class='ocrx_word' id='word_1_213' title='bbox 708 1605 752 1645; x_wconf 89' lang='lat' dir='ltr'>in</span> <span class='ocrx_word' id='word_1_214' title='bbox 775 1603 1051 1653; x_wconf 86' lang='lat' dir='ltr'>Thessaliam,</span> <span class='ocrx_word' id='word_1_215' title='bbox 1075 1602 1274 1659; x_wconf 87' lang='lat' dir='ltr'>Cymines</span> <span class='ocrx_word' id='word_1_216' title='bbox 1294 1612 1336 1644; x_wconf 83' lang='lat' dir='ltr'>et</span> <span class='ocrx_word' id='word_1_217' title='bbox 1357 1603 1529 1658; x_wconf 83' lang='lat' dir='ltr'>Angeas</span> <span class='ocrx_word' id='word_1_218' title='bbox 1540 1604 1660 1636; x_wconf 83' lang='lat' dir='ltr'>saliam.</span> 
     </span>
     <span class='ocr_line' id='line_1_27' title="bbox 112 1658 1527 1719; baseline 0 -17"><span class='ocrx_word' id='word_1_219' title='bbox 112 1662 248 1717; x_wconf 89' lang='lat' dir='ltr'>primo</span> <span class='ocrx_word' id='word_1_220' title='bbox 276 1663 424 1719; x_wconf 90' lang='lat' dir='ltr'>inpetu</span> <span class='ocrx_word' id='word_1_221' title='bbox 453 1662 578 1718; x_wconf 86' lang='lat' dir='ltr'>potiti</span> <span class='ocrx_word' id='word_1_222' title='bbox 603 1669 713 1703; x_wconf 89' lang='lat' dir='ltr'>sunt.</span> <span class='ocrx_word' id='word_1_223' title='bbox 745 1676 770 1702; x_wconf 89' lang='lat' dir='ltr'>a</span> <span class='ocrx_word' id='word_1_224' title='bbox 791 1659 1036 1716; x_wconf 90' lang='lat' dir='ltr'>Metropoli,</span> <span class='ocrx_word' id='word_1_225' title='bbox 1059 1658 1164 1700; x_wconf 90' lang='lat' dir='ltr'>dum</span> <span class='ocrx_word' id='word_1_226' title='bbox 1194 1667 1359 1701; x_wconf 88' lang='lat' dir='ltr'>vastant</span> <span class='ocrx_word' id='word_1_227' title='bbox 1390 1675 1527 1715; x_wconf 89' lang='lat' dir='ltr'>agros,</span> 
     </span>
     <span class='ocr_line' id='line_1_28' title="bbox 111 1715 1527 1775; baseline -0.001 -15"><span class='ocrx_word' id='word_1_228' title='bbox 111 1734 316 1760; x_wconf 88' lang='lat' dir='ltr'>concursu</span> <span class='ocrx_word' id='word_1_229' title='bbox 336 1719 643 1775; x_wconf 89' lang='lat' dir='ltr'>oppidanorum</span> <span class='ocrx_word' id='word_1_230' title='bbox 663 1718 716 1758; x_wconf 93' lang='lat' dir='ltr'>ad</span> <span class='ocrx_word' id='word_1_231' title='bbox 738 1717 896 1759; x_wconf 90' lang='lat' dir='ltr'>tuenda</span> <span class='ocrx_word' id='word_1_232' title='bbox 915 1717 1070 1757; x_wconf 85' lang='lat' dir='ltr'>moenia</span> <span class='ocrx_word' id='word_1_233' title='bbox 1088 1715 1395 1772; x_wconf 66' lang='lat' dir='ltr'>facto,&#39;repulsi</span> <span class='ocrx_word' id='word_1_234' title='bbox 1416 1726 1527 1759; x_wconf 91' lang='lat' dir='ltr'>sunt.</span> 
     </span>
     <span class='ocr_line' id='line_1_29' title="bbox 113 1772 1529 1831; baseline -0.001 -15"><span class='ocrx_word' id='word_1_235' title='bbox 113 1775 342 1817; x_wconf 88' lang='lat' dir='ltr'>Callithera</span> <span class='ocrx_word' id='word_1_236' title='bbox 360 1776 458 1817; x_wconf 89' lang='lat' dir='ltr'>inde</span> <span class='ocrx_word' id='word_1_237' title='bbox 478 1775 679 1831; x_wconf 84' lang='lat' dir='ltr'>adgressi,</span> <span class='ocrx_word' id='word_1_238' title='bbox 702 1774 876 1816; x_wconf 88' lang='lat' dir='ltr'>similem</span> <span class='ocrx_word' id='word_1_239' title='bbox 895 1774 1088 1830; x_wconf 89' lang='lat' dir='ltr'>inpetum</span> <span class='ocrx_word' id='word_1_240' title='bbox 1108 1772 1416 1830; x_wconf 85' lang='lat' dir='ltr'>oppidanorum</span> <span class='ocrx_word' id='word_1_241' title='bbox 1437 1789 1529 1830; x_wconf 90' lang='lat' dir='ltr'>per-</span> 
     </span>
     <span class='ocr_line' id='line_1_30' title="bbox 110 1830 1531 1889; baseline 0 -17"><span class='ocrx_word' id='word_1_242' title='bbox 110 1831 289 1874; x_wconf 88' lang='lat' dir='ltr'>tinacius</span> <span class='ocrx_word' id='word_1_243' title='bbox 320 1831 977 1889; x_wconf 11' lang='lat' dir='ltr'>sustinuerunt:,com-pulsisque</span> <span class='ocrx_word' id='word_1_244' title='bbox 1005 1830 1117 1871; x_wconf 89' lang='lat' dir='ltr'>intra</span> <span class='ocrx_word' id='word_1_245' title='bbox 1143 1830 1310 1881; x_wconf 88' lang='lat' dir='ltr'>moenia,</span> <span class='ocrx_word' id='word_1_246' title='bbox 1333 1831 1406 1885; x_wconf 91' lang='lat' dir='ltr'>qui</span> <span class='ocrx_word' id='word_1_247' title='bbox 1436 1846 1531 1872; x_wconf 91' lang='lat' dir='ltr'>eru-</span> 
     </span>
     <span class='ocr_line' id='line_1_31' title="bbox 110 1887 1530 1945; baseline 0 -16"><span class='ocrx_word' id='word_1_248' title='bbox 110 1898 273 1945; x_wconf 84' lang='lat' dir='ltr'>perant,</span> <span class='ocrx_word' id='word_1_249' title='bbox 295 1890 479 1932; x_wconf 90' lang='lat' dir='ltr'>contenti</span> <span class='ocrx_word' id='word_1_250' title='bbox 509 1905 557 1931; x_wconf 89' lang='lat' dir='ltr'>ea</span> <span class='ocrx_word' id='word_1_251' title='bbox 585 1890 775 1940; x_wconf 86' lang='lat' dir='ltr'>victoria,</span> <span class='ocrx_word' id='word_1_252' title='bbox 801 1889 903 1945; x_wconf 88' lang='lat' dir='ltr'>quia</span> <span class='ocrx_word' id='word_1_253' title='bbox 932 1903 1024 1945; x_wconf 90' lang='lat' dir='ltr'>spes</span> <span class='ocrx_word' id='word_1_254' title='bbox 1053 1887 1170 1928; x_wconf 86' lang='lat' dir='ltr'>nulla</span> <span class='ocrx_word' id='word_1_255' title='bbox 1200 1887 1429 1929; x_wconf 88' lang='lat' dir='ltr'>admodum</span> <span class='ocrx_word' id='word_1_256' title='bbox 1459 1904 1530 1929; x_wconf 85' lang='lat' dir='ltr'>ex-</span> 
     </span>
     <span class='ocr_line' id='line_1_32' title="bbox 111 1944 1530 2002; baseline -0.001 -15"><span class='ocrx_word' id='word_1_257' title='bbox 111 1947 328 2002; x_wconf 76' lang='lat' dir='ltr'>pugnandi</span> <span class='ocrx_word' id='word_1_258' title='bbox 350 1955 453 1999; x_wconf 90' lang='lat' dir='ltr'>erat,</span> <span class='ocrx_word' id='word_1_259' title='bbox 470 1947 771 1989; x_wconf 87' lang='lat' dir='ltr'>abscesserunt.</span> <span class='ocrx_word' id='word_1_260' title='bbox 818 1946 1015 1987; x_wconf 90' lang='lat' dir='ltr'>Theuma</span> <span class='ocrx_word' id='word_1_261' title='bbox 1034 1944 1132 1985; x_wconf 87' lang='lat' dir='ltr'>inde</span> <span class='ocrx_word' id='word_1_262' title='bbox 1153 1952 1194 1985; x_wconf 92' lang='lat' dir='ltr'>et</span> <span class='ocrx_word' id='word_1_263' title='bbox 1217 1944 1449 1986; x_wconf 88' lang='lat' dir='ltr'>Calathana</span> <span class='ocrx_word' id='word_1_264' title='bbox 1468 1946 1530 1986; x_wconf 91' lang='lat' dir='ltr'>vi-</span> 
     </span>
    </p>

    <p class='ocr_par' dir='ltr' id='par_1_13' title="bbox 111 2001 1530 2061">
     <span class='ocr_line' id='line_1_33' title="bbox 111 2001 1530 2061; baseline -0.001 -18"><span class='ocrx_word' id='word_1_265' title='bbox 111 2017 181 2044; x_wconf 88' lang='lat' dir='ltr'>cos</span> <span class='ocrx_word' id='word_1_266' title='bbox 201 2013 445 2061; x_wconf 81' lang='lat' dir='ltr'>expugnant</span> <span class='ocrx_word' id='word_1_267' title='bbox 473 2004 776 2061; x_wconf 87' lang='lat' dir='ltr'>diripiuntque.</span> <span class='ocrx_word' id='word_1_268' title='bbox 837 2003 1049 2044; x_wconf 88' lang='lat' dir='ltr'>Acharras</span> <span class='ocrx_word' id='word_1_269' title='bbox 1061 2006 1077 2022; x_wconf 72' lang='lat'>²³</span> <span class='ocrx_word' id='word_1_270' title='bbox 1096 2016 1171 2058; x_wconf 89' lang='lat' dir='ltr'>per</span> <span class='ocrx_word' id='word_1_271' title='bbox 1191 2001 1446 2043; x_wconf 87' lang='lat' dir='ltr'>deditionem</span> <span class='ocrx_word' id='word_1_272' title='bbox 1467 2018 1530 2043; x_wconf 89' lang='lat' dir='ltr'>re-</span> 
     </span>
    </p>
   </div>
   <div class='ocr_carea' id='block_1_2' title="bbox 109 2069 322 2117">
    <p class='ocr_par' dir='ltr' id='par_1_14' title="bbox 109 2069 322 2117">
     <span class='ocr_line' id='line_1_34' title="bbox 109 2069 322 2117; baseline 0.009 -17"><span class='ocrx_word' id='word_1_273' title='bbox 109 2069 322 2117; x_wconf 88' lang='lat' dir='ltr'>ceperunt.</span> 
     </span>
    </p>
   </div>
   <div class='ocr_carea' id='block_1_3' title="bbox 155 2158 1158 2243">
    <p class='ocr_par' dir='ltr' id='par_1_15' title="bbox 155 2158 1158 2243">
     <span class='ocr_line' id='line_1_35' title="bbox 155 2158 1158 2202; baseline -0.001 -12"><span class='ocrx_word' id='word_1_274' title='bbox 155 2162 174 2181; x_wconf 69' lang='lat' dir='ltr'>x</span> <span class='ocrx_word' id='word_1_275' title='bbox 187 2161 234 2190; x_wconf 79' lang='lat' dir='ltr'>die</span> <span class='ocrx_word' id='word_1_276' title='bbox 248 2161 361 2202; x_wconf 70' lang='lat' dir='ltr'>ingenti</span> <span class='ocrx_word' id='word_1_277' title='bbox 376 2162 478 2192; x_wconf 77' lang='lat' dir='ltr'>itinere</span> <span class='ocrx_word' id='word_1_278' title='bbox 493 2163 617 2202; x_wconf 77' lang='lat' dir='ltr'>agminis</span> <span class='ocrx_word' id='word_1_279' title='bbox 630 2165 675 2202; x_wconf 84' lang='lat' dir='ltr'>(et</span> <span class='ocrx_word' id='word_1_280' title='bbox 690 2168 782 2192; x_wconf 81' lang='lat' dir='ltr'>metus</span> <span class='ocrx_word' id='word_1_281' title='bbox 796 2159 934 2202; x_wconf 75' lang='lat' dir='ltr'>urgebat)</span> <span class='ocrx_word' id='word_1_282' title='bbox 950 2160 1049 2192; x_wconf 88' lang='lat' dir='ltr'>Gron.</span> <span class='ocrx_word' id='word_1_283' title='bbox 1066 2158 1158 2190; x_wconf 72' lang='lat' dir='ltr'>Crev-</span> 
     </span>
     <span class='ocr_line' id='line_1_36' title="bbox 527 2204 922 2243; baseline -0.005 -7"><span class='ocrx_word' id='word_1_284' title='bbox 527 2207 542 2224; x_wconf 85' lang='lat' dir='ltr'>a</span> <span class='ocrx_word' id='word_1_285' title='bbox 557 2205 703 2243; x_wconf 76' lang='lat' dir='ltr'>Acharras,</span> <span class='ocrx_word' id='word_1_286' title='bbox 715 2204 813 2236; x_wconf 90' lang='lat' dir='ltr'>Gron.</span> <span class='ocrx_word' id='word_1_287' title='bbox 829 2204 922 2235; x_wconf 86' lang='lat' dir='ltr'>Crev.</span> 
     </span>
    </p>
   </div>
   <div class='ocr_carea' id='block_1_4' title="bbox 111 2202 442 2243">
    <p class='ocr_par' dir='ltr' id='par_1_16' title="bbox 111 2202 442 2243">
     <span class='ocr_line' id='line_1_37' title="bbox 111 2202 442 2243; baseline 0.009 -11"><span class='ocrx_word' id='word_1_288' title='bbox 111 2205 130 2222; x_wconf 84' lang='lat'>2</span> <span class='ocrx_word' id='word_1_289' title='bbox 146 2202 334 2243; x_wconf 78' lang='lat' dir='ltr'>Palaephatus</span> <span class='ocrx_word' id='word_1_290' title='bbox 349 2204 442 2235; x_wconf 85' lang='lat' dir='ltr'>Crev.</span> 
     </span>
    </p>
   </div>
   <div class='ocr_carea' id='block_1_5' title="bbox 109 2288 805 2931">
    <p class='ocr_par' dir='ltr' id='par_1_17' title="bbox 109 2288 804 2579">
     <span class='ocr_line' id='line_1_38' title="bbox 115 2288 799 2331; baseline 0 -12"><span class='ocrx_word' id='word_1_291' title='bbox 115 2289 179 2320; x_wconf 79' lang='lat' dir='ltr'>lotis</span> <span class='ocrx_word' id='word_1_292' title='bbox 200 2295 302 2320; x_wconf 85' lang='lat' dir='ltr'>autem</span> <span class='ocrx_word' id='word_1_293' title='bbox 325 2300 439 2321; x_wconf 86' lang='lat' dir='ltr'>nomen</span> <span class='ocrx_word' id='word_1_294' title='bbox 462 2294 510 2320; x_wconf 88' lang='lat' dir='ltr'>est</span> <span class='ocrx_word' id='word_1_295' title='bbox 535 2288 729 2331; x_wconf 81' lang='lat' dir='ltr'>Geographis</span> <span class='ocrx_word' id='word_1_296' title='bbox 753 2288 799 2330; x_wconf 83' lang='lat' dir='ltr'>ig-</span> 
     </span>
     <span class='ocr_line' id='line_1_39' title="bbox 114 2332 799 2364; baseline 0.001 -3"><span class='ocrx_word' id='word_1_297' title='bbox 114 2337 233 2363; x_wconf 87' lang='lat' dir='ltr'>notum.</span> <span class='ocrx_word' id='word_1_298' title='bbox 284 2332 460 2364; x_wconf 86' lang='lat' dir='ltr'>Gronovius</span> <span class='ocrx_word' id='word_1_299' title='bbox 487 2332 633 2363; x_wconf 85' lang='lat' dir='ltr'>emendat</span> <span class='ocrx_word' id='word_1_300' title='bbox 661 2342 699 2363; x_wconf 89' lang='lat' dir='ltr'>ex</span> <span class='ocrx_word' id='word_1_301' title='bbox 727 2342 799 2363; x_wconf 80' lang='lat' dir='ltr'>eon-</span> 
     </span>
     <span class='ocr_line' id='line_1_40' title="bbox 109 2374 801 2416; baseline -0.001 -10"><span class='ocrx_word' id='word_1_302' title='bbox 109 2374 249 2415; x_wconf 81' lang='lat' dir='ltr'>jectura:</span> <span class='ocrx_word' id='word_1_303' title='bbox 288 2376 383 2407; x_wconf 79' lang='lat' dir='ltr'>Locus</span> <span class='ocrx_word' id='word_1_304' title='bbox 418 2387 502 2416; x_wconf 81' lang='lat' dir='ltr'>quem</span> <span class='ocrx_word' id='word_1_305' title='bbox 535 2378 579 2406; x_wconf 82' lang='lat' dir='ltr'>ila</span> <span class='ocrx_word' id='word_1_306' title='bbox 616 2381 727 2410; x_wconf 83' lang='lat' dir='ltr'>vocant,</span> <span class='ocrx_word' id='word_1_307' title='bbox 761 2381 801 2405; x_wconf 80' lang='lat' dir='ltr'>cst</span> 
     </span>
     <span class='ocr_line' id='line_1_41' title="bbox 114 2418 801 2459; baseline 0.003 -12"><span class='ocrx_word' id='word_1_308' title='bbox 114 2419 332 2459; x_wconf 75' lang='lat' dir='ltr'>Stymphaliam</span> <span class='ocrx_word' id='word_1_309' title='bbox 380 2420 457 2449; x_wconf 76' lang='lat' dir='ltr'>inter</span> <span class='ocrx_word' id='word_1_310' title='bbox 511 2425 538 2449; x_wconf 79' lang='lat' dir='ltr'>et</span> <span class='ocrx_word' id='word_1_311' title='bbox 594 2418 801 2449; x_wconf 79' lang='lat' dir='ltr'>Elimiolidem.</span> 
     </span>
     <span class='ocr_line' id='line_1_42' title="bbox 116 2461 801 2502; baseline 0 -11"><span class='ocrx_word' id='word_1_312' title='bbox 116 2461 311 2502; x_wconf 77' lang='lat' dir='ltr'>Stymphalia</span> <span class='ocrx_word' id='word_1_313' title='bbox 338 2467 369 2492; x_wconf 88' lang='lat' dir='ltr'>et</span> <span class='ocrx_word' id='word_1_314' title='bbox 398 2461 551 2492; x_wconf 87' lang='lat' dir='ltr'>Elimiotis</span> <span class='ocrx_word' id='word_1_315' title='bbox 579 2467 651 2493; x_wconf 87' lang='lat' dir='ltr'>sunt</span> <span class='ocrx_word' id='word_1_316' title='bbox 680 2461 801 2502; x_wconf 82' lang='lat' dir='ltr'>regiun-</span> 
     </span>
     <span class='ocr_line' id='line_1_43' title="bbox 115 2504 804 2547; baseline 0 -13"><span class='ocrx_word' id='word_1_317' title='bbox 115 2504 193 2534; x_wconf 89' lang='lat' dir='ltr'>culae</span> <span class='ocrx_word' id='word_1_318' title='bbox 208 2504 240 2535; x_wconf 87' lang='lat' dir='ltr'>in</span> <span class='ocrx_word' id='word_1_319' title='bbox 262 2504 452 2536; x_wconf 83' lang='lat' dir='ltr'>Macedonia</span> <span class='ocrx_word' id='word_1_320' title='bbox 473 2515 535 2535; x_wconf 89' lang='lat' dir='ltr'>non</span> <span class='ocrx_word' id='word_1_321' title='bbox 556 2504 662 2547; x_wconf 86' lang='lat' dir='ltr'>procul</span> <span class='ocrx_word' id='word_1_322' title='bbox 679 2505 719 2535; x_wconf 85' lang='lat' dir='ltr'>ab</span> <span class='ocrx_word' id='word_1_323' title='bbox 734 2504 804 2536; x_wconf 90' lang='lat' dir='ltr'>Aoo</span> 
     </span>
     <span class='ocr_line' id='line_1_44' title="bbox 117 2546 253 2579; baseline 0.015 -4"><span class='ocrx_word' id='word_1_324' title='bbox 117 2546 253 2579; x_wconf 88' lang='lat' dir='ltr'>flumine.</span> 
     </span>
    </p>

    <p class='ocr_par' dir='ltr' id='par_1_18' title="bbox 114 2589 805 2931">
     <span class='ocr_line' id='line_1_45' title="bbox 119 2589 805 2636; baseline -0.001 -15"><span class='ocrx_word' id='word_1_325' title='bbox 119 2631 124 2636; x_wconf 33' lang='grc' dir='ltr'>Π</span> <span class='ocrx_word' id='word_1_326' title='bbox 159 2590 200 2621; x_wconf 84' lang='grc'>49</span> <span class='ocrx_word' id='word_1_327' title='bbox 236 2591 356 2633; x_wconf 79' lang='lat' dir='ltr'>Ingenti</span> <span class='ocrx_word' id='word_1_328' title='bbox 382 2593 486 2622; x_wconf 80' lang='lat' dir='ltr'>itinere</span> <span class='ocrx_word' id='word_1_329' title='bbox 519 2591 661 2633; x_wconf 77' lang='lat' dir='ltr'>agminis]</span> <span class='ocrx_word' id='word_1_330' title='bbox 710 2589 805 2628; x_wconf 91' lang='lat' dir='ltr'>Quod</span> 
     </span>
     <span class='ocr_line' id='line_1_46' title="bbox 117 2634 802 2676; baseline 0.003 -15"><span class='ocrx_word' id='word_1_331' title='bbox 117 2636 174 2662; x_wconf 76' lang='lat' dir='ltr'>iter</span> <span class='ocrx_word' id='word_1_332' title='bbox 209 2639 276 2664; x_wconf 88' lang='lat' dir='ltr'>erat</span> <span class='ocrx_word' id='word_1_333' title='bbox 311 2634 418 2675; x_wconf 84' lang='lat' dir='ltr'>ingens</span> <span class='ocrx_word' id='word_1_334' title='bbox 454 2634 570 2676; x_wconf 86' lang='lat' dir='ltr'>agmini</span> <span class='ocrx_word' id='word_1_335' title='bbox 603 2638 802 2664; x_wconf 85' lang='lat' dir='ltr'>armatorum.</span> 
     </span>
     <span class='ocr_line' id='line_1_47' title="bbox 119 2674 801 2712; baseline 0.004 -8"><span class='ocrx_word' id='word_1_336' title='bbox 119 2674 284 2707; x_wconf 85' lang='lat' dir='ltr'>Blanditur</span> <span class='ocrx_word' id='word_1_337' title='bbox 312 2683 416 2709; x_wconf 86' lang='lat' dir='ltr'>tamen</span> <span class='ocrx_word' id='word_1_338' title='bbox 442 2676 590 2709; x_wconf 89' lang='lat' dir='ltr'>Gronovii</span> <span class='ocrx_word' id='word_1_339' title='bbox 615 2676 801 2712; x_wconf 86' lang='lat' dir='ltr'>emendatio,</span> 
     </span>
     <span class='ocr_line' id='line_1_48' title="bbox 116 2719 804 2758; baseline 0.001 -10"><span class='ocrx_word' id='word_1_340' title='bbox 116 2728 212 2758; x_wconf 82' lang='lat' dir='ltr'>quam</span> <span class='ocrx_word' id='word_1_341' title='bbox 241 2719 364 2751; x_wconf 85' lang='lat' dir='ltr'>firmant</span> <span class='ocrx_word' id='word_1_342' title='bbox 399 2720 461 2751; x_wconf 91' lang='lat' dir='ltr'>duo</span> <span class='ocrx_word' id='word_1_343' title='bbox 493 2720 623 2751; x_wconf 87' lang='lat' dir='ltr'>Hearnii</span> <span class='ocrx_word' id='word_1_344' title='bbox 653 2719 744 2750; x_wconf 86' lang='lat' dir='ltr'>codd.</span> <span class='ocrx_word' id='word_1_345' title='bbox 773 2725 804 2750; x_wconf 87' lang='lat' dir='ltr'>et</span> 
     </span>
     <span class='ocr_line' id='line_1_49' title="bbox 117 2760 804 2804; baseline 0.003 -14"><span class='ocrx_word' id='word_1_346' title='bbox 117 2760 235 2792; x_wconf 74' lang='lat' dir='ltr'>Victor.</span> <span class='ocrx_word' id='word_1_347' title='bbox 251 2768 282 2792; x_wconf 91' lang='lat' dir='ltr'>et</span> <span class='ocrx_word' id='word_1_348' title='bbox 302 2762 445 2795; x_wconf 81' lang='lat' dir='ltr'>Andreas</span> <span class='ocrx_word' id='word_1_349' title='bbox 463 2787 469 2793; x_wconf 95' lang='lat'>.</span> <span class='ocrx_word' id='word_1_350' title='bbox 487 2785 495 2794; x_wconf 89' lang='lat'><strong><em>.</em></strong></span> <span class='ocrx_word' id='word_1_351' title='bbox 513 2786 521 2794; x_wconf 86' lang='lat'><strong>.</strong></span> <span class='ocrx_word' id='word_1_352' title='bbox 537 2765 584 2794; x_wconf 78' lang='lat' dir='ltr'>die</span> <span class='ocrx_word' id='word_1_353' title='bbox 606 2765 725 2804; x_wconf 80' lang='lat' dir='ltr'>(ingens</span> <span class='ocrx_word' id='word_1_354' title='bbox 749 2764 804 2792; x_wconf 78' lang='lat' dir='ltr'>iter</span> 
     </span>
     <span class='ocr_line' id='line_1_50' title="bbox 114 2805 801 2848; baseline 0.003 -15"><span class='ocrx_word' id='word_1_355' title='bbox 114 2806 252 2845; x_wconf 79' lang='lat' dir='ltr'>agminis.</span> <span class='ocrx_word' id='word_1_356' title='bbox 282 2807 329 2835; x_wconf 82' lang='lat' dir='ltr'>sed</span> <span class='ocrx_word' id='word_1_357' title='bbox 363 2813 455 2837; x_wconf 74' lang='lat' dir='ltr'>metns</span> <span class='ocrx_word' id='word_1_358' title='bbox 489 2805 629 2848; x_wconf 80' lang='lat' dir='ltr'>urgebat)</span> <span class='ocrx_word' id='word_1_359' title='bbox 664 2808 694 2836; x_wconf 82' lang='grc' dir='ltr'><strong><em>ιή</em></strong></span> <span class='ocrx_word' id='word_1_360' title='bbox 725 2817 801 2836; x_wconf 82' lang='lat' dir='ltr'>mon-</span> 
     </span>
     <span class='ocr_line' id='line_1_51' title="bbox 116 2847 803 2890; baseline 0.004 -14"><span class='ocrx_word' id='word_1_361' title='bbox 116 2853 182 2877; x_wconf 78' lang='lat' dir='ltr'>tem.</span> <span class='ocrx_word' id='word_1_362' title='bbox 211 2847 277 2877; x_wconf 67' lang='lat' dir='ltr'>Sic</span> <span class='ocrx_word' id='word_1_363' title='bbox 292 2847 385 2889; x_wconf 84' lang='lat' dir='ltr'>plane</span> <span class='ocrx_word' id='word_1_364' title='bbox 402 2848 448 2885; x_wconf 80' lang='lat' dir='ltr'>illi</span> <span class='ocrx_word' id='word_1_365' title='bbox 469 2848 553 2886; x_wconf 84' lang='lat' dir='ltr'>libri,</span> <span class='ocrx_word' id='word_1_366' title='bbox 569 2848 627 2880; x_wconf 87' lang='lat' dir='ltr'>nisi</span> <span class='ocrx_word' id='word_1_367' title='bbox 641 2848 725 2890; x_wconf 86' lang='lat' dir='ltr'>quod</span> <span class='ocrx_word' id='word_1_368' title='bbox 749 2848 803 2879; x_wconf 83' lang='lat' dir='ltr'>ha—</span> 
     </span>
     <span class='ocr_line' id='line_1_52' title="bbox 114 2888 371 2931; baseline 0.012 -12"><span class='ocrx_word' id='word_1_369' title='bbox 114 2888 189 2920; x_wconf 86' lang='lat' dir='ltr'>bent</span> <span class='ocrx_word' id='word_1_370' title='bbox 201 2896 228 2921; x_wconf 73' lang='lat' dir='ltr'>et</span> <span class='ocrx_word' id='word_1_371' title='bbox 243 2900 298 2931; x_wconf 90' lang='lat' dir='ltr'>pro</span> <span class='ocrx_word' id='word_1_372' title='bbox 311 2892 371 2922; x_wconf 77' lang='lat' dir='ltr'>sed.</span> 
     </span>
    </p>
   </div>
   <div class='ocr_carea' id='block_1_6' title="bbox 384 2058 1528 2117">
    <p class='ocr_par' dir='ltr' id='par_1_19' title="bbox 384 2058 1528 2117">
     <span class='ocr_line' id='line_1_53' title="bbox 384 2058 1528 2117; baseline -0.002 -15"><span class='ocrx_word' id='word_1_373' title='bbox 384 2061 544 2117; x_wconf 87' lang='lat' dir='ltr'>Xyniae</span> <span class='ocrx_word' id='word_1_374' title='bbox 579 2061 700 2102; x_wconf 83' lang='lat' dir='ltr'>slmili</span> <span class='ocrx_word' id='word_1_375' title='bbox 734 2069 851 2102; x_wconf 90' lang='lat' dir='ltr'>metu</span> <span class='ocrx_word' id='word_1_376' title='bbox 881 2076 907 2102; x_wconf 88' lang='lat' dir='ltr'>a</span> <span class='ocrx_word' id='word_1_377' title='bbox 935 2058 1168 2102; x_wconf 88' lang='lat' dir='ltr'>cultoribus</span> <span class='ocrx_word' id='word_1_378' title='bbox 1203 2058 1380 2100; x_wconf 89' lang='lat' dir='ltr'>desertae</span> <span class='ocrx_word' id='word_1_379' title='bbox 1415 2067 1528 2101; x_wconf 88' lang='lat' dir='ltr'>sunt.</span> 
     </span>
    </p>
   </div>
   <div class='ocr_carea' id='block_1_7' title="bbox 1237 2158 1530 2190">
    <p class='ocr_par' dir='ltr' id='par_1_20' title="bbox 1237 2158 1530 2190">
     <span class='ocr_line' id='line_1_54' title="bbox 1237 2158 1530 2190; baseline 0.007 -2"><span class='ocrx_word' id='word_1_380' title='bbox 1237 2162 1255 2187; x_wconf 77' lang='lat' dir='ltr'><strong><em>Y</em></strong></span> <span class='ocrx_word' id='word_1_381' title='bbox 1269 2160 1428 2190; x_wconf 76' lang='lat' dir='ltr'>dimitteret</span> <span class='ocrx_word' id='word_1_382' title='bbox 1442 2158 1530 2190; x_wconf 85' lang='lat' dir='ltr'>Eaed.</span> 
     </span>
    </p>
   </div>
   <div class='ocr_carea' id='block_1_8' title="bbox 843 2286 1535 2803">
    <p class='ocr_par' dir='ltr' id='par_1_21' title="bbox 843 2286 1535 2620">
     <span class='ocr_line' id='line_1_55' title="bbox 885 2286 1533 2329; baseline -0.003 -10"><span class='ocrx_word' id='word_1_383' title='bbox 885 2290 927 2320; x_wconf 87' lang='grc'>50</span> <span class='ocrx_word' id='word_1_384' title='bbox 950 2288 988 2319; x_wconf 82' lang='lat' dir='ltr'>In</span> <span class='ocrx_word' id='word_1_385' title='bbox 1008 2295 1131 2319; x_wconf 78' lang='lat' dir='ltr'>montem</span> <span class='ocrx_word' id='word_1_386' title='bbox 1154 2288 1271 2329; x_wconf 78' lang='lat' dir='ltr'>Lingon</span> <span class='ocrx_word' id='word_1_387' title='bbox 1289 2288 1426 2327; x_wconf 77' lang='lat' dir='ltr'>perrerit.</span> <span class='ocrx_word' id='word_1_388' title='bbox 1471 2286 1533 2326; x_wconf 65' lang='lat' dir='ltr'>Ipsi</span> 
     </span>
     <span class='ocr_line' id='line_1_56' title="bbox 843 2328 1533 2373; baseline -0.003 -11"><span class='ocrx_word' id='word_1_389' title='bbox 843 2338 950 2363; x_wconf 78' lang='lat' dir='ltr'>montes</span> <span class='ocrx_word' id='word_1_390' title='bbox 978 2331 1066 2371; x_wconf 79' lang='lat' dir='ltr'>Epiri</span> <span class='ocrx_word' id='word_1_391' title='bbox 1091 2332 1176 2373; x_wconf 81' lang='lat' dir='ltr'>sunt]</span> <span class='ocrx_word' id='word_1_392' title='bbox 1223 2331 1264 2361; x_wconf 85' lang='lat' dir='ltr'>Et</span> <span class='ocrx_word' id='word_1_393' title='bbox 1291 2331 1360 2372; x_wconf 83' lang='lat' dir='ltr'>ipsa.</span> <span class='ocrx_word' id='word_1_394' title='bbox 1387 2328 1533 2361; x_wconf 75' lang='lat' dir='ltr'>orationis</span> 
     </span>
     <span class='ocr_line' id='line_1_57' title="bbox 844 2373 1533 2414; baseline -0.006 -8"><span class='ocrx_word' id='word_1_395' title='bbox 844 2380 996 2406; x_wconf 84' lang='lat' dir='ltr'>structura</span> <span class='ocrx_word' id='word_1_396' title='bbox 1025 2383 1281 2414; x_wconf 85' lang='lat' dir='ltr'>numerorumque</span> <span class='ocrx_word' id='word_1_397' title='bbox 1306 2374 1338 2404; x_wconf 87' lang='lat' dir='ltr'>in</span> <span class='ocrx_word' id='word_1_398' title='bbox 1364 2373 1474 2404; x_wconf 78' lang='lat' dir='ltr'>eadem</span> <span class='ocrx_word' id='word_1_399' title='bbox 1500 2383 1533 2403; x_wconf 88' lang='lat' dir='ltr'>re</span> 
     </span>
     <span class='ocr_line' id='line_1_58' title="bbox 845 2417 1532 2458; baseline -0.004 -10"><span class='ocrx_word' id='word_1_400' title='bbox 845 2417 989 2452; x_wconf 81' lang='lat' dir='ltr'>varietas,</span> <span class='ocrx_word' id='word_1_401' title='bbox 1015 2423 1047 2447; x_wconf 89' lang='lat' dir='ltr'>et</span> <span class='ocrx_word' id='word_1_402' title='bbox 1072 2428 1186 2448; x_wconf 89' lang='lat' dir='ltr'>nomen</span> <span class='ocrx_word' id='word_1_403' title='bbox 1210 2417 1324 2447; x_wconf 87' lang='lat' dir='ltr'>montis</span> <span class='ocrx_word' id='word_1_404' title='bbox 1345 2427 1455 2458; x_wconf 84' lang='lat' dir='ltr'>parum</span> <span class='ocrx_word' id='word_1_405' title='bbox 1478 2426 1532 2445; x_wconf 89' lang='lat' dir='ltr'>no—</span> 
     </span>
     <span class='ocr_line' id='line_1_59' title="bbox 847 2459 1535 2502; baseline -0.003 -12"><span class='ocrx_word' id='word_1_406' title='bbox 847 2466 923 2496; x_wconf 88' lang='lat' dir='ltr'>tum,</span> <span class='ocrx_word' id='word_1_407' title='bbox 939 2460 1081 2491; x_wconf 89' lang='lat' dir='ltr'>videntur</span> <span class='ocrx_word' id='word_1_408' title='bbox 1102 2471 1228 2502; x_wconf 84' lang='lat' dir='ltr'>arguere</span> <span class='ocrx_word' id='word_1_409' title='bbox 1252 2459 1454 2501; x_wconf 79' lang='lat' dir='ltr'>depravatam</span> <span class='ocrx_word' id='word_1_410' title='bbox 1476 2459 1535 2489; x_wconf 93' lang='lat' dir='ltr'>hoc</span> 
     </span>
     <span class='ocr_line' id='line_1_60' title="bbox 847 2502 1534 2545; baseline -0.004 -11"><span class='ocrx_word' id='word_1_411' title='bbox 847 2504 914 2534; x_wconf 86' lang='lat' dir='ltr'>loco</span> <span class='ocrx_word' id='word_1_412' title='bbox 943 2503 1136 2545; x_wconf 84' lang='lat' dir='ltr'>scripturam.</span> <span class='ocrx_word' id='word_1_413' title='bbox 1182 2502 1245 2534; x_wconf 85' lang='lat' dir='ltr'>Sed</span> <span class='ocrx_word' id='word_1_414' title='bbox 1273 2503 1314 2533; x_wconf 80' lang='lat' dir='ltr'>ad</span> <span class='ocrx_word' id='word_1_415' title='bbox 1343 2512 1413 2533; x_wconf 85' lang='lat' dir='ltr'>eam</span> <span class='ocrx_word' id='word_1_416' title='bbox 1442 2502 1534 2532; x_wconf 80' lang='lat' dir='ltr'>corri-</span> 
     </span>
     <span class='ocr_line' id='line_1_61' title="bbox 847 2545 1534 2588; baseline -0.003 -11"><span class='ocrx_word' id='word_1_417' title='bbox 847 2546 982 2588; x_wconf 85' lang='lat' dir='ltr'>gendam</span> <span class='ocrx_word' id='word_1_418' title='bbox 1010 2545 1122 2577; x_wconf 82' lang='lat' dir='ltr'>frustra.</span> <span class='ocrx_word' id='word_1_419' title='bbox 1150 2546 1217 2577; x_wconf 84' lang='lat' dir='ltr'>sine</span> <span class='ocrx_word' id='word_1_420' title='bbox 1242 2545 1327 2576; x_wconf 89' lang='lat' dir='ltr'>libris</span> <span class='ocrx_word' id='word_1_421' title='bbox 1354 2545 1534 2586; x_wconf 84' lang='lat' dir='ltr'>aggredere-</span> 
     </span>
     <span class='ocr_line' id='line_1_62' title="bbox 848 2601 927 2620; baseline -0.013 0"><span class='ocrx_word' id='word_1_422' title='bbox 848 2601 927 2620; x_wconf 87' lang='lat' dir='ltr'>mur.</span> 
     </span>
    </p>

    <p class='ocr_par' dir='ltr' id='par_1_22' title="bbox 846 2630 1534 2803">
     <span class='ocr_line' id='line_1_63' title="bbox 889 2630 1534 2672; baseline -0.006 -9"><span class='ocrx_word' id='word_1_423' title='bbox 889 2634 928 2664; x_wconf 85' lang='lat'>51</span> <span class='ocrx_word' id='word_1_424' title='bbox 966 2632 1061 2662; x_wconf 81' lang='lat' dir='ltr'>Suum</span> <span class='ocrx_word' id='word_1_425' title='bbox 1088 2634 1121 2662; x_wconf 79' lang='lat' dir='ltr'>in</span> <span class='ocrx_word' id='word_1_426' title='bbox 1154 2632 1330 2662; x_wconf 75' lang='lat' dir='ltr'>Thessaliam</span> <span class='ocrx_word' id='word_1_427' title='bbox 1355 2641 1459 2672; x_wconf 75' lang='lat' dir='ltr'>agmen.</span> <span class='ocrx_word' id='word_1_428' title='bbox 1488 2630 1534 2659; x_wconf 77' lang='lat' dir='ltr'>‹ii-</span> 
     </span>
     <span class='ocr_line' id='line_1_64' title="bbox 846 2672 1534 2716; baseline -0.004 -11"><span class='ocrx_word' id='word_1_429' title='bbox 846 2676 988 2716; x_wconf 79' lang='lat' dir='ltr'>mitteret]</span> <span class='ocrx_word' id='word_1_430' title='bbox 1020 2675 1119 2706; x_wconf 86' lang='lat' dir='ltr'>Recte</span> <span class='ocrx_word' id='word_1_431' title='bbox 1142 2675 1263 2706; x_wconf 85' lang='lat' dir='ltr'>videtur</span> <span class='ocrx_word' id='word_1_432' title='bbox 1284 2683 1430 2716; x_wconf 83' lang='lat' dir='ltr'>reponere</span> <span class='ocrx_word' id='word_1_433' title='bbox 1455 2672 1534 2703; x_wconf 87' lang='lat' dir='ltr'>Gro-</span> 
     </span>
     <span class='ocr_line' id='line_1_65' title="bbox 847 2716 1534 2749; baseline -0.006 0"><span class='ocrx_word' id='word_1_434' title='bbox 847 2719 973 2749; x_wconf 88' lang='lat' dir='ltr'>novius:</span> <span class='ocrx_word' id='word_1_435' title='bbox 1035 2718 1196 2748; x_wconf 76' lang='lat' dir='ltr'>Inclinavit</span> <span class='ocrx_word' id='word_1_436' title='bbox 1249 2718 1392 2747; x_wconf 77' lang='lat' dir='ltr'>sententia</span> <span class='ocrx_word' id='word_1_437' title='bbox 1443 2716 1534 2746; x_wconf 77' lang='lat' dir='ltr'>citum</span> 
     </span>
     <span class='ocr_line' id='line_1_66' title="bbox 849 2757 1534 2803; baseline -0.004 -12"><span class='ocrx_word' id='word_1_438' title='bbox 849 2764 880 2791; x_wconf 85' lang='lat' dir='ltr'>in</span> <span class='ocrx_word' id='word_1_439' title='bbox 910 2762 1085 2792; x_wconf 78' lang='lat' dir='ltr'>Thessaliam</span> <span class='ocrx_word' id='word_1_440' title='bbox 1112 2772 1217 2803; x_wconf 75' lang='lat' dir='ltr'>agmen</span> <span class='ocrx_word' id='word_1_441' title='bbox 1241 2762 1399 2790; x_wconf 74' lang='lat' dir='ltr'>demittere.</span> <span class='ocrx_word' id='word_1_442' title='bbox 1433 2757 1483 2789; x_wconf 87' lang='lat' dir='ltr'>Sic</span> <span class='ocrx_word' id='word_1_443' title='bbox 1511 2758 1534 2788; x_wconf 90' lang='lat' dir='ltr'>l.</span> 
     </span>
    </p>
   </div>
   <div class='ocr_carea' id='block_1_9' title="bbox 848 2802 1534 2878">
    <p class='ocr_par' dir='ltr' id='par_1_23' title="bbox 848 2802 1534 2878">
     <span class='ocr_line' id='line_1_67' title="bbox 850 2802 1534 2835; baseline -0.004 0"><span class='ocrx_word' id='word_1_444' title='bbox 850 2804 1014 2835; x_wconf 78' lang='lat' dir='ltr'>XXVIII.</span> <span class='ocrx_word' id='word_1_445' title='bbox 1038 2815 1064 2835; x_wconf 85' lang='lat' dir='ltr'>c.</span> <span class='ocrx_word' id='word_1_446' title='bbox 1084 2805 1138 2835; x_wconf 78' lang='lat'>25.</span> <span class='ocrx_word' id='word_1_447' title='bbox 1162 2804 1321 2834; x_wconf 76' lang='lat' dir='ltr'>Inclinarit</span> <span class='ocrx_word' id='word_1_448' title='bbox 1343 2802 1486 2832; x_wconf 78' lang='lat' dir='ltr'>sententia</span> <span class='ocrx_word' id='word_1_449' title='bbox 1502 2823 1509 2831; x_wconf 91' lang='lat'>.</span> <span class='ocrx_word' id='word_1_450' title='bbox 1527 2824 1534 2832; x_wconf 88' lang='lat'><strong><em>.</em></strong></span> 
     </span>
     <span class='ocr_line' id='line_1_68' title="bbox 848 2858 1066 2878; baseline -0.005 0"><span class='ocrx_word' id='word_1_451' title='bbox 848 2858 996 2878; x_wconf 73' lang='lat' dir='ltr'>universos</span> <span class='ocrx_word' id='word_1_452' title='bbox 1011 2858 1066 2878; x_wconf 69' lang='lat' dir='ltr'>ire,</span> 
     </span>
    </p>
   </div>
  </div>
 </body>
</html>
