1947 3222
302 220 651 274 EPITOME
692 218 909 270 LIBRI
950 218 1286 271 XXXVIII.

115 431 199 484 DI.
230 442 496 484 FULVIUS
525 442 661 482 consul
696 443 738 482 in
774 442 910 494 Epiro
946 441 1250 483 Ambracienses
1283 443 1451 485 obsessos
1485 446 1528 485 in

115 500 355 540 deditionem
384 500 552 551 accepit,
588 499 889 552 Cephalleniam
918 498 1086 553 subegit,
1113 499 1270 540 AEtolis
1294 502 1530 553 perdomitis

107 571 248 608 pacem
270 557 390 596 dedit.
454 557 526 597 Cn.
552 556 741 597 Manlius
760 558 907 604 consul,
931 558 1082 610 collega
1111 556 1205 611 ejus,
1229 556 1531 611 ¹Galtograecos

123 614 166 653 T
160 614 398 663 olistoboios,
422 620 461 653 et
492 614 740 668 Tectosagos,
772 620 809 653 et
843 614 1043 661 Trocmos,
1067 615 1137 667 qui
1163 615 1330 655 Brenno
1361 617 1457 655 duce
1488 614 1535 654 in⁴

118 670 257 711 Asiam
278 672 547 721 transierant,
565 685 680 725 quum
700 672 780 711 soli
799 672 905 711 citra
933 671 1109 712 Taurum
1130 679 1296 712 montem
1316 686 1394 712 non
1408 686 1533 725 pare-

116 733 220 777 rent,
256 729 364 768 vicit.
425 730 578 769 Eorum
614 730 746 782 origo,
777 727 838 769 9et
872 729 1194 781 quemadmodum
1230 743 1278 769 ea
1313 731 1414 779 loca,
1445 743 1534 783 quae

116 791 265 833 tenent,
288 787 586 838 occupaverint,
609 786 796 840 refertur.
855 786 1094 839 Exemplum
1125 800 1277 839 quoque
1303 787 1467 827 virtutis
1496 793 1535 827 et

109 843 328 895 pudicitia·
359 844 584 896 infemina
615 845 808 883 traditur.
853 857 944 883 nam
975 857 1091 896 quum
1126 843 1397 898 Ortiagontis,
1427 847 1536 898 regis

121 899 480 954 Gallograecorum,
503 915 604 940 uxor
623 902 786 954 captiva
808 906 920 950 esset,
941 901 1208 941 centurionem
1233 902 1442 950 custodem,
1465 902 1536 955 qui

117 958 157 998 ei
176 957 255 998 vim
277 959 486 1007 intulerat,
509 959 667 998 occidit.
728 958 920 998 Lustrum
941 973 967 998 a
988 959 1208 998 censoribus
1236 959 1438 999 conditum
1466 965 1535 1000 est.

118 1029 234 1055 censa.
254 1021 346 1054 sunt
366 1016 510 1055 civium
540 1017 680 1069 capita
711 1016 879 1055 ducenta
910 1016 1208 1069 quinquaginta
1240 1022 1326 1056 octo
1346 1016 1480 1056 millia
1501 1022 1539 1060 et

116 1078 295 1112 trecenta
316 1073 467 1126 viginti
486 1079 582 1113 octo.
637 1074 734 1114 Cum
755 1072 996 1121 Ariarathe,
1019 1087 1111 1126 rege
1135 1073 1421 1125 Cappadociae,
1438 1074 1541 1113 ami-

118 1130 219 1170 citia
225 1128 375 1183 juncta
396 1136 463 1170 est.
527 1131 603 1171 Cn.
629 1130 829 1179 Manlius,
851 1130 1214 1170 contradicentibus
1229 1131 1358 1170 decem
1379 1131 1539 1184 legatis,

118 1202 168 1227 ex
188 1201 352 1241 quorum
373 1187 540 1227 consilio
547 1186 692 1241 foedus
710 1201 795 1226 cum
816 1187 1016 1227 Antiocho
1039 1188 1344 1240 conscripserat,
1367 1189 1416 1227 de
1439 1188 1541 1228 Gal-

117 1245 313 1298 lograecis,
341 1250 433 1284 acta
457 1258 538 1296 pro
564 1259 605 1284 se
633 1259 773 1285 caussa
804 1245 848 1283 in
877 1251 1031 1293 senatu,
1063 1245 1345 1297 triumphavit.
1404 1245 1542 1297 Scipio

119 1301 358 1355 Africanus,
376 1303 442 1341 die
463 1302 502 1341 ei
521 1302 646 1351 dicta,
668 1310 712 1341 ut
733 1303 896 1355 quidam
917 1303 1049 1350 aiunt,
1071 1315 1097 1341 a
1123 1301 1172 1350 Q.
1187 1303 1360 1342 Petillio
1380 1302 1542 1342 tribuno

111 1359 258 1412 plebis,
281 1365 323 1399 ut
355 1359 530 1412 quidam,
561 1373 586 1399 a
617 1359 776 1407 Naevio,
804 1360 911 1413 quod
931 1360 1079 1412 praeda
1110 1374 1160 1400 ex
1189 1359 1390 1400 Antiocho
1419 1366 1542 1413 capta

118 1417 318 1467 cerarium,
319 1418 574 1469 fraudasset,
594 1422 803 1470 postquam
820 1418 855 1457 is
870 1417 955 1457 dies
970 1417 1094 1465 venit,
1110 1423 1293 1458 evocatus
1311 1418 1354 1457 in
1372 1417 1539 1466 Rostra,

123 1474 217 1514 Hac
244 1473 325 1523 die,
348 1475 493 1527 inquit,
517 1473 714 1524 Quirites,
738 1473 1042 1528 Karthaginem
1070 1473 1174 1515 vici:
1208 1480 1260 1524 et,
1278 1481 1543 1528 prosequente

115 1532 282 1584 populo,
322 1531 568 1585 Capitolium
599 1531 818 1571 adscendit.
878 1531 996 1580 Inde,
1027 1545 1078 1570 ne
1106 1533 1282 1584 amplius
1310 1531 1542 1572 tribuniciis

119 1587 288 1642 injuriis
303 1594 529 1637 vexaretur,
549 1589 591 1629 in
608 1589 878 1628 voluntarium
899 1589 1081 1628 exsilium
1098 1589 1313 1628 Liternum
1328 1590 1539 1629 concessit.-

124 1646 316 1686 incertum
355 1646 429 1695 ibi,
464 1660 520 1685 an
555 1646 709 1693 Romae,
744 1646 963 1698 defunctus.
1014 1659 1107 1685 nam
1139 1645 1231 1699 ejus‘
1254 1652 1543 1687 monumentum

121 1703 331 1756 utrobique
343 1703 449 1757 fuit.
517 1703 564 1743 L.
590 1702 726 1755 Scipio
757 1703 976 1751 Asiaticus,
992 1703 1143 1756 frater
1177 1701 1384 1755 Africani,
1411 1705 1543 1744 eodem

115 1761 328 1813 peculatus
356 1761 524 1801 crimine
553 1767 760 1801 accusatus
788 1761 1091 1814 damnatusque,
1114 1774 1231 1814 quum
1259 1761 1304 1800 in
1323 1762 1485 1801 vincula
1506 1767 1544 1801 et

119 1832 317 1858 carcerem
340 1819 560 1864 duceretur,
591 1818 655 1857 Ti.
674 1818 930 1871 Sempronius
953 1817 1176 1868 Gracchus,
1198 1817 1381 1859 tribunus
1393 1818 1539 1871 plebis,

123 1876 194 1928 qui
223 1881 346 1915 antea
375 1875 629 1928 Scipionibus
657 1874 865 1915 ³inimicus
876 1875 1043 1930 ficerat,
1065 1875 1309 1923 intercessit,·
1355 1882 1393 1916 et
1423 1876 1470 1915 ob
1499 1876 1544 1916 id

123 1933 349 1985 beneficium
380 1933 578 1987 Africani
587 1933 732 1985 filiam
763 1934 892 1973 duait.
953 1931 1108 1981 *Quum
1131 1939 1344 1987 quaestores
1375 1935 1418 1974 in
1439 1933 1542 1974 bona

124 1988 208 2042 ejus
229 1989 391 2042 publice
411 1991 659 2043 possidenda
689 1990 798 2030 missi
827 1997 966 2039 essent,
995 1990 1098 2030 ⁵non
1128 1991 1241 2030 modo
1266 1991 1308 2030 in
1338 1991 1390 2031 iis
1419 1992 1543 2031 ullum

123 2047 333 2100 vestigium
360 2048 545 2100 pecunioe
578 2048 709 2101 regia:
748 2048 958 2100 adparuit,
991 2049 1063 2088 sed
1101 2061 1351 2101 nequaquam
1386 2054 1543 2088 tantum

123 2105 342 2154 redactum,
366 2111 528 2158 quanta,²
547 2118 705 2145 summa>
725 2111 815 2145 erat
834 2106 1059 2145 damnatus.
1117 2106 1328 2145 Conlatum
1349 2119 1376 2144 a
1395 2119 1542 2159 cogna-

122 2162 178 2201 tis
207 2168 245 2202 et
275 2163 416 2202 amicis
446 2162 775 2206 innumerabilem
804 2163 1017 2215 pecuniam
1053 2163 1236 2215 accipere
1265 2163 1417 2202 noluit.-
1454 2176 1544 2217 qua:

129 2219 354 2260 necessaria
374 2221 410 2260 ei
429 2226 547 2260 erant
568 2221 625 2260 ad
642 2221 801 2269 cultum,
824 2221 1012 2260 redemta.

175 2319 189 2348 l
216 2318 414 2361 Gallogroecos
437 2341 444 2350 .
469 2341 478 2349 .
501 2341 509 2348 .
533 2320 583 2359 qui
604 2318 722 2349 Brenno
741 2321 814 2350 (luce

131 2362 164 2391 in
186 2362 284 2392 Asiam
306 2362 501 2403 transierant]
530 2361 616 2393 Galli
632 2372 693 2392 non
715 2367 812 2392 trans-

131 2403 230 2434 ierunt
265 2404 298 2435 in
336 2405 446 2436 Asiam
477 2406 601 2435 Brenno
638 2405 729 2441 duce,
759 2404 814 2435 sed

847 2319 1011 2360 feruntur.
1056 2318 1200 2360 Sigonius
1222 2329 1293 2350 suos
1316 2319 1408 2351 libros
1431 2319 1543 2351 habere

858 2361 1008 2393 affirmat:
1046 2368 1072 2392 et
1099 2364 1215 2402 quando
1249 2363 1308 2392 loca
1344 2374 1406 2403 quae
1433 2370 1542 2398 tenent,

857 2406 1061 2444 occupaverint
1076 2405 1262 2447 referuntur.

133 2446 282 2478 Leonorio
305 2453 336 2479 et
351 2448 480 2479 Lutario
502 2448 643 2484 ducibus,
660 2454 694 2478 ut
711 2454 815 2478 narrat

134 2487 203 2519 Liv.
224 2488 304 2521 infra
324 2501 352 2521 c.
379 2492 427 2522 16.
453 2492 598 2522 Brennus
620 2491 653 2521 in
675 2491 815 2532 Delpho-

135 2541 203 2561 rum
219 2533 447 2574 oppugnatione
469 2533 570 2576 periit.
614 2534 706 2564 Hanc
722 2533 816 2575 scrip-

134 2573 208 2603 toris
234 2575 434 2616 epitomarum
462 2576 613 2607 incuiiam
644 2577 818 2607 observavit

136 2615 311 2648 Perizonius
324 2617 493 2650 Animadv.
508 2619 589 2650 Hist.
604 2629 631 2650 c.
647 2620 678 2651 9.

175 2659 196 2688 2
234 2659 285 2696 Et,
314 2664 549 2700 quemadmodum
584 2673 617 2693 ea
653 2663 714 2693 losa
751 2673 815 2703 quoe

136 2707 244 2737 tenent,
284 2707 496 2741 occupaverint,
535 2706 683 2747 refertur]
738 2706 814 2736 Haec

136 2744 227 2774 lectio
253 2744 480 2787 expeditissima
500 2758 586 2784 sane,
612 2759 705 2789 quam
735 2749 814 2779 Gro-

137 2786 278 2817 novianae
321 2787 470 2820 editiones
505 2791 682 2832 praeferunt,
718 2791 816 2822 unde-

135 2839 208 2876 nam
228 2829 366 2871 profecta
386 2831 486 2866 suerit,
509 2839 542 2863 et
562 2844 580 2864 a
601 2844 662 2875 quo
683 2834 816 2870 invecta,

133 2882 319 2912 Ignoramus.

902 2449 921 2478 3
946 2448 1088 2478 Inimicus
1099 2448 1226 2489 fuerat]
1258 2448 1309 2478 Sic
1333 2447 1402 2479 libri
1422 2459 1441 2479 a
1456 2448 1542 2490 Sigo-

860 2490 910 2521 nio
949 2497 980 2521 et
1019 2491 1174 2522 Gronovio
1219 2491 1361 2533 inspecti.
1420 2492 1541 2533 Vulgo:

859 2540 934 2564 erat.

904 2578 924 2607 4
950 2577 1049 2613 Quum
1072 2583 1222 2617 quoestures
1245 2578 1277 2606 in
1300 2578 1371 2606 bona
1397 2579 1459 2617 eius
1480 2588 1543 2615 pos-

859 2620 978 2650 sidenda
1006 2620 1120 2659 publice
1148 2621 1226 2650 missi
1253 2620 1358 2660 esseut]
1401 2619 1545 2660 Sigonius

859 2662 1004 2693 dederat:
1041 2663 1141 2697 Quum
1164 2669 1276 2702 prator
1300 2669 1449 2702 quastores
1473 2684 1482 2692 .
1505 2684 1513 2693 .
1535 2685 1543 2693 .

859 2707 986 2737 misisset.
1031 2705 1092 2736 Sed
1114 2716 1173 2736 vox
1194 2711 1299 2745 prator
1322 2705 1408 2735 abest
1427 2714 1446 2735 a
1459 2704 1545 2735 libris

859 2759 936 2789 quos
957 2748 1034 2779 vidit
1056 2748 1238 2779 Gronovius.
1285 2747 1398 2788 Itaque
1423 2747 1477 2778 ille
1499 2748 1544 2779 ef-

861 2790 933 2822 fecit
946 2791 989 2827 id,
1005 2791 1089 2832 quod
1104 2797 1172 2832 post
1187 2789 1343 2822 Clericum
1359 2789 1522 2822 edidimus,

902 2837 922 2866 5
958 2835 1026 2865 Non
1062 2837 1143 2864 modu
1178 2836 1209 2864 in
1239 2834 1281 2866 iis
1315 2833 1432 2863 nullum
1460 2837 1545 2865 vesti-

370 2873 456 2904 Olim
481 2875 658 2915 legebatur:
696 2883 723 2906 et
750 2888 817 2907 cam
856 2878 958 2918 gium]
1004 2876 1055 2907 Sic
1078 2876 1174 2907 edidit
1197 2874 1352 2914 Sigonius.
1399 2876 1474 2913 Alii,
1497 2878 1544 2907 ul-

135 2926 164 2944 eo
190 2916 249 2945 loca
279 2925 343 2955 quae
368 2922 464 2947 teuent
486 2925 749 2958 occupaveruntque
771 2930 816 2949 re·
861 2921 932 2950 lum.
