1947 3222
557 98 679 136 ΜΒ.
708 96 861 134 ΧΧΧΙ.
903 97 1036 133 cAP.
1069 96 1194 134 va.
1532 99 1583 141 39

162 223 206 249 re
236 208 327 249 auri
358 207 412 249 ab
440 221 537 261 rege
561 205 789 246 Ptolemaeo
818 203 981 254 missus,
1002 203 1120 244 ⁵¹³sex
1151 203 1280 245 millia
1313 206 1504 261 peditum
1535 215 1576 249 et
1594 220 1630 251 U.
1646 219 1682 251 c.
1698 221 1769 251 552.

163 266 326 321 equites
346 262 532 305 mercede
562 262 790 304 conductos
811 260 1052 317 AEgyptum
1075 261 1225 302 avexit.
1257 276 1331 302 nec
1352 278 1403 304 ex
1427 264 1577 320 juven·
1592 262 1630 293 Α·
1645 263 1682 295 C·
1696 263 1770 295 200.

162 330 255 363 tute
277 321 515 362 AEtolorum
536 334 793 375 quemquam
822 318 1072 374 reliquisset,
1094 317 1136 358 ni
1163 319 1444 369 Damocritus,
1466 336 1576 362 nunc
1590 306 1776 380 ffitffl‘tmffn

161 379 275 428 belli,
297 376 411 434 quod
434 376 621 426 instaret,
642 391 754 417 nunc
783 376 940 417 futurae
971 374 1205 416 solitudinis
1235 374 1474 426 admonens,
1498 337 1762 434 (in-{Effirpssum

161 443 321 476 certum
350 448 451 474 cura
479 432 628 488 gentis,
655 448 707 473 an
739 441 785 474 ut
822 432 1112 473 adversaretur
1144 433 1303 488 Scopae,
1325 447 1475 487 parum
1506 434 1577 475 do-
1589 441 1707 466 avecta.

162 492 224 533 nis
254 491 411 545 cultus)
437 497 598 546 partem
629 490 845 545 juniorum
878 488 1120 545 castigando
1150 489 1262 530 domi
1293 488 1574 532 continuisset.

163 550 268 589 Haec
288 563 336 588 ea
355 554 499 588 aestate
519 547 572 587 ab
595 546 794 587 Romanis
817 546 1099 602 Philippoque
1120 553 1238 601 gesta
1258 553 1386 586 erant.

217 604 388 645 XLIV
419 603 571 644 Classis
591 619 616 644 a
638 605 822 646 6015113.
850 603 1036 659 ejusdem
1066 603 1272 666 prlncipio
1300 602 1457 643 aestatis
1482 618 1576 644 cum
1590 617 1656 647 Res
1670 618 1746 649 mari

161 663 212 703 L.
234 661 420 716 Apustio
449 660 587 723 legato
607 660 851 726 profecta3l
832 650 975 701 Malea
995 668 1200 716 superata,
1224 675 1332 700 clrca
1355 660 1577 716 Scyllaeum
1590 670 1643 700 ges
1630 666 1694 691 tae·

159 719 249 782 agri
271 717 527 758 Hermionici
549 717 700 758 Attalo
718 718 807 773 regi
828 718 1051 773 conjuncta
1071 725 1143 758 est.
1189 717 1303 757 'lum
1326 732 1424 757 vero
1445 717 1580 758 Athe-

158 776 363 816 mensium
383 775 543 816 civitas.
565 775 633 814 cui
653 774 750 815 odio
778 789 821 815 111
846 774 1086 830 Philippum
1115 788 1190 829 per
1210 782 1370 814 metum
1394 774 1483 829 jam
1504 774 1577 816 diu

159 832 373 873 moderata
404 839 506 881 erat,
538 830 582 871 id
613 846 734 872 omne
767 831 810 872 in
840 831 984 872 auxilii
1017 831 1232 886 praesentis
1269 846 1385 886 spem
1413 831 1576 873 effudit.

158 904 232 930 nec
262 903 463 944 umquam
494 863 551 929 ibi
583 887 733 928 desunt
768 887 923 952 linguae
958 895 1135 942 promtae
1165 887 1219 927 ad
1249 887 1414 942 plebem
1445 889 1578 929 conci-

159 946 353 987 tandam:
386 945 502 1009 quod
530 959 676 1007 genus,
699 959 832 999 quum
861 945 905 984 in
926 943 1120 984 omnibus
1150 943 1290 984 liberis
1321 943 1576 996 civitatibus,
1635 964 1639 971 ¹

159 1011 251 1044 tum
281 1017 491 1059 praeclpue
521 1000 716 1051 Athenis,
738 1001 812 1041 ubi
842 1000 975 1042 oratio
1003 999 1234 1056 plurimum
1264 1000 1408 1054 pollet,
1435 1001 1577 1043 favore

158 1060 440 1102 multitudinis
461 1058 598 1099 alitur.
660 1057 939 1123 Rogationem
960 1056 1171 1113 extemplo
1191 1056 1396 1107 tulerunt,
1418 1057 1578 1113 plebes-

157 1132 240 1172 que
270 1116 403 1166 scivit,
425 1122 470 1156 ut
497 1115 689 1167 Philippi
716 1121 874 1165 statuoe,
898 1114 1093 1169 imagines
1122 1128 1267 1179 omnes,
1288 1113 1322 1138 ⁵4
1335 1116 1578 1180 nominaque
1590 1123 1726 1155 Decreta

155 1188 305 1222 earum,
335 1175 427 1213 item
457 1171 650 1226 majorum
681 1172 763 1225 ejus
792 1172 923 1213 virilis
951 1186 999 1212 ac
1028 1172 1233 1212 muli-ebiis
1260 1186 1374 1212 sexus
1404 1166 1768 1213 onmiumAthenien'
1747 1178 1786 1197 ¹·

152 1232 401 1296 tollerentur,
419 1231 747 1283 delerenturque
771 1230 857 1271 dzes
859 1229 983 1284 fistz,
1005 1243 1137 1279 sacra,
1154 1230 1390 1277 sacerdotes,
1408 1243 1497 1284 quae
1518 1231 1579 1284 ip-
1589 1209 1780 1295 {ffpssf‘hi'

155 1289 238 1329 sius
272 1287 510 1341 majorum-oe
543 1286 624 1341 ejus
663 1287 828 1327 honoris
861 1301 1001 1328 caussa
1043 1287 1232 1327 instituta
1267 1293 1406 1335 essent,
1443 1289 1578 1329 omnia

153 1344 532 1400 ⁵⁵prqfanarentur.
593 1345 706 1384 Loca
726 1358 892 1398 quoque,
917 1345 960 1384 in
982 1344 1122 1398 quibus
1133 1345 1312 1397 positum
1333 1345 1531 1398 aliquid
1515 1360 1577 1385 zn-

152 1404 391 1456 scriptumve
420 1403 580 1443 lionoris
605 1416 688 1456 ejus
716 1416 856 1442 caussa
868 1401 1037 1455 ficisset,
1061 1401 1318 1442 detestabilia
1338 1416 1432 1452 esse,
1454 1416 1580 1457 neque

151 1460 197 1500 in
220 1461 272 1501 iis
293 1460 512 1514 quidquam
525 1466 668 1512 postea
682 1460 787 1512 poni
801 1459 1058 1513 dedicarique
1072 1459 1236 1511 placere
1257 1473 1401 1507 eorum,
1424 1473 1513 1513 quae
1534 1461 1579 1501 in

154 1519 240 1558 loco
252 1531 359 1570 puro
373 1518 478 1570 poni
496 1515 752 1570 dedicarique
755 1517 836 1569 fas
855 1522 964 1556 esset.
1017 1515 1254 1555 Sacerdotes
1265 1515 1459 1568 publicos,
1482 1531 1579 1571 quo-

153 1576 392 1628 tiescumque
412 1587 494 1627 pro
517 1574 668 1627 populo
688 1573 940 1621 Atheniensi,
962 1573 1169 1626 sociisque,
1198 1578 1236 1612 et
1264 1573 1516 1623 exercitibus,
1539 1580 1578 1615 et

153 1632 343 1673 classibus
372 1644 504 1671 eorum
533 1637 816 1684 precarentur,
847 1631 964 1670 toties
992 1630 1188 1670 detestari
1220 1635 1342 1683 atque
1375 1633 1580 1672 exsecrari

155 1690 410 1742 Philippum,
437 1687 584 1728 liberos
613 1701 710 1741 ejus,
730 1701 984 1741 regnumque,
1007 1692 1225 1727 terrestres
1243 1687 1485 1741 navalesque
1513 1702 1577 1729 co-

146 1747 259 1800 pias,
282 1745 551 1786 Macedonum
576 1758 703 1799 genus
722 1758 835 1784 omne
855 1757 1084 1809 nomenque.
1115 1742 1309 1785 additum
1329 1743 1511 1796 decreto,
1533 1747 1578 1788 Si

153 1805 243 1860 quis
262 1804 362 1858 quid
372 1808 533 1856 postea,
557 1804 662 1856 quod
681 1802 738 1842 ad
755 1807 890 1842 uotam
912 1801 1255 1855 ignominiamque
1274 1801 1468 1855 Philippi
1478 1817 1577 1856 per.

151 1863 301 1902 tineret
303 1858 469 1912 ,serret,
491 1860 537 1900 id
555 1874 667 1900 omne
678 1860 873 1912 populum
894 1859 1174 1900 Atheniensem
1182 1871 1407 1912 ¹jussurum
1431 1860 1468 1900 si
1486 1861 1577 1914 quis

150 1925 291 1959 contra
323 1918 600 1972 ignominiam,
621 1931 746 1970 prove
779 1917 928 1956 honore
956 1915 1038 1970 ejus
1067 1916 1247 1964 dixisset,
1253 1915 1484 1970 secessetve,
1507 1919 1576 1972 qui

149 1976 355 2017 occidisset
384 1989 482 2024 eum,
493 1974 591 2029 jure
620 1987 820 2016 coesurum.
850 1979 1061 2030 postremo
1090 1972 1312 2022 inclusum,
1343 1973 1397 2014 Ut
1423 1976 1572 2026 omnia,

150 2046 237 2088 quae
255 2031 289 2056 ⁵⁶
303 2033 490 2074 adversus
510 2033 802 2074 Pisistratidas
821 2032 981 2071 decreta
1001 2031 1201 2085 quondam
1222 2035 1355 2080 erant,
1373 2032 1508 2072 eadem
1529 2033 1574 2073 in

153 2090 352 2143 Philippo
366 2096 633 2130 servarentur
665 2088 942 2131 Athenienses
963 2087 1135 2144 quidem
1150 2086 1318 2129 ⁵⁷literis
1334 2087 1571 2145 verbisque,

154 2147 309 2205 quibus
331 2146 426 2188 solis
444 2147 600 2197 valent,
621 2145 779 2187 bellum
799 2145 999 2187 adversus
1020 2144 1267 2201 Philippum
1286 2145 1499 2200 gerebant.

212 2203 353 2245 XLV.
386 2202 560 2245 Attalus
601 2202 881 2259 Romanique,
917 2216 1051 2258 quum
1092 2202 1299 2243 Piraeeum
1342 2202 1479 2258 primo
1518 2203 1571 2245 ab

198 2335 238 2365 53
270 2334 322 2364 Sex
354 2334 448 2364 millia
481 2334 623 2373 peditum,
655 2340 681 2362 et.
717 2332 840 2373 equites]
884 2332 924 2362 tis
946 2331 1079 2373 publicis
1099 2331 1232 2363 sublata.
1277 2331 1382 2373 Atque
1404 2332 1462 2363 hoc
1483 2331 1573 2363 nobis

156 2377 229 2408 Sine
243 2376 337 2408 dubio
353 2376 469 2408 excidit
483 2386 628 2406 numerus
643 2375 794 2416 equitum.
886 2375 1025 2417 placeret
1037 2372 1148 2415 magis.

199 2421 241 2451 54
273 2419 455 2461 Dominoque
494 2419 611 2460 earum]
664 2418 716 2448 .An
757 2417 839 2448 tituli
924 2419 965 2448 55
980 2418 998 2435 ξ
1012 2417 1270 2459 Prqfanarentur]
1295 2417 1335 2447 In
1355 2417 1519 2459 profanum
1541 2423 1570 2448 et

154 2463 265 2494 statuis
290 2462 428 2510 Philippi
454 2468 487 2493 et
506 2461 695 2503 imaginibus
720 2460 752 2490 ir.
774 2460 841 2501 ejus
882 2459 1089 2502 promiscuum
1118 2470 1208 2491 usum
1234 2464 1410 2501 statumque
1446 2471 1569 2492 revoca

155 2506 302 2537 honorem
325 2505 484 2547 inscripti?
512 2505 565 2536 ‚An
587 2503 747 2536 movendae
771 2509 842 2534 sunt
883 2508 999 2534 rentur.

155 2548 224 2580 loco
245 2549 293 2579 hae
308 2558 409 2584 voces,
433 2558 469 2579 ac
491 2547 658 2589 legendum
679 2557 718 2578 ex
731 2545 839 2578 Vicm-
926 2547 968 2577 56
989 2546 1141 2578 Adversus
1167 2546 1387 2587 Pisistratidas]
1418 2545 1570 2579 Pisistrati

155 2589 222 2623 rino
254 2591 361 2622 codice
394 2592 567 2638 nuruumque
592 2601 702 2626 earum,
730 2595 764 2620 et
796 2588 839 2621 sic
883 2589 1008 2637 tyranni
1035 2588 1125 2625 filios,
1152 2588 1315 2631 Hippiam,
1341 2595 1508 2636 tyrannum
1539 2592 1571 2619 et

157 2633 330 2665 ordinanda
352 2639 418 2666 tota
441 2633 548 2668 oratio,
569 2639 604 2664 ut
626 2633 762 2673 Philippi
781 2631 1067 2674 πει-19511111,ςυὶ
1088 2632 1204 2679 pulsus
1211 2631 1345 2663 Athenis
1360 2637 1416 2667 est,
1433 2630 1569 2673 Hippar-

156 2682 231 2712 tuoe,
265 2679 409 2719 imagines
447 2687 551 2712 omnes,
586 2679 655 2707 item
697 2677 841 2714 majorum
883 2675 976 2706 chum
997 2676 1038 2707 ab
1055 2674 1226 2707 Hasmodio
1240 2680 1271 2705 et
1290 2673 1500 2715 Aristogitone
1517 2683 1570 2705 oc·

157 2721 221 2758 q'us
244 2720 340 2750 virilis
365 2731 400 2750 ac
427 2721 575 2750 muliebris
599 2729 681 2750 senis
703 2720 841 2754 omnium,
885 2718 995 2754 cisum,
1010 2723 1042 2749 et
1053 2717 1248 2748 Thessalum.

158 2763 330 2802 nominaque
361 2774 471 2798 eorum,
500 2763 692 2793 tollerentur?
729 2765 764 2792 ut
794 2760 842 2791 in·
929 2762 968 2792 57
981 2763 999 2779 *
1010 2761 1148 2802 Litteris]
1172 2759 1309 2801 Scriptis,
1324 2758 1356 2790 id
1370 2762 1427 2795 est,
1440 2757 1571 2790 deca-etis

159 2804 337 2845 telligamur
367 2806 492 2837 nomina
516 2805 666 2846 majorum
681 2804 842 2846 Phihppi,
886 2803 918 2835 in
931 2803 1075 2848 publicas
1089 2804 1212 2835 tabulas
1227 2800 1339 2839 relatis.

160 2854 189 2877 et
214 2848 280 2887 ejus
303 2846 408 2889 ipsius,
435 2858 473 2878 ex
496 2848 637 2879 omnibus
662 2857 842 2879 monumen-

938 2904 961 2928 D
988 2890 1012 2927 4
