1947 3222
136 761 269 792 Mittunt
279 771 331 792 co-

135 804 202 845 pias
218 805 313 834 Lace-

134 847 315 878 daemonem

141 1674 327 1706 Alexameni

145 1719 245 1749 AEtoli
259 1729 327 1749 ora-

143 1760 184 1790 tio
200 1762 239 1792 ad
256 1762 322 1792 Na-

144 1803 207 1834 bin.

346 141 427 174 220
882 138 1019 186 11'1'1
1066 137 1240 174 LIVII

305 277 315 288 .
348 253 389 286 et
409 245 508 286 loris
527 244 678 287 ducere
707 260 852 301 equos,
873 246 1032 288 itineris
1059 246 1237 287 maxime
1264 245 1403 295 modo,
1426 243 1572 285 solutis
1601 244 1753 285 ordini-

305 321 315 332 ·
348 302 451 343 bus:
490 310 538 343 ut
564 302 785 344 comitatus
816 304 950 358 magis
982 303 1169 358 praefecti
1200 302 1427 351 videletur,
1455 315 1582 356 quam
1614 301 1755 356 praesi-

348 359 478 400 ‹llum-
545 359 612 400 Ibi
644 375 729 401 una
758 375 811 401 ex
846 359 994 400 turmis
1028 359 1083 400 ad
1112 367 1276 414 portam
1307 358 1466 407 relicta,
1501 373 1552 398 ne
1587 357 1754 398 excludi

347 415 604 471 subsequens
618 417 831 472 equitatus
850 424 1004 471 posset,
1020 415 1157 456 media
1176 416 1280 456 urbe
1301 430 1347 455 ac
1367 430 1442 471 per
1457 415 1611 464 forum,
1628 429 1755 455 manu

348 472 639 528 Eurylochum
660 482 818 521 tenens,
839 472 982 513 multls
1006 472 1326 513 obcurrentibus
1345 471 1755 527 gratulantibusque,

347 528 519 570 domum
540 529 728 570 deduxit.
783 528 890 569 Mox
912 537 1103 584 equltum
1123 529 1247 585 'plena
1266 529 1368 569 urbs
1388 536 1492 579 erat,
1514 537 1555 569 et
1576 529 1665 569 loca
1673 543 1758 592 Pp*

347 593 531 640 portuna
559 586 884 640 occupabantur.
920 593 1010 626 tum
1041 585 1085 626 in
1115 586 1259 626 domos
1287 585 1415 636 missi,
1447 586 1521 641 qui
1552 585 1759 640 principes

348 641 534 738 ssdversae
563 642 755 684 factionis
789 642 1080 684 interficerent.
1142 644 1212 684 Ita
1246 642 1484 683 Demetrias
1516 641 1760 683 AEtolorum

368 707 461 740 acta
480 707 556 739 est.

409 756 608 796 XXXV.
642 755 942 797 Lacedaemone
977 770 1059 796 non
1095 755 1190 796 urbi
1223 755 1286 796 vis
1320 755 1559 806 adferenda,
1593 755 1664 796 sed
1696 763 1761 810 ty-

350 826 504 854 rannus
540 812 636 853 dolo
675 812 901 868 capiendus
941 821 1055 854 erat:
1103 827 1244 877 quem,
1281 811 1505 875 spoliatum
1545 813 1763 854 maritimis

349 867 515 924 oppidis
545 884 570 909 a
600 870 816 920 Romanis,
847 878 948 911 tunc
977 869 1088 910 intra
1114 869 1268 910 moenia
1297 868 1421 910 etiam
1452 869 1764 910 Lacedaemonis

350 926 403 965 ab
429 925 594 966 Achaeis
620 926 897 981 compulsum,
919 926 994 981 qui
1021 934 1263 982 occupasset
1293 924 1494 977 occldere,
1516 941 1611 966 eum
1633 926 1763 967 totius

349 981 528 1037 gratiam
560 982 619 1023 rei
651 983 767 1039 apud
803 983 1141 1024 Lacedaemonlos
1174 983 1371 1024 laturum.
1434 984 1634 1024 Caussam
1668 982 1765 1023 mit-

349 1039 465 1080 tendi
487 1039 541 1081 ad
561 1055 657 1080 eum
678 1041 931 1090 habuerunt,
949 1040 1065 1096 quod
1084 1040 1289 1096 fatigabat
1308 1039 1517 1095 precibus,
1539 1048 1588 1082 ut
1609 1038 1766 1080 auxilia

351 1095 442 1145 sibi,
476 1112 609 1152 quum
638 1097 720 1137 illis
749 1097 990 1139 auctoribus
1018 1097 1271 1160 rebellasset,
1302 1096 1581 1139 mitterentur.
1643 1095 1766 1136 Mille

349 1153 511 1208 pedites
538 1154 799 1194 Alexameno
824 1154 911 1195 dati
939 1163 1052 1204 sunt,
1083 1162 1124 1196 et
1157 1154 1330 1209 triginta
1357 1153 1505 1194 delecti
1536 1170 1587 1195 ex
1615 1154 1767 1210 juven-

351 1217 443 1250 tute
475 1211 648 1266 equites.
708 1210 825 1252 2²Iis¹
862 1226 886 1251 a
921 1220 1101 1267 praetore
1142 1190 1385 1251 Damocrito
1419 1211 1462 1250 in
1497 1211 1667 1252 consilio
1701 1225 1766 1250 ar-

350 1281 452 1307 cano
472 1268 624 1323 gentiS,
645 1267 697 1308 de
718 1283 804 1323 quo
828 1276 924 1309 ante
945 1268 1102 1309 dictum
1129 1277 1206 1319 est,
1227 1266 1540 1317 denunciatum,
1564 1268 1630 1308 Ne
1649 1281 1691 1306 se
1711 1267 1767 1306 ad

351 1323 494 1365 bellum
518 1325 736 1365 Achaicum
766 1332 836 1365 aut
867 1340 950 1365 rem
980 1325 1115 1374 ullam,
1143 1339 1260 1380 quam
1290 1338 1364 1364 sua
1394 1324 1558 1379 quisque
1587 1325 1767 1378 opinione

349 1382 561 1434 proecipere
580 1388 724 1434 posset,
748 1383 948 1423 crederent
980 1383 1116 1423 missos
1138 1397 1235 1432 esse.
1268 1381 1457 1435 quidquid
1478 1382 1766 1424 Alexamenum

354 1452 414 1478 res
434 1439 647 1479 monuisset
666 1440 790 1479 subiti
809 1440 959 1481 consilii
981 1454 1132 1493 capere,
1155 1441 1210 1480 ad
1235 1440 1286 1488 id,
1310 1439 1486 1492 quamvis
1512 1440 1767 1504 inopinatum,

355 1497 620 1545 temerarium,
647 1497 799 1546 audax,
823 1497 1046 1538 obedienter
1075 1497 1359 1552 exsequendum
1387 1497 1522 1549 parati
1552 1503 1693 1547 essent,
1719 1509 1771 1535 ac

352 1567 428 1605 pro
459 1568 503 1593 eo
533 1554 764 1609 acciperent,
790 1561 990 1608 tamquam
1021 1556 1075 1595 acl
1103 1555 1146 1595 id
1175 1568 1289 1594 unum
1321 1554 1523 1606 agendum
1551 1554 1691 1594 missos
1719 1553 1771 1592 ab

358 1611 474 1651 domo
493 1626 535 1652 se
554 1612 710 1652 scirent.
769 1612 878 1652 Cum
899 1612 963 1653 his
983 1611 1043 1653 ita
1061 1610 1306 1668 praeparatis
1328 1610 1611 1653 Alexamenus
1632 1611 1685 1652 ad
1705 1618 1771 1666 ty-

359 1683 538 1709 lannum
559 1668 687 1718 venit,
709 1683 833 1724 quem
856 1669 1078 1709 adveniens
1101 1668 1311 1723 extemplo
1333 1668 1419 1724 spei
1440 1668 1626 1724 inplevit.
1688 1668 1773 1708 An-

362 1725 526 1765 tiochum
545 1723 635 1779 J‘am
665 1726 706 1766 111
727 1726 933 1778 Europam
965 1721 1164 1775 transisse,
1186 1740 1276 1765 111οω
1304 1725 1346 1764 111
1369 1724 1531 1767 Graecz'a
1550 1724 1664 1778 fore‚·
1701 1731 1775 1766 ter-

360 1796 441 1831 ras,
464 1783 608 1833 maria,
629 1783 766 1831 armis,
788 1783 882 1823 viris
911 1783 1202 1836 completurum.
1264 1782 1357 1822 Non
1378 1797 1462 1822 cum
1482 1784 1674 1835 Philippo
1693 1796 1773 1822 rem

360 1853 443 1880 esse
471 1840 686 1880 credituros
717 1840 930 1881 Romanos.
970 1855 1168 1881 numerum
1198 1839 1291 1880 iniri
1319 1840 1496 1892 peditum
1526 1841 1774 1895 equitumque

359 1912 408 1938 ac
429 1897 588 1938 navium
618 1912 694 1938 non
711 1911 842 1949 posse:
873 1898 1168 1951 elephantorum
1197 1897 1322 1937 aciem
1353 1905 1559 1951 conspectu.
1591 1897 1674 1950 ipso
1704 1898 1773 1937 de-

360 1954 604 1995 bellaturum.
666 1955 824 1995 AEtolos
846 1961 929 1996 toto
958 1969 1028 1996 suo
1049 1955 1221 1996 exercitu
1252 1961 1416 2007 paratos
1437 1969 1517 1996 esse
1536 1955 1667 1995 venire
1687 1955 1775 1995 La-

359 2013 635 2061 cedaemonem,
654 2026 771 2066 quum
792 2026 855 2053 res
872 2020 1027 2065 poscat:
1052 2014 1121 2054 sed
1131 2011 1362 2067 frequentes
1377 2019 1555 2053 armatos
1575 2013 1777 2052 ostendere

361 2070 587 2110 advenienti
625 2070 715 2124 regi
753 2070 927 2112 voluisse.
991 2071 1143 2112 Nabidi
1177 2083 1330 2124 quoque
1361 2077 1397 2110 et
1432 2070 1508 2122 ipsi
1536 2068 1776 2122 faciendum

362 2141 458 2176 esse,
482 2133 538 2175 ut,
562 2141 662 2181 quas
693 2128 852 2168 haberet
872 2128 1017 2180 copias,
1041 2143 1116 2169 non
1145 2129 1284 2168 sineret
1314 2128 1384 2167 sub
1405 2127 1512 2168 tectis
1541 2140 1778 2167 marcescere

361 2185 456 2224 otio:
488 2186 558 2224 sed
579 2186 772 2233 educeret,
795 2191 831 2225 et
853 2186 894 2225 in
916 2186 1040 2225 armis
1060 2187 1263 2226 decurrere
1293 2191 1463 2239 cogeret,
1484 2185 1608 2234 simul<
1627 2184 1777 2224 animos

362 2248 533 2289 acueret,
555 2247 594 2281 et
621 2256 785 2293 corpora
816 2250 1020 2283 exerceret.
1085 2243 1371 2284 Consuetudine
1401 2242 1576 2283 leviorem
1605 2242 1776 2282 laborem

351 2297 468 2350 fore.-
509 2305 546 2338 et
575 2300 754 2339 comitate
783 2313 831 2339 ac
859 2300 1105 2354 henin-nitate
1131 2300 1242 2340 ducis
1272 2300 1391 2340 etiam
1418 2314 1496 2339 non
1523 2297 1776 2352 injuczmdum

350 2355 448 2407 fieri
474 2369 599 2408 posse.
662 2355 800 2397 Educi
832 2356 927 2397 inde
957 2357 1198 2414 frequenter
1227 2366 1323 2398 ante
1351 2355 1526 2397 ulbem
1518 2371 1560 2397 in
1581 2370 1776 2411 campum

364 2413 417 2454 ad
441 2414 646 2453 Eurotam
677 2428 838 2453 amnem
867 2429 1039 2470 coepere.
1103 2414 1309 2455 Satellites
1338 2413 1504 2469 tyranni
1526 2412 1663 2453 media
1691 2412 1777 2452 fere

365 2469 407 2510 in
427 2470 513 2509 acie
545 2470 839 2519 consistebant,
862 2479 1066 2526 tyrannus
1095 2486 1190 2511 cum
1221 2471 1357 2512 tribus
1388 2484 1595 2510 summum
1626 2468 1777 2524 equiti-

366 2527 461 2575 bus,
483 2526 590 2567 intel
612 2542 717 2581 quos
738 2502 986 2583 plerinnque
1008 2528 1293 2568 Alexamenus
1313 2536 1416 2575 erat,
1433 2534 1528 2567 ante
1551 2526 1667 2581 signa
1688 2541 1780 2566 vec-

367 2583 551 2633 tabatur,
585 2598 741 2623 cornua
770 2592 955 2624 extrema
984 2585 1187 2630 mvisens;
1231 2585 1274 2624 in
1301 2584 1450 2625 dextro
1484 2598 1612 2624 cornu
1646 2582 1778 2624 Etoli

368 2647 499 2690 crant,
522 2649 562 2680 et
584 2639 658 2695 qui
680 2649 775 2680 ante
796 2640 1016 2682 auxiliares
1037 2643 1203 2696 tyranni
1224 2641 1406 2691 fuerant,
1423 2649 1461 2681 et
1485 2640 1559 2695 qui
1582 2647 1779 2681 venerant

1004 2726 1006 2728 ’
1002 2725 1082 2755 'His
1098 2727 1187 2755 Crev.

411 2804 453 2833 22
482 2803 537 2832 llis
563 2814 580 2831 a
609 2808 731 2841 proetore
760 2802 942 2848 Damocrito]
987 2802 1057 2838 'lri-
1097 2801 1207 2831 melius
1250 2800 1368 2834 intelli:
1360 2806 1449 2834 atur.
1494 2800 1683 2840 reposuimus
1727 2801 1779 2833 his,

370 2846 455 2880 amn
483 2845 648 2886 (quiritum
682 2851 713 2874 ut
742 2851 827 2886 patet
853 2854 888 2874 cx
919 2855 954 2874 115
982 2855 1050 2885 quw
1095 2844 1248 2893 quomodo
1275 2844 1365 2875 habet
1393 2844 1487 2875 (odcx
1518 2843 1704 2878 muninus,
1729 2853 1779 2883 pro

375 2889 623 2919 mrmombuntur
662 2888 748 2917 infra.
806 2887 920 2927 Awuc,
953 2895 982 2918 ut
1022 2887 1050 2917 ’111
1098 2890 1129 2917 ri
