1947 3222
503 114 621 151 LIB.
652 113 827 151 XXXII.
872 113 1004 150 CAP.
1035 114 1227 153 XXXIX.
1526 125 1572 157 85

163 221 392 265 tumultum
423 223 530 263 inter
564 221 744 276 primum
776 220 939 276 elapsis,
961 236 1102 262 eorum
1133 223 1365 265 absentium
1396 226 1569 283 dircptae
1585 237 1763 271 U.C.555.

159 279 362 320 fortunae:
396 277 669 334 praesentibus
698 292 848 317 aurum
869 285 997 333 atquc
1018 287 1237 333 argentum
1258 281 1467 324 ablatum:
1500 300 1570 340 pe—
1582 281 1622 312 Α·
1638 281 1675 312 C·
1692 282 1763 314 197.

157 336 290 376 cuniae
329 336 543 390 imperatae
583 334 779 389 ingentes.
825 333 898 389 qui
938 349 1017 375 non
1060 343 1303 377 cunctanter
1342 340 1566 391 contulere,

157 392 242 433 sine
263 391 512 433 contumelia
531 398 572 431 et
603 390 848 431 laceratione
879 406 1096 448 corporum
1121 402 1218 433 sunt
1246 393 1428 435 dimissi:
1462 413 1567 452 quos

154 449 340 491 occulere
359 456 431 488 aut
464 447 671 489 retrahere
691 447 851 503 aliquid
882 448 1061 504 suspicio
1084 448 1180 498 fuit,
1204 449 1245 489 in
1271 450 1455 492 servilem
1480 469 1565 494 mo-
1580 465 1714 495 Nabidis

153 507 256 547 dum
278 504 445 546 lacerati
475 513 603 559 atque
634 505 802 545 extorti.
864 504 1070 546 Coneione
1101 505 1196 546 inde
1223 506 1435 556 advocata,
1457 508 1490 532 ⁵4
1503 525 1566 550 ro-
1579 509 1705 554 affirm?
1719 512 1750 538 et

152 563 361 619 gationem
390 560 698 616 promulgavit;
734 575 858 601 unam
878 560 969 601 ⁵5de
990 561 1144 603 tabulis
1168 562 1299 612 novis,
1321 563 1491 605 alteram
1513 567 1565 607 de
1579 551 1753 581 crudentas.

151 634 251 674 agro
271 617 426 658 viritim
442 617 691 664 dividendo;
723 618 828 659 duas
849 617 958 658 faces
978 619 1228 660 novantibus
1248 635 1312 661 res
1328 620 1381 660 ad
1402 621 1564 676 plebem

148 677 192 717 in
212 675 434 730 optimates
454 674 770 715 accendendam.

206 731 444 772 XXXIX.
476 730 509 754 ⁵⁶
520 731 743 787 Postquam
789 730 831 771 in
874 739 1080 788 potestate
1120 733 1379 788 Argivorum
1419 736 1564 779 civitas

146 797 249 838 erat,
281 788 385 828 nihil
415 788 505 843 ejus
533 803 690 828 memor
726 795 942 843 tyrannus,
971 804 996 829 a
1029 804 1115 844 quo
1146 805 1236 831 eam
1271 791 1495 844 civitatem,
1522 803 1562 836 et

147 861 274 901 quam
305 845 348 885 in
368 844 647 886 conditionem
676 844 912 900 accepisset,
935 845 1092 900 legatos
1113 846 1295 888 Elatiam
1326 849 1380 889 ad
1411 851 1564 900 Quinc-

147 903 268 953 tium,
298 910 338 942 et
370 901 567 942 Attalum
597 900 766 955 AEginae
800 901 1088 942 hibernantem
1120 902 1265 954 mittit,
1287 905 1361 959 qui
1395 907 1563 949 nuncia-

145 967 253 1009 rent,
276 958 408 1012 Argos
438 959 481 998 in
503 964 705 1010 potestate
733 971 805 1005 sua
836 971 929 997 esse.
962 973 1005 997 eo
1033 959 1071 998 si
1100 961 1254 1000 veniret
1278 960 1488 1008 Quinctius
1508 967 1566 1005 ad

143 1016 407 1069 conloquium,
443 1028 521 1054 non
566 1015 764 1069 diffidere,
803 1014 883 1054 sibi
920 1016 1055 1054 omnia
1095 1030 1178 1056 cum
1219 1031 1263 1056 eo
1302 1027 1560 1062 conventura.

147 1072 381 1122 Quinctius,
401 1078 448 1112 ut
468 1086 516 1112 eo
537 1085 707 1126 quoque
728 1070 922 1126 praesidio
945 1071 1190 1127 Philippum
1212 1073 1405 1126 nudaret,
1428 1093 1558 1133 quum

143 1129 353 1170 adnuisset
376 1143 417 1168 se
438 1135 678 1177 venturum,
702 1127 831 1168 mittit
853 1127 906 1168 ad
928 1128 1141 1179 Attalum,
1163 1137 1211 1170 ut
1241 1130 1295 1171 ab
1318 1133 1473 1187 AEgina
1498 1136 1560 1176 Si-

142 1200 314 1241 cyonem
345 1183 422 1225 sibi
451 1184 707 1233 obcurreret,
729 1183 816 1239 ipse
845 1184 898 1224 ab
920 1185 1128 1241 Anticyra
1147 1185 1290 1227 decem
1311 1189 1562 1246 quinquere-

140 1242 293 1291 mibus,
316 1256 420 1296 quas
449 1240 499 1281 iis
533 1241 642 1281 forte
677 1240 776 1296 ipsis
807 1240 954 1282 diebus
983 1242 1034 1281 L.
1059 1242 1281 1291 Quinctius
1311 1245 1440 1287 frater
1470 1249 1560 1302 ejus

139 1297 374 1339 adduxerat
395 1313 445 1338 ex
474 1297 655 1338 hibernis
679 1299 888 1353 Corcyrae,
913 1298 1131 1354 Sicyonem
1162 1301 1400 1343 transmisit.
1460 1295 1559 1347 J'am

138 1356 198 1397 ibi
220 1354 394 1395 Attalus
415 1362 527 1401 erat;
553 1354 642 1410 qui,
665 1369 795 1409 quum
820 1363 998 1410 tyranno
1013 1355 1066 1395 ad
1085 1356 1322 1398 Romanum
1339 1358 1560 1416 imperato-

137 1427 241 1461 rem,
262 1426 343 1451 non
366 1412 557 1452 Romano
581 1411 635 1451 ad
665 1419 906 1466 tyrannum,
928 1412 1114 1452 eundum
1135 1412 1304 1464 diceret,
1326 1415 1369 1456 in
1399 1426 1559 1459 senten-

138 1469 239 1511 tiam
270 1482 387 1508 suam
410 1467 655 1518 Quinctium
685 1468 890 1517 traduxit,
922 1483 972 1508 ne
1002 1468 1044 1508 in
1081 1469 1226 1510 urbem
1262 1472 1392 1526 ipsam
1417 1475 1558 1529 Argos
1572 1488 1706 1519 Nabidis

138 1525 232 1566 iret.
289 1523 463 1564 ⁵⁷Haud
492 1523 640 1579 procul
670 1524 773 1564 urbe
799 1523 1019 1579 Mycenica
1039 1534 1224 1566 vocatur.
1256 1527 1298 1567 in
1319 1543 1367 1569 eo
1398 1519 1492 1571 loco
1509 1541 1555 1573 ut
1570 1541 1639 1579 ⁰¹¹¹?
1691 1574 1695 1578 .

137 1580 504 1637 congrederentur,
527 1580 729 1621 convenit.
793 1580 1013 1630 Quinctius
1040 1596 1134 1621 cum
1166 1582 1294 1624 fratre
1315 1593 1355 1626 et
1378 1586 1555 1629 tribunis
1570 1575 1717 1646 lencno

136 1638 319 1680 militum
354 1637 512 1693 paucis,
546 1636 721 1677 Attalus
755 1652 849 1677 cum
890 1637 1004 1692 regio
1039 1639 1254 1688 comitatu,
1292 1641 1555 1686 Nicostratus
1567 1626 1685 1699 {sisinii-1,

138 1695 393 1736 Achaeorum
413 1701 570 1749 praetor
590 1707 685 1733 cum
706 1693 980 1734 auxiliaribus
1007 1694 1149 1749 paucis
1173 1696 1296 1738 venit.
1329 1705 1554 1753 tyrannum

135 1751 196 1793 ibi
213 1765 311 1794 cum
331 1750 524 1791 omnibus
554 1749 681 1805 copiis
701 1750 986 1805 opperientem
1017 1750 1277 1794 invenerunt.
1309 1768 1554 1811 progressus

135 1814 320 1850 armatus
339 1806 373 1831 ⁵⁸
388 1822 483 1848 cum
515 1806 764 1847 satellitibus
794 1807 982 1848 armatist
1003 1816 1064 1848 est
1091 1808 1135 1848 in
1164 1809 1349 1851 medium
1380 1813 1465 1854 fere
1493 1813 1554 1855 in-

133 1864 371 1921 terjacentis
400 1863 560 1920 campi:
593 1862 760 1904 inermis
782 1863 1002 1913 Quinctius
1032 1879 1128 1905 cum
1158 1865 1287 1907 fratre
1313 1875 1355 1908 et
1385 1869 1553 1912 duobus

133 1921 314 1963 tribunis
343 1920 550 1972 mili-tum:
583 1920 758 1961 inermi¹¹
788 1920 884 1961 item
922 1920 1010 1976 regi
1046 1930 1202 1976 praetor
1224 1924 1479 1968 Achaeorum
1509 1939 1551 1969 et

131 1993 241 2019 unus
262 1992 313 2018 ex
347 1977 592 2033 purpuratis
626 1977 736 2017 latus
766 1977 999 2033 cingebant.
1063 1978 1238 2020 Initium
1269 1984 1467 2023 sermonis
1496 1985 1550 2025 ab

128 2034 393 2076 excusatione
433 2034 599 2089 tyranni
633 2042 788 2084 ortum,
824 2035 931 2088 quod
967 2042 1149 2076 armatus
1183 2038 1269 2089 ipse
1303 2041 1551 2095 armatisque

126 2098 274 2145 septus,
296 2105 412 2145 quum
433 2092 602 2132 inermes
621 2091 849 2132 Romanum
872 2091 1149 2144 imperatorem
1180 2107 1386 2148 regemque
1413 2112 1549 2138 cerne-

127 2154 204 2199 ret,
220 2152 265 2189 in
283 2149 533 2202 conloquium
553 2149 730 2189 venisset.
749 2147 915 2202 ⁵⁹neque
935 2150 1038 2188 enim
1058 2163 1100 2190 se
1119 2150 1210 2191 illos
1228 2151 1383 2203 timere,
1400 2152 1507 2196 dixit
1516 2164 1546 2204 x,

125 2207 196 2247 sed
214 2206 364 2246 exsules
388 2206 637 2259 Argivorum.
690 2204 819 2255 Inde,
841 2205 913 2245 ubi
939 2205 992 2246 de
1019 2206 1327 2248 conditionibus
1353 2209 1545 2253 amicitiae

128 2270 314 2319 coeptum
349 2261 416 2318 agi
451 2269 527 2312 est,
560 2262 776 2302 Romanus
810 2261 915 2302 duas
954 2263 1165 2318 postulare
1200 2279 1287 2305 res:
1321 2279 1462 2316 unam,
1494 2277 1543 2310 ut

252 2351 264 2373 t
279 2353 399 2382 armatis
413 2350 475 2382 del.
493 2351 590 2382 Gron.
675 2352 692 2371 ¹¹
707 2351 826 2380 inermes
839 2349 937 2381 Gron.
953 2350 1044 2382 Crev.
1129 2353 1148 2373 Χ
1160 2353 1234 2382 dixit
1248 2351 1309 2383 del.
1325 2352 1414 2385 Eaed.

168 2427 210 2457 54
247 2425 452 2468 Rogationem]
512 2425 580 2456 Imo
634 2426 811 2467 rogationes:
897 2425 937 2454 57
962 2424 1058 2454 Haud
1083 2427 1186 2465 procul
1212 2427 1283 2457 urbe
1310 2427 1465 2462 Bsucenica
1494 2441 1541 2459 vo-

126 2479 222 2510 quum
235 2468 306 2499 duae
321 2478 392 2499 mox
405 2473 623 2499 memorentur.
853 2472 950 2497 catur.
995 2467 1033 2496 1η
1054 2478 1085 2498 eo
1107 2469 1180 2509 loco]
1214 2468 1311 2499 Haud
1337 2462 1443 2511 procul
1466 2473 1541 2503 urbe

170 2513 210 2543 55
233 2512 279 2542 De
307 2512 412 2542 tabulis
438 2511 531 2552 novis]
577 2511 629 2541 De
658 2507 811 2540 abolendo
854 2509 947 2550 Argis
968 2508 1054 2540 locus
1072 2516 1129 2550 est,
1146 2511 1199 2553 qui
1222 2512 1390 2554 Mycenica
1405 2520 1540 2545 vocatur.

126 2563 186 2584 aere
207 2554 319 2589 alieno,
339 2553 383 2584 ita
405 2558 440 2584 ut
460 2559 598 2585 veterum
619 2552 807 2588 tabularum,
852 2552 892 2582 In
906 2562 941 2582 eo
957 2552 1024 2582 loco
1040 2574 1048 2583 .
1065 2574 1073 2583 .
1089 2575 1097 2583 .

127 2596 239 2637 quibus
261 2596 410 2639 pecunias
432 2606 451 2626 a
472 2606 505 2627 se
528 2595 661 2627 creditas
678 2595 808 2636 quisque
894 2595 935 2625 58
969 2595 1045 2625 Cum
1080 2596 1252 2628 satellitibus
1286 2599 1421 2639 armatis]
1468 2599 1537 2629 Vox

127 2644 332 2679 conmgnarat,
347 2635 451 2669 'nullus
468 2638 535 2679 jam
558 2649 641 2674 usus,
656 2638 743 2668 nulla
763 2637 808 2667 vis
851 2635 961 2667 ultima
983 2637 1107 2678 adjecta
1128 2644 1185 2674 est,
1202 2646 1345 2671 monente
1359 2650 1396 2671 ex
1417 2640 1538 2682 scriptis

127 2687 218 2716 esset,
234 2691 381 2723 novaeque
402 2682 517 2712 tabulae
531 2680 571 2713 de
592 2681 711 2722 integro
734 2690 807 2711 con·
851 2679 914 2710 suis
928 2681 948 2711 J
953 2690 1001 2714 ae.
1016 2681 1181 2712 Gronovio·
1225 2682 1443 2724 Adstipulatur
1459 2684 1537 2714 Vie-

126 2723 215 2754 ficere
219 2729 296 2754 ntur.
850 2727 907 2754 tor.

167 2766 209 2797 56
233 2765 419 2807 Posteaquam
453 2768 486 2797 in
518 2766 671 2806 potestate]
717 2765 805 2795 Post-
892 2765 933 2796 59
958 2765 1059 2805 Neque
1081 2767 1158 2796 enim
1179 2768 1291 2798 se'illos
1313 2767 1429 2808 timere]
1454 2768 1535 2799 Vul-

124 2818 256 2850 eaquam
290 2810 322 2838 in
350 2808 483 2848 Nabidis
517 2814 669 2852 potestate
696 2807 807 2840 civitas
849 2807 914 2848 gati
939 2807 1129 2848 adjiciebant
1153 2811 1237 2840 ‹liz-it.
1283 2809 1431 2842 Resoeuit
1454 2811 1534 2843 Gro-

124 2851 308 2893 Argivorum
323 2856 399 2882 erat.
850 2850 959 2882 novius
971 2851 1137 2883 obsecutus
1150 2851 1369 2885 Freinshemio.

907 2893 981 2934 <23
