<?xml version="1.0" encoding="UTF-8"?>
<!DOCTYPE html PUBLIC "-//W3C//DTD XHTML 1.0 Transitional//EN"
    "http://www.w3.org/TR/xhtml1/DTD/xhtml1-transitional.dtd">
<html xmlns="http://www.w3.org/1999/xhtml" xml:lang="en" lang="en">
 <head>
  <title>
</title>
<meta http-equiv="Content-Type" content="text/html;charset=utf-8" />
  <meta name='ocr-system' content='tesseract 3.04.00' />
  <meta name='ocr-capabilities' content='ocr_page ocr_carea ocr_par ocr_line ocrx_word'/>
</head>
<body>
  <div class='ocr_page' id='page_1' title='image "./historiarumaburb03livyuoft_0265.png"; bbox 0 0 1947 3222; ppageno 0'>
   <div class='ocr_carea' id='block_1_1' title="bbox 506 159 1546 201">
    <p class='ocr_par' dir='ltr' id='par_1_1' title="bbox 506 159 1546 201">
     <span class='ocr_line' id='line_1_1' title="bbox 506 159 1546 201; baseline 0.002 -2"><span class='ocrx_word' id='word_1_1' title='bbox 506 160 627 199; x_wconf 89' lang='lat' dir='ltr'>LIB.</span> <span class='ocrx_word' id='word_1_2' title='bbox 654 159 846 198; x_wconf 89' lang='lat' dir='ltr'>XXXVI.</span> <span class='ocrx_word' id='word_1_3' title='bbox 888 161 1022 197; x_wconf 82' lang='lat' dir='ltr'>CAP.</span> <span class='ocrx_word' id='word_1_4' title='bbox 1050 161 1166 198; x_wconf 83' lang='lat' dir='ltr'>XXI.</span> <span class='ocrx_word' id='word_1_5' title='bbox 1472 167 1546 201; x_wconf 78' lang='lat'>255</span> 
     </span>
    </p>
   </div>
   <div class='ocr_carea' id='block_1_2' title="bbox 136 269 1547 333">
    <p class='ocr_par' dir='ltr' id='par_1_2' title="bbox 136 269 1547 333">
     <span class='ocr_line' id='line_1_2' title="bbox 136 269 1547 333; baseline 0.001 -22"><span class='ocrx_word' id='word_1_6' title='bbox 136 270 334 320; x_wconf 89' lang='lat' dir='ltr'>militum,</span> <span class='ocrx_word' id='word_1_7' title='bbox 356 285 475 333; x_wconf 87' lang='lat' dir='ltr'>quos,</span> <span class='ocrx_word' id='word_1_8' title='bbox 507 269 686 333; x_wconf 83' lang='lat' dir='ltr'>Polybio</span> <span class='ocrx_word' id='word_1_9' title='bbox 716 278 899 319; x_wconf 82' lang='lat' dir='ltr'>auctore,</span> <span class='ocrx_word' id='word_1_10' title='bbox 930 269 1138 326; x_wconf 86' lang='lat' dir='ltr'>trajecisse</span> <span class='ocrx_word' id='word_1_11' title='bbox 1168 284 1306 311; x_wconf 88' lang='lat' dir='ltr'>secum</span> <span class='ocrx_word' id='word_1_12' title='bbox 1336 287 1474 327; x_wconf 87' lang='lat' dir='ltr'>regem</span> <span class='ocrx_word' id='word_1_13' title='bbox 1505 272 1547 312; x_wconf 90' lang='lat' dir='ltr'>in</span> 
     </span>
    </p>
   </div>
   <div class='ocr_carea' id='block_1_3' title="bbox 1562 285 1739 317">
    <p class='ocr_par' dir='ltr' id='par_1_3' title="bbox 1562 285 1739 317">
     <span class='ocr_line' id='line_1_3' title="bbox 1562 285 1739 317; baseline -0.019 0"><span class='ocrx_word' id='word_1_14' title='bbox 1562 285 1739 317; x_wconf 89' lang='lat' dir='ltr'>U.C.561</span> 
     </span>
    </p>
   </div>
   <div class='ocr_carea' id='block_1_4' title="bbox 139 325 1738 389">
    <p class='ocr_par' dir='ltr' id='par_1_4' title="bbox 139 325 1738 389">
     <span class='ocr_line' id='line_1_4' title="bbox 139 325 1738 389; baseline 0.001 -21"><span class='ocrx_word' id='word_1_15' title='bbox 139 328 344 368; x_wconf 70' lang='lat' dir='ltr'>Graeciam</span> <span class='ocrx_word' id='word_1_16' title='bbox 376 341 644 389; x_wconf 43' lang='lat' dir='ltr'>scnpslmus,·</span> <span class='ocrx_word' id='word_1_17' title='bbox 650 326 830 382; x_wconf 79' lang='lat' dir='ltr'>exiguus</span> <span class='ocrx_word' id='word_1_18' title='bbox 853 340 1064 367; x_wconf 89' lang='lat' dir='ltr'>numerus.</span> <span class='ocrx_word' id='word_1_19' title='bbox 1097 325 1201 381; x_wconf 85' lang='lat' dir='ltr'>quid</span> <span class='ocrx_word' id='word_1_20' title='bbox 1223 326 1255 366; x_wconf 89' lang='lat' dir='ltr'>si</span> <span class='ocrx_word' id='word_1_21' title='bbox 1277 328 1441 369; x_wconf 86' lang='lat' dir='ltr'><strong>Antiati</strong></span> <span class='ocrx_word' id='word_1_22' title='bbox 1465 329 1601 369; x_wconf 83' lang='lat' dir='ltr'>Va-A-</span> <span class='ocrx_word' id='word_1_23' title='bbox 1615 329 1652 360; x_wconf 91' lang='lat' dir='ltr'>C.</span> <span class='ocrx_word' id='word_1_24' title='bbox 1667 328 1738 358; x_wconf 88' lang='lat'>191.</span> 
     </span>
    </p>
   </div>
   <div class='ocr_carea' id='block_1_5' title="bbox 133 360 1560 2369">
    <p class='ocr_par' dir='ltr' id='par_1_5' title="bbox 134 360 1548 723">
     <span class='ocr_line' id='line_1_5' title="bbox 134 360 1548 439; baseline 0.001 -15"><span class='ocrx_word' id='word_1_25' title='bbox 134 383 236 425; x_wconf 88' lang='lat' dir='ltr'>lerio</span> <span class='ocrx_word' id='word_1_26' title='bbox 256 384 486 432; x_wconf 76' lang='lat' dir='ltr'>medamus,</span> <span class='ocrx_word' id='word_1_27' title='bbox 508 382 723 438; x_wconf 84' lang='lat' dir='ltr'>sexaginta</span> <span class='ocrx_word' id='word_1_28' title='bbox 719 360 880 423; x_wconf 59' lang='lat' dir='ltr'>amima</span> <span class='ocrx_word' id='word_1_29' title='bbox 909 382 1089 424; x_wconf 89' lang='lat' dir='ltr'>militum</span> <span class='ocrx_word' id='word_1_30' title='bbox 1121 382 1280 423; x_wconf 84' lang='lat' dir='ltr'>fuisse</span> <span class='ocrx_word' id='word_1_31' title='bbox 1270 398 1311 423; x_wconf 89' lang='grc'>111</span> <span class='ocrx_word' id='word_1_32' title='bbox 1342 385 1457 439; x_wconf 87' lang='grc'><strong>16810</strong></span> <span class='ocrx_word' id='word_1_33' title='bbox 1478 401 1548 426; x_wconf 82' lang='lat' dir='ltr'>ex-</span> 
     </span>
     <span class='ocr_line' id='line_1_6' title="bbox 137 418 1548 505; baseline 0.001 -24"><span class='ocrx_word' id='word_1_34' title='bbox 137 442 271 482; x_wconf 85' lang='grc'><strong>6161111</strong></span> <span class='ocrx_word' id='word_1_35' title='bbox 311 439 519 489; x_wconf 85' lang='lat' dir='ltr'>scribenti,</span> <span class='ocrx_word' id='word_1_36' title='bbox 555 439 835 495; x_wconf 85' lang='lat' dir='ltr'>quadraginta</span> <span class='ocrx_word' id='word_1_37' title='bbox 874 439 971 480; x_wconf 90' lang='lat' dir='ltr'>inde</span> <span class='ocrx_word' id='word_1_38' title='bbox 1009 439 1140 480; x_wconf 86' lang='lat' dir='ltr'>millia</span> <span class='ocrx_word' id='word_1_39' title='bbox 1179 418 1414 489; x_wconf 62' lang='lat' dir='ltr'>cecidisse,D</span> <span class='ocrx_word' id='word_1_40' title='bbox 1422 457 1548 505; x_wconf 86' lang='lat' dir='ltr'>supra</span> 
     </span>
     <span class='ocr_line' id='line_1_7' title="bbox 137 496 1548 554; baseline -0.001 -16"><span class='ocrx_word' id='word_1_41' title='bbox 137 498 325 554; x_wconf 89' lang='lat' dir='ltr'>quinque</span> <span class='ocrx_word' id='word_1_42' title='bbox 354 496 484 536; x_wconf 89' lang='lat' dir='ltr'>millia</span> <span class='ocrx_word' id='word_1_43' title='bbox 509 505 632 552; x_wconf 87' lang='lat' dir='ltr'>capta</span> <span class='ocrx_word' id='word_1_44' title='bbox 651 511 747 537; x_wconf 86' lang='lat' dir='ltr'>cuin</span> <span class='ocrx_word' id='word_1_45' title='bbox 773 497 899 552; x_wconf 82' lang='lat' dir='ltr'>signis</span> <span class='ocrx_word' id='word_1_46' title='bbox 919 496 1170 537; x_wconf 87' lang='lat' dir='ltr'>militaribus</span> <span class='ocrx_word' id='word_1_47' title='bbox 1191 496 1381 537; x_wconf 84' lang='lat' dir='ltr'>ducentis</span> <span class='ocrx_word' id='word_1_48' title='bbox 1403 497 1548 552; x_wconf 81' lang='lat' dir='ltr'>trigin-</span> 
     </span>
     <span class='ocr_line' id='line_1_8' title="bbox 137 552 1547 609; baseline -0.001 -14"><span class='ocrx_word' id='word_1_49' title='bbox 137 557 211 595; x_wconf 85' lang='lat' dir='ltr'>ta?</span> <span class='ocrx_word' id='word_1_50' title='bbox 257 554 543 594; x_wconf 88' lang='lat' dir='ltr'>Romanorum</span> <span class='ocrx_word' id='word_1_51' title='bbox 579 562 747 594; x_wconf 86' lang='lat' dir='ltr'>centum</span> <span class='ocrx_word' id='word_1_52' title='bbox 782 554 1092 609; x_wconf 82' lang='lat' dir='ltr'>quinquaginta</span> <span class='ocrx_word' id='word_1_53' title='bbox 1125 553 1167 593; x_wconf 91' lang='lat' dir='ltr'>in</span> <span class='ocrx_word' id='word_1_54' title='bbox 1203 552 1294 609; x_wconf 88' lang='lat' dir='ltr'>ipso</span> <span class='ocrx_word' id='word_1_55' title='bbox 1325 554 1547 594; x_wconf 79' lang='lat' dir='ltr'>certamine</span> 
     </span>
     <span class='ocr_line' id='line_1_9' title="bbox 136 609 1548 671; baseline -0.001 -20"><span class='ocrx_word' id='word_1_56' title='bbox 136 625 304 666; x_wconf 83' lang='lat' dir='ltr'>pugnae,</span> <span class='ocrx_word' id='word_1_57' title='bbox 326 610 378 650; x_wconf 89' lang='lat' dir='ltr'>ab</span> <span class='ocrx_word' id='word_1_58' title='bbox 405 609 576 651; x_wconf 88' lang='lat' dir='ltr'>incursu</span> <span class='ocrx_word' id='word_1_59' title='bbox 599 609 839 651; x_wconf 86' lang='lat' dir='ltr'>AEtolorum</span> <span class='ocrx_word' id='word_1_60' title='bbox 873 626 914 651; x_wconf 91' lang='lat' dir='ltr'>se</span> <span class='ocrx_word' id='word_1_61' title='bbox 936 618 1101 652; x_wconf 88' lang='lat' dir='ltr'>tuentes</span> <span class='ocrx_word' id='word_1_62' title='bbox 1121 625 1202 651; x_wconf 90' lang='lat' dir='ltr'>non</span> <span class='ocrx_word' id='word_1_63' title='bbox 1224 610 1320 666; x_wconf 89' lang='lat' dir='ltr'>plus</span> <span class='ocrx_word' id='word_1_64' title='bbox 1340 610 1548 671; x_wconf 86' lang='lat' dir='ltr'>quinqua-</span> 
     </span>
     <span class='ocr_line' id='line_1_10' title="bbox 135 666 611 723; baseline 0.002 -16"><span class='ocrx_word' id='word_1_65' title='bbox 135 667 254 723; x_wconf 88' lang='lat' dir='ltr'>ginta</span> <span class='ocrx_word' id='word_1_66' title='bbox 272 666 479 707; x_wconf 85' lang='lat' dir='ltr'>interfecti</span> <span class='ocrx_word' id='word_1_67' title='bbox 503 675 611 709; x_wconf 90' lang='lat' dir='ltr'>sunt.</span> 
     </span>
    </p>

    <p class='ocr_par' dir='ltr' id='par_1_6' title="bbox 133 723 1560 2312">
     <span class='ocr_line' id='line_1_11' title="bbox 196 723 1550 780; baseline 0.002 -18.002"><span class='ocrx_word' id='word_1_68' title='bbox 196 723 306 764; x_wconf 81' lang='lat' dir='ltr'>XX.</span> <span class='ocrx_word' id='word_1_69' title='bbox 341 723 523 764; x_wconf 80' lang='lat' dir='ltr'>Consule</span> <span class='ocrx_word' id='word_1_70' title='bbox 552 740 627 780; x_wconf 87' lang='lat' dir='ltr'>per</span> <span class='ocrx_word' id='word_1_71' title='bbox 658 724 883 766; x_wconf 84' lang='lat' dir='ltr'>Phocidem</span> <span class='ocrx_word' id='word_1_72' title='bbox 905 734 945 767; x_wconf 90' lang='lat' dir='ltr'>et</span> <span class='ocrx_word' id='word_1_73' title='bbox 979 724 1182 766; x_wconf 83' lang='lat' dir='ltr'>Boeotiam</span> <span class='ocrx_word' id='word_1_74' title='bbox 1213 724 1439 766; x_wconf 83' lang='lat' dir='ltr'>exercitum</span> <span class='ocrx_word' id='word_1_75' title='bbox 1473 724 1550 766; x_wconf 91' lang='lat' dir='ltr'>du-</span> 
     </span>
     <span class='ocr_line' id='line_1_12' title="bbox 136 780 1550 830; baseline 0.001 -10"><span class='ocrx_word' id='word_1_76' title='bbox 136 788 268 830; x_wconf 81' lang='lat' dir='ltr'>cente,</span> <span class='ocrx_word' id='word_1_77' title='bbox 309 780 482 821; x_wconf 84' lang='lat' dir='ltr'>consciae</span> <span class='ocrx_word' id='word_1_78' title='bbox 523 780 768 822; x_wconf 86' lang='lat' dir='ltr'>defectionis</span> <span class='ocrx_word' id='word_1_79' title='bbox 807 783 997 824; x_wconf 82' lang='lat' dir='ltr'>civitates</span> <span class='ocrx_word' id='word_1_80' title='bbox 1036 797 1132 823; x_wconf 87' lang='lat' dir='ltr'>cum</span> <span class='ocrx_word' id='word_1_81' title='bbox 1172 782 1415 823; x_wconf 81' lang='lat' dir='ltr'>velamentis</span> <span class='ocrx_word' id='word_1_82' title='bbox 1455 790 1550 822; x_wconf 88' lang='lat' dir='ltr'>ante</span> 
     </span>
     <span class='ocr_line' id='line_1_13' title="bbox 134 837 1552 895; baseline 0.001 -18"><span class='ocrx_word' id='word_1_83' title='bbox 134 844 278 892; x_wconf 88' lang='lat' dir='ltr'>portas</span> <span class='ocrx_word' id='word_1_84' title='bbox 299 837 481 887; x_wconf 83' lang='lat' dir='ltr'>stabant,</span> <span class='ocrx_word' id='word_1_85' title='bbox 503 846 618 879; x_wconf 88' lang='lat' dir='ltr'>metu</span> <span class='ocrx_word' id='word_1_86' title='bbox 640 854 690 879; x_wconf 90' lang='lat' dir='ltr'>ne</span> <span class='ocrx_word' id='word_1_87' title='bbox 711 838 918 880; x_wconf 76' lang='lat' dir='ltr'>hostiliter</span> <span class='ocrx_word' id='word_1_88' title='bbox 949 839 1240 895; x_wconf 81' lang='lat' dir='ltr'>diiiperentur</span> <span class='ocrx_word' id='word_1_89' title='bbox 1272 847 1455 880; x_wconf 87' lang='lat' dir='ltr'>ceterum</span> <span class='ocrx_word' id='word_1_90' title='bbox 1477 853 1552 894; x_wconf 90' lang='lat' dir='ltr'>per</span> 
     </span>
     <span class='ocr_line' id='line_1_14' title="bbox 133 893 1552 958; baseline 0.002 -25"><span class='ocrx_word' id='word_1_91' title='bbox 133 908 276 934; x_wconf 89' lang='lat' dir='ltr'>omnes</span> <span class='ocrx_word' id='word_1_92' title='bbox 297 893 385 934; x_wconf 90' lang='lat' dir='ltr'>dies</span> <span class='ocrx_word' id='word_1_93' title='bbox 405 894 520 935; x_wconf 85' lang='lat' dir='ltr'>haud</span> <span class='ocrx_word' id='word_1_94' title='bbox 546 910 676 945; x_wconf 88' lang='lat' dir='ltr'>secus,</span> <span class='ocrx_word' id='word_1_95' title='bbox 698 911 825 958; x_wconf 76' lang='lat' dir='ltr'>quam</span> <span class='ocrx_word' id='word_1_96' title='bbox 853 895 895 936; x_wconf 94' lang='lat' dir='ltr'>in</span> <span class='ocrx_word' id='word_1_97' title='bbox 916 905 1064 958; x_wconf 82' lang='lat' dir='ltr'>pacato</span> <span class='ocrx_word' id='word_1_98' title='bbox 1085 911 1199 951; x_wconf 83' lang='lat' dir='ltr'>agro,</span> <span class='ocrx_word' id='word_1_99' title='bbox 1223 896 1309 937; x_wconf 93' lang='lat' dir='ltr'>sine</span> <span class='ocrx_word' id='word_1_100' title='bbox 1330 895 1552 936; x_wconf 85' lang='lat' dir='ltr'>violatione</span> 
     </span>
     <span class='ocr_line' id='line_1_15' title="bbox 135 950 1552 1007; baseline 0.001 -17"><span class='ocrx_word' id='word_1_101' title='bbox 135 950 264 991; x_wconf 86' lang='lat' dir='ltr'>ullius</span> <span class='ocrx_word' id='word_1_102' title='bbox 299 950 358 991; x_wconf 88' lang='lat' dir='ltr'>rei</span> <span class='ocrx_word' id='word_1_103' title='bbox 386 950 574 1005; x_wconf 73' lang='grc' dir='ltr'>Ἠ38111611</span> <span class='ocrx_word' id='word_1_104' title='bbox 603 952 828 1007; x_wconf 74' lang='grc' dir='ltr'><strong>ρ10665511ς</strong></span> <span class='ocrx_word' id='word_1_105' title='bbox 877 952 1007 993; x_wconf 88' lang='grc'><strong>(101166</strong></span> <span class='ocrx_word' id='word_1_106' title='bbox 1041 968 1083 993; x_wconf 91' lang='grc'>111</span> <span class='ocrx_word' id='word_1_107' title='bbox 1114 968 1263 1007; x_wconf 84' lang='grc'><strong>38111111</strong></span> <span class='ocrx_word' id='word_1_108' title='bbox 1302 954 1552 993; x_wconf 83' lang='lat' dir='ltr'>Coronaeum</span> 
     </span>
     <span class='ocr_line' id='line_1_16' title="bbox 137 988 1553 1064; baseline 0.001 -17"><span class='ocrx_word' id='word_1_109' title='bbox 137 1015 312 1048; x_wconf 87' lang='lat' dir='ltr'>ventum</span> <span class='ocrx_word' id='word_1_110' title='bbox 333 988 518 1049; x_wconf 81' lang='grc' dir='ltr'><strong>651.Ῐ1)”1</strong></span> <span class='ocrx_word' id='word_1_111' title='bbox 533 1017 671 1049; x_wconf 84' lang='lat' dir='ltr'>statua</span> <span class='ocrx_word' id='word_1_112' title='bbox 686 1024 795 1064; x_wconf 84' lang='lat' dir='ltr'>regis</span> <span class='ocrx_word' id='word_1_113' title='bbox 809 1009 1025 1059; x_wconf 81' lang='lat' dir='ltr'>Antiochi,</span> <span class='ocrx_word' id='word_1_114' title='bbox 1042 1009 1178 1064; x_wconf 88' lang='lat' dir='ltr'>posita</span> <span class='ocrx_word' id='word_1_115' title='bbox 1194 1008 1236 1048; x_wconf 91' lang='lat' dir='ltr'>in</span> <span class='ocrx_word' id='word_1_116' title='bbox 1253 1008 1410 1064; x_wconf 89' lang='lat' dir='ltr'>templo</span> <span class='ocrx_word' id='word_1_117' title='bbox 1427 1009 1460 1035; x_wconf 79' lang='lat'>⁷⁵</span> <span class='ocrx_word' id='word_1_118' title='bbox 1469 1008 1553 1048; x_wconf 77' lang='lat' dir='ltr'>Mi-</span> 
     </span>
     <span class='ocr_line' id='line_1_17' title="bbox 138 1064 1553 1121; baseline 0.002 -17"><span class='ocrx_word' id='word_1_119' title='bbox 138 1079 278 1104; x_wconf 83' lang='lat' dir='ltr'>nervae</span> <span class='ocrx_word' id='word_1_120' title='bbox 310 1064 475 1114; x_wconf 75' lang='lat' dir='ltr'>Itoniae,</span> <span class='ocrx_word' id='word_1_121' title='bbox 498 1065 600 1106; x_wconf 87' lang='lat' dir='ltr'>iram</span> <span class='ocrx_word' id='word_1_122' title='bbox 631 1065 842 1106; x_wconf 85' lang='lat' dir='ltr'>accendit:</span> <span class='ocrx_word' id='word_1_123' title='bbox 879 1065 1212 1121; x_wconf 80' lang='lat' dir='ltr'>permissumque</span> <span class='ocrx_word' id='word_1_124' title='bbox 1242 1065 1364 1106; x_wconf 90' lang='lat' dir='ltr'>militi</span> <span class='ocrx_word' id='word_1_125' title='bbox 1396 1075 1471 1115; x_wconf 84' lang='lat' dir='ltr'>est,</span> <span class='ocrx_word' id='word_1_126' title='bbox 1504 1074 1553 1107; x_wconf 83' lang='lat' dir='ltr'>ut</span> 
     </span>
     <span class='ocr_line' id='line_1_18' title="bbox 134 1121 1552 1178; baseline 0 -16"><span class='ocrx_word' id='word_1_127' title='bbox 134 1121 446 1176; x_wconf 70' lang='lat' dir='ltr'>circumjectum</span> <span class='ocrx_word' id='word_1_128' title='bbox 478 1122 635 1178; x_wconf 83' lang='lat' dir='ltr'>templo</span> <span class='ocrx_word' id='word_1_129' title='bbox 665 1136 813 1177; x_wconf 87' lang='lat' dir='ltr'>agrum</span> <span class='ocrx_word' id='word_1_130' title='bbox 848 1122 1136 1177; x_wconf 79' lang='lat' dir='ltr'>popularetur.</span> <span class='ocrx_word' id='word_1_131' title='bbox 1174 1121 1325 1162; x_wconf 90' lang='lat' dir='ltr'>deinde</span> <span class='ocrx_word' id='word_1_132' title='bbox 1355 1122 1552 1178; x_wconf 85' lang='lat' dir='ltr'>cogitatio</span> 
     </span>
     <span class='ocr_line' id='line_1_19' title="bbox 139 1178 1554 1234; baseline 0.001 -16"><span class='ocrx_word' id='word_1_133' title='bbox 139 1178 325 1218; x_wconf 88' lang='lat' dir='ltr'>animum</span> <span class='ocrx_word' id='word_1_134' title='bbox 358 1178 502 1227; x_wconf 86' lang='lat' dir='ltr'>subiit,</span> <span class='ocrx_word' id='word_1_135' title='bbox 535 1194 668 1233; x_wconf 88' lang='lat' dir='ltr'>quum</span> <span class='ocrx_word' id='word_1_136' title='bbox 699 1180 908 1219; x_wconf 86' lang='lat' dir='ltr'>communi</span> <span class='ocrx_word' id='word_1_137' title='bbox 944 1178 1110 1219; x_wconf 86' lang='lat' dir='ltr'>decreto</span> <span class='ocrx_word' id='word_1_138' title='bbox 1142 1179 1386 1219; x_wconf 87' lang='lat' dir='ltr'>Boeotorum</span> <span class='ocrx_word' id='word_1_139' title='bbox 1417 1180 1554 1234; x_wconf 86' lang='lat' dir='ltr'>posita</span> 
     </span>
     <span class='ocr_line' id='line_1_20' title="bbox 139 1235 1553 1291; baseline 0.001 -16"><span class='ocrx_word' id='word_1_140' title='bbox 139 1245 244 1275; x_wconf 89' lang='lat' dir='ltr'>esset</span> <span class='ocrx_word' id='word_1_141' title='bbox 278 1243 431 1284; x_wconf 87' lang='lat' dir='ltr'>statua,</span> <span class='ocrx_word' id='word_1_142' title='bbox 465 1235 686 1290; x_wconf 81' lang='lat' dir='ltr'>indignum</span> <span class='ocrx_word' id='word_1_143' title='bbox 718 1251 818 1285; x_wconf 84' lang='lat' dir='ltr'>esse,</span> <span class='ocrx_word' id='word_1_144' title='bbox 852 1235 894 1275; x_wconf 88' lang='lat' dir='ltr'>in</span> <span class='ocrx_word' id='word_1_145' title='bbox 927 1250 1058 1276; x_wconf 84' lang='lat' dir='ltr'>unuin</span> <span class='ocrx_word' id='word_1_146' title='bbox 1094 1236 1371 1276; x_wconf 83' lang='lat' dir='ltr'>Coronensem</span> <span class='ocrx_word' id='word_1_147' title='bbox 1404 1251 1553 1291; x_wconf 84' lang='lat' dir='ltr'>agrum</span> 
     </span>
     <span class='ocr_line' id='line_1_21' title="bbox 138 1291 1550 1355; baseline 0.001 -24"><span class='ocrx_word' id='word_1_148' title='bbox 138 1291 294 1332; x_wconf 86' lang='lat' dir='ltr'>saevire.</span> <span class='ocrx_word' id='word_1_149' title='bbox 319 1292 449 1332; x_wconf 62' lang='grc'><strong>,1161</strong></span> <span class='ocrx_word' id='word_1_150' title='bbox 452 1301 571 1332; x_wconf 87' lang='lat' dir='ltr'>ocato</span> <span class='ocrx_word' id='word_1_151' title='bbox 598 1292 809 1348; x_wconf 83' lang='lat' dir='ltr'>extemplo</span> <span class='ocrx_word' id='word_1_152' title='bbox 839 1292 984 1342; x_wconf 85' lang='lat' dir='ltr'>milite,</span> <span class='ocrx_word' id='word_1_153' title='bbox 1005 1292 1099 1333; x_wconf 88' lang='lat' dir='ltr'>finis</span> <span class='ocrx_word' id='word_1_154' title='bbox 1128 1291 1359 1355; x_wconf 81' lang='lat' dir='ltr'>populandi</span> <span class='ocrx_word' id='word_1_155' title='bbox 1390 1292 1550 1333; x_wconf 86' lang='lat' dir='ltr'>factus:</span> 
     </span>
     <span class='ocr_line' id='line_1_22' title="bbox 140 1324 1554 1412; baseline 0.001 -24"><span class='ocrx_word' id='word_1_156' title='bbox 140 1324 333 1403; x_wconf 88' lang='lat' dir='ltr'>castigati</span> <span class='ocrx_word' id='word_1_157' title='bbox 354 1356 520 1389; x_wconf 85' lang='lat' dir='ltr'>tantum</span> <span class='ocrx_word' id='word_1_158' title='bbox 542 1349 679 1389; x_wconf 81' lang='lat' dir='ltr'>verbis</span> <span class='ocrx_word' id='word_1_159' title='bbox 701 1349 839 1412; x_wconf 87' lang='lat' dir='ltr'>Boeoti</span> <span class='ocrx_word' id='word_1_160' title='bbox 860 1349 915 1390; x_wconf 92' lang='lat' dir='ltr'>ob</span> <span class='ocrx_word' id='word_1_161' title='bbox 935 1349 1150 1404; x_wconf 83' lang='lat' dir='ltr'>ingratum</span> <span class='ocrx_word' id='word_1_162' title='bbox 1171 1364 1213 1389; x_wconf 89' lang='grc'>111</span> <span class='ocrx_word' id='word_1_163' title='bbox 1235 1348 1361 1390; x_wconf 87' lang='lat' dir='ltr'>tantis</span> <span class='ocrx_word' id='word_1_164' title='bbox 1383 1358 1554 1404; x_wconf 87' lang='lat' dir='ltr'>tamque</span> 
     </span>
     <span class='ocr_line' id='line_1_23' title="bbox 138 1384 1554 1462; baseline 0.001 -17"><span class='ocrx_word' id='word_1_165' title='bbox 138 1405 377 1446; x_wconf 86' lang='lat' dir='ltr'>recentibus</span> <span class='ocrx_word' id='word_1_166' title='bbox 407 1405 617 1447; x_wconf 89' lang='lat' dir='ltr'>beneficiis</span> <span class='ocrx_word' id='word_1_167' title='bbox 647 1405 831 1446; x_wconf 87' lang='lat' dir='ltr'>animum</span> <span class='ocrx_word' id='word_1_168' title='bbox 853 1421 952 1462; x_wconf 86' lang='lat' dir='ltr'>erga</span> <span class='ocrx_word' id='word_1_169' title='bbox 981 1384 1205 1446; x_wconf 82' lang='lat' dir='ltr'>Romanos.</span> <span class='ocrx_word' id='word_1_170' title='bbox 1269 1407 1386 1446; x_wconf 89' lang='lat' dir='ltr'>Inter</span> <span class='ocrx_word' id='word_1_171' title='bbox 1414 1406 1554 1461; x_wconf 89' lang='lat' dir='ltr'>ipsum</span> 
     </span>
     <span class='ocr_line' id='line_1_24' title="bbox 139 1462 1555 1518; baseline 0.001 -16"><span class='ocrx_word' id='word_1_172' title='bbox 139 1477 294 1518; x_wconf 81' lang='lat' dir='ltr'>pugnae</span> <span class='ocrx_word' id='word_1_173' title='bbox 317 1470 483 1518; x_wconf 87' lang='lat' dir='ltr'>tempus</span> <span class='ocrx_word' id='word_1_174' title='bbox 504 1462 646 1503; x_wconf 89' lang='lat' dir='ltr'>decem</span> <span class='ocrx_word' id='word_1_175' title='bbox 667 1478 792 1504; x_wconf 86' lang='lat' dir='ltr'>naves</span> <span class='ocrx_word' id='word_1_176' title='bbox 812 1464 939 1518; x_wconf 89' lang='lat' dir='ltr'>regiae</span> <span class='ocrx_word' id='word_1_177' title='bbox 960 1478 1056 1503; x_wconf 88' lang='lat' dir='ltr'>cum</span> <span class='ocrx_word' id='word_1_178' title='bbox 1076 1463 1275 1518; x_wconf 87' lang='lat' dir='ltr'>praefecto</span> <span class='ocrx_word' id='word_1_179' title='bbox 1308 1462 1471 1503; x_wconf 89' lang='lat' dir='ltr'>Isidoro</span> <span class='ocrx_word' id='word_1_180' title='bbox 1501 1463 1555 1503; x_wconf 86' lang='lat' dir='ltr'>ad</span> 
     </span>
     <span class='ocr_line' id='line_1_25' title="bbox 143 1519 1556 1574; baseline 0.001 -16"><span class='ocrx_word' id='word_1_181' title='bbox 143 1519 382 1559; x_wconf 89' lang='lat' dir='ltr'>Thronium</span> <span class='ocrx_word' id='word_1_182' title='bbox 418 1519 460 1559; x_wconf 91' lang='lat' dir='ltr'>in</span> <span class='ocrx_word' id='word_1_183' title='bbox 495 1519 590 1560; x_wconf 86' lang='lat' dir='ltr'>sinu</span> <span class='ocrx_word' id='word_1_184' title='bbox 625 1519 806 1560; x_wconf 82' lang='lat' dir='ltr'>Maliaco</span> <span class='ocrx_word' id='word_1_185' title='bbox 836 1520 1013 1560; x_wconf 87' lang='lat' dir='ltr'>stabant.</span> <span class='ocrx_word' id='word_1_186' title='bbox 1055 1535 1103 1559; x_wconf 92' lang='lat' dir='ltr'>eo</span> <span class='ocrx_word' id='word_1_187' title='bbox 1137 1519 1276 1574; x_wconf 85' lang='lat' dir='ltr'>gravis</span> <span class='ocrx_word' id='word_1_188' title='bbox 1313 1519 1556 1560; x_wconf 86' lang='lat' dir='ltr'>vulneribus</span> 
     </span>
     <span class='ocr_line' id='line_1_26' title="bbox 141 1574 1557 1631; baseline 0.001 -16"><span class='ocrx_word' id='word_1_189' title='bbox 141 1574 385 1615; x_wconf 83' lang='lat' dir='ltr'>Alexander</span> <span class='ocrx_word' id='word_1_190' title='bbox 406 1576 617 1626; x_wconf 77' lang='lat' dir='ltr'>Acarnan,</span> <span class='ocrx_word' id='word_1_191' title='bbox 639 1577 816 1617; x_wconf 90' lang='lat' dir='ltr'>nuncius</span> <span class='ocrx_word' id='word_1_192' title='bbox 846 1576 1031 1616; x_wconf 82' lang='lat' dir='ltr'>adversae</span> <span class='ocrx_word' id='word_1_193' title='bbox 1061 1591 1230 1631; x_wconf 81' lang='lat' dir='ltr'>pugnae,</span> <span class='ocrx_word' id='word_1_194' title='bbox 1253 1591 1386 1631; x_wconf 89' lang='lat' dir='ltr'>quum</span> <span class='ocrx_word' id='word_1_195' title='bbox 1417 1577 1557 1631; x_wconf 87' lang='lat' dir='ltr'>perfu-</span> 
     </span>
     <span class='ocr_line' id='line_1_27' title="bbox 140 1631 1557 1695; baseline 0.001 -24"><span class='ocrx_word' id='word_1_196' title='bbox 140 1632 282 1687; x_wconf 82' lang='grc'><strong>815561,</strong></span> <span class='ocrx_word' id='word_1_197' title='bbox 305 1631 480 1695; x_wconf 83' lang='lat' dir='ltr'>trepidae</span> <span class='ocrx_word' id='word_1_198' title='bbox 500 1633 597 1673; x_wconf 89' lang='lat' dir='ltr'>inde</span> <span class='ocrx_word' id='word_1_199' title='bbox 627 1633 782 1674; x_wconf 90' lang='lat' dir='ltr'>recenti</span> <span class='ocrx_word' id='word_1_200' title='bbox 813 1641 969 1674; x_wconf 88' lang='lat' dir='ltr'>terrore</span> <span class='ocrx_word' id='word_1_201' title='bbox 999 1648 1124 1673; x_wconf 89' lang='lat' dir='ltr'>naves</span> <span class='ocrx_word' id='word_1_202' title='bbox 1157 1633 1356 1673; x_wconf 75' lang='lat' dir='ltr'>Cenaeum</span> <span class='ocrx_word' id='word_1_203' title='bbox 1378 1633 1557 1673; x_wconf 83' lang='lat' dir='ltr'>Euboeae</span> 
     </span>
     <span class='ocr_line' id='line_1_28' title="bbox 139 1688 1557 1751; baseline 0.001 -23"><span class='ocrx_word' id='word_1_204' title='bbox 139 1688 362 1751; x_wconf 82' lang='lat' dir='ltr'>petierunt.</span> <span class='ocrx_word' id='word_1_205' title='bbox 395 1688 453 1729; x_wconf 89' lang='lat' dir='ltr'>ibi</span> <span class='ocrx_word' id='word_1_206' title='bbox 474 1698 666 1731; x_wconf 91' lang='lat' dir='ltr'>mortuus</span> <span class='ocrx_word' id='word_1_207' title='bbox 694 1689 968 1745; x_wconf 86' lang='lat' dir='ltr'>sepultusque</span> <span class='ocrx_word' id='word_1_208' title='bbox 998 1688 1252 1729; x_wconf 78' lang='lat' dir='ltr'>Alexander.</span> <span class='ocrx_word' id='word_1_209' title='bbox 1315 1689 1436 1738; x_wconf 84' lang='lat' dir='ltr'>Tres,</span> <span class='ocrx_word' id='word_1_210' title='bbox 1460 1705 1557 1744; x_wconf 84' lang='lat' dir='ltr'>quae</span> 
     </span>
     <span class='ocr_line' id='line_1_29' title="bbox 139 1744 1557 1802; baseline 0.001 -17"><span class='ocrx_word' id='word_1_211' title='bbox 139 1760 191 1786; x_wconf 84' lang='lat' dir='ltr'>ex</span> <span class='ocrx_word' id='word_1_212' title='bbox 213 1744 318 1786; x_wconf 89' lang='lat' dir='ltr'>Asia</span> <span class='ocrx_word' id='word_1_213' title='bbox 343 1745 542 1801; x_wconf 82' lang='lat' dir='ltr'>profectae</span> <span class='ocrx_word' id='word_1_214' title='bbox 569 1746 762 1787; x_wconf 90' lang='lat' dir='ltr'>eumdem</span> <span class='ocrx_word' id='word_1_215' title='bbox 791 1754 961 1802; x_wconf 89' lang='lat' dir='ltr'>portum</span> <span class='ocrx_word' id='word_1_216' title='bbox 993 1754 1227 1794; x_wconf 87' lang='lat' dir='ltr'>tenuerant,</span> <span class='ocrx_word' id='word_1_217' title='bbox 1250 1760 1388 1795; x_wconf 84' lang='lat' dir='ltr'>naves,</span> <span class='ocrx_word' id='word_1_218' title='bbox 1411 1746 1557 1787; x_wconf 87' lang='lat' dir='ltr'>audita</span> 
     </span>
     <span class='ocr_line' id='line_1_30' title="bbox 142 1801 1557 1859; baseline 0.001 -17"><span class='ocrx_word' id='word_1_219' title='bbox 142 1801 350 1843; x_wconf 79' lang='lat' dir='ltr'>exercitus</span> <span class='ocrx_word' id='word_1_220' title='bbox 380 1801 510 1853; x_wconf 87' lang='grc'><strong>613(16,</strong></span> <span class='ocrx_word' id='word_1_221' title='bbox 542 1803 760 1859; x_wconf 88' lang='lat' dir='ltr'>Ephesum</span> <span class='ocrx_word' id='word_1_222' title='bbox 790 1803 1017 1844; x_wconf 86' lang='lat' dir='ltr'>redierunt.</span> <span class='ocrx_word' id='word_1_223' title='bbox 1092 1802 1281 1843; x_wconf 73' lang='lat' dir='ltr'>Isidorus</span> <span class='ocrx_word' id='word_1_224' title='bbox 1316 1803 1368 1843; x_wconf 89' lang='lat' dir='ltr'>ab</span> <span class='ocrx_word' id='word_1_225' title='bbox 1406 1804 1557 1843; x_wconf 81' lang='lat' dir='ltr'>Cenaeo</span> 
     </span>
     <span class='ocr_line' id='line_1_31' title="bbox 143 1858 1557 1915; baseline 0.001 -17"><span class='ocrx_word' id='word_1_226' title='bbox 143 1858 470 1909; x_wconf 86' lang='lat' dir='ltr'>Demetriadem,</span> <span class='ocrx_word' id='word_1_227' title='bbox 495 1859 527 1900; x_wconf 90' lang='lat' dir='ltr'>si</span> <span class='ocrx_word' id='word_1_228' title='bbox 547 1860 656 1901; x_wconf 88' lang='lat' dir='ltr'>forte</span> <span class='ocrx_word' id='word_1_229' title='bbox 677 1875 724 1900; x_wconf 91' lang='lat' dir='ltr'>eo</span> <span class='ocrx_word' id='word_1_230' title='bbox 745 1859 925 1901; x_wconf 86' lang='lat' dir='ltr'>deferret</span> <span class='ocrx_word' id='word_1_231' title='bbox 943 1859 1046 1914; x_wconf 85' lang='lat' dir='ltr'>fuga</span> <span class='ocrx_word' id='word_1_232' title='bbox 1065 1874 1220 1914; x_wconf 90' lang='lat' dir='ltr'>regem,</span> <span class='ocrx_word' id='word_1_233' title='bbox 1238 1859 1413 1915; x_wconf 83' lang='lat' dir='ltr'>trajecit.</span> <span class='ocrx_word' id='word_1_234' title='bbox 1475 1861 1557 1900; x_wconf 87' lang='lat' dir='ltr'>Per</span> 
     </span>
     <span class='ocr_line' id='line_1_32' title="bbox 142 1914 1558 1981; baseline 0.001 -25"><span class='ocrx_word' id='word_1_235' title='bbox 142 1914 308 1978; x_wconf 81' lang='lat' dir='ltr'>eosdem</span> <span class='ocrx_word' id='word_1_236' title='bbox 333 1915 420 1956; x_wconf 91' lang='lat' dir='ltr'>dies</span> <span class='ocrx_word' id='word_1_237' title='bbox 451 1917 506 1956; x_wconf 91' lang='lat' dir='ltr'>A.</span> <span class='ocrx_word' id='word_1_238' title='bbox 524 1916 700 1981; x_wconf 78' lang='lat' dir='ltr'>Atilius,</span> <span class='ocrx_word' id='word_1_239' title='bbox 722 1916 947 1972; x_wconf 83' lang='lat' dir='ltr'>praefectus</span> <span class='ocrx_word' id='word_1_240' title='bbox 979 1917 1182 1956; x_wconf 85' lang='lat' dir='ltr'>Romanae</span> <span class='ocrx_word' id='word_1_241' title='bbox 1208 1915 1362 1965; x_wconf 87' lang='grc'><strong>6135515,</strong></span> <span class='ocrx_word' id='word_1_242' title='bbox 1385 1932 1558 1972; x_wconf 84' lang='lat' dir='ltr'>magnos</span> 
     </span>
     <span class='ocr_line' id='line_1_33' title="bbox 142 1971 1556 2029; baseline 0.001 -17"><span class='ocrx_word' id='word_1_243' title='bbox 142 1971 278 2027; x_wconf 87' lang='lat' dir='ltr'>regios</span> <span class='ocrx_word' id='word_1_244' title='bbox 305 1981 573 2023; x_wconf 86' lang='lat' dir='ltr'>commeatus,</span> <span class='ocrx_word' id='word_1_245' title='bbox 599 1974 688 2029; x_wconf 85' lang='lat' dir='ltr'>jain</span> <span class='ocrx_word' id='word_1_246' title='bbox 715 1974 886 2022; x_wconf 85' lang='lat' dir='ltr'>fretum,</span> <span class='ocrx_word' id='word_1_247' title='bbox 916 1973 1032 2028; x_wconf 89' lang='lat' dir='ltr'>quod</span> <span class='ocrx_word' id='word_1_248' title='bbox 1066 1973 1118 2013; x_wconf 88' lang='lat' dir='ltr'>ad</span> <span class='ocrx_word' id='word_1_249' title='bbox 1150 1972 1347 2013; x_wconf 90' lang='lat' dir='ltr'>Andrum</span> <span class='ocrx_word' id='word_1_250' title='bbox 1379 1974 1556 2014; x_wconf 87' lang='lat' dir='ltr'>insulam</span> 
     </span>
     <span class='ocr_line' id='line_1_34' title="bbox 143 2029 1555 2093; baseline 0.001 -25"><span class='ocrx_word' id='word_1_251' title='bbox 143 2036 220 2078; x_wconf 89' lang='lat' dir='ltr'>est,</span> <span class='ocrx_word' id='word_1_252' title='bbox 253 2036 433 2084; x_wconf 62' lang='lat' dir='ltr'>praeterx</span> <span class='ocrx_word' id='word_1_253' title='bbox 436 2038 562 2080; x_wconf 91' lang='lat' dir='ltr'>ectos,</span> <span class='ocrx_word' id='word_1_254' title='bbox 595 2030 782 2093; x_wconf 86' lang='lat' dir='ltr'>excepit:</span> <span class='ocrx_word' id='word_1_255' title='bbox 827 2030 927 2070; x_wconf 85' lang='lat' dir='ltr'>alias</span> <span class='ocrx_word' id='word_1_256' title='bbox 956 2029 1113 2078; x_wconf 88' lang='lat' dir='ltr'>mersit,</span> <span class='ocrx_word' id='word_1_257' title='bbox 1147 2029 1247 2069; x_wconf 88' lang='grc'><strong>31135</strong></span> <span class='ocrx_word' id='word_1_258' title='bbox 1280 2029 1389 2085; x_wconf 90' lang='lat' dir='ltr'>cepit</span> <span class='ocrx_word' id='word_1_259' title='bbox 1419 2045 1555 2071; x_wconf 87' lang='lat' dir='ltr'>naves.</span> 
     </span>
     <span class='ocr_line' id='line_1_35' title="bbox 144 2084 1555 2141; baseline 0.002 -17"><span class='ocrx_word' id='word_1_260' title='bbox 144 2084 281 2140; x_wconf 79' lang='lat' dir='ltr'>⁷⁶quae</span> <span class='ocrx_word' id='word_1_261' title='bbox 300 2100 382 2125; x_wconf 80' lang='grc'><strong>1101</strong></span> <span class='ocrx_word' id='word_1_262' title='bbox 384 2085 534 2127; x_wconf 84' lang='lat' dir='ltr'>issimae</span> <span class='ocrx_word' id='word_1_263' title='bbox 555 2102 730 2141; x_wconf 82' lang='lat' dir='ltr'>agminis</span> <span class='ocrx_word' id='word_1_264' title='bbox 751 2102 794 2127; x_wconf 89' lang='lat' dir='ltr'>er</span> <span class='ocrx_word' id='word_1_265' title='bbox 797 2097 883 2137; x_wconf 88' lang='lat' dir='ltr'>ant,</span> <span class='ocrx_word' id='word_1_266' title='bbox 905 2102 1074 2127; x_wconf 88' lang='lat' dir='ltr'>cursum</span> <span class='ocrx_word' id='word_1_267' title='bbox 1095 2086 1137 2126; x_wconf 93' lang='lat' dir='ltr'>in</span> <span class='ocrx_word' id='word_1_268' title='bbox 1158 2086 1306 2126; x_wconf 86' lang='lat' dir='ltr'>Asiam</span> <span class='ocrx_word' id='word_1_269' title='bbox 1327 2094 1555 2127; x_wconf 84' lang='lat' dir='ltr'>verterunt.</span> 
     </span>
     <span class='ocr_line' id='line_1_36' title="bbox 145 2141 1559 2206; baseline 0 -23"><span class='ocrx_word' id='word_1_270' title='bbox 145 2141 305 2183; x_wconf 89' lang='lat' dir='ltr'>Atilius</span> <span class='ocrx_word' id='word_1_271' title='bbox 329 2143 550 2193; x_wconf 85' lang='lat' dir='ltr'>Piraeeum,</span> <span class='ocrx_word' id='word_1_272' title='bbox 573 2143 685 2184; x_wconf 91' lang='lat' dir='ltr'>unde</span> <span class='ocrx_word' id='word_1_273' title='bbox 714 2144 942 2206; x_wconf 89' lang='lat' dir='ltr'>profectus</span> <span class='ocrx_word' id='word_1_274' title='bbox 949 2152 1052 2193; x_wconf 86' lang='lat' dir='ltr'>erat,</span> <span class='ocrx_word' id='word_1_275' title='bbox 1075 2157 1170 2183; x_wconf 87' lang='lat' dir='ltr'>cum</span> <span class='ocrx_word' id='word_1_276' title='bbox 1191 2143 1356 2197; x_wconf 88' lang='lat' dir='ltr'>agmine</span> <span class='ocrx_word' id='word_1_277' title='bbox 1376 2144 1515 2198; x_wconf 65' lang='lat' dir='ltr'>captix</span> <span class='ocrx_word' id='word_1_278' title='bbox 1518 2158 1559 2183; x_wconf 87' lang='lat' dir='ltr'>a-</span> 
     </span>
     <span class='ocr_line' id='line_1_37' title="bbox 144 2177 1560 2255; baseline -0.001 -14"><span class='ocrx_word' id='word_1_279' title='bbox 144 2213 239 2241; x_wconf 89' lang='lat' dir='ltr'>rum</span> <span class='ocrx_word' id='word_1_280' title='bbox 269 2198 438 2240; x_wconf 89' lang='lat' dir='ltr'>navium</span> <span class='ocrx_word' id='word_1_281' title='bbox 465 2209 669 2255; x_wconf 89' lang='lat' dir='ltr'>revectus,</span> <span class='ocrx_word' id='word_1_282' title='bbox 691 2215 884 2255; x_wconf 85' lang='lat' dir='ltr'>magnam</span> <span class='ocrx_word' id='word_1_283' title='bbox 906 2199 990 2240; x_wconf 88' lang='lat' dir='ltr'>vim</span> <span class='ocrx_word' id='word_1_284' title='bbox 1009 2177 1242 2240; x_wconf 49' lang='lat' dir='ltr'>frumentio</span> <span class='ocrx_word' id='word_1_285' title='bbox 1231 2207 1271 2240; x_wconf 89' lang='lat' dir='ltr'>et</span> <span class='ocrx_word' id='word_1_286' title='bbox 1292 2199 1560 2240; x_wconf 87' lang='lat' dir='ltr'>Atheniensi-</span> 
     </span>
     <span class='ocr_line' id='line_1_38' title="bbox 145 2255 1117 2319; baseline -0.002 -21"><span class='ocrx_word' id='word_1_287' title='bbox 145 2256 226 2298; x_wconf 90' lang='lat' dir='ltr'>bus</span> <span class='ocrx_word' id='word_1_288' title='bbox 246 2263 286 2297; x_wconf 85' lang='lat' dir='ltr'>et</span> <span class='ocrx_word' id='word_1_289' title='bbox 308 2255 398 2296; x_wconf 89' lang='lat' dir='ltr'>aliis</span> <span class='ocrx_word' id='word_1_290' title='bbox 419 2256 604 2319; x_wconf 89' lang='lat' dir='ltr'>ejusdem</span> <span class='ocrx_word' id='word_1_291' title='bbox 626 2256 804 2311; x_wconf 88' lang='lat' dir='ltr'>regionis</span> <span class='ocrx_word' id='word_1_292' title='bbox 826 2256 944 2297; x_wconf 90' lang='lat' dir='ltr'>sociis</span> <span class='ocrx_word' id='word_1_293' title='bbox 965 2256 1117 2297; x_wconf 81' lang='grc'><strong>(1111511.</strong></span> 
     </span>
    </p>

    <p class='ocr_par' dir='ltr' id='par_1_7' title="bbox 204 2312 1560 2369">
     <span class='ocr_line' id='line_1_39' title="bbox 204 2312 1560 2369; baseline 0.001 -15"><span class='ocrx_word' id='word_1_294' title='bbox 204 2312 341 2354; x_wconf 89' lang='lat' dir='ltr'><strong>XXI.</strong></span> <span class='ocrx_word' id='word_1_295' title='bbox 364 2312 617 2363; x_wconf 89' lang='lat' dir='ltr'>Antiochus,</span> <span class='ocrx_word' id='word_1_296' title='bbox 639 2313 717 2354; x_wconf 89' lang='lat' dir='ltr'>sub</span> <span class='ocrx_word' id='word_1_297' title='bbox 738 2312 966 2355; x_wconf 86' lang='lat' dir='ltr'>adventum</span> <span class='ocrx_word' id='word_1_298' title='bbox 987 2312 1166 2354; x_wconf 82' lang='lat' dir='ltr'>consulis</span> <span class='ocrx_word' id='word_1_299' title='bbox 1197 2327 1222 2353; x_wconf 91' lang='lat' dir='ltr'>a</span> <span class='ocrx_word' id='word_1_300' title='bbox 1243 2312 1442 2354; x_wconf 89' lang='lat' dir='ltr'>Chalcide</span> <span class='ocrx_word' id='word_1_301' title='bbox 1463 2329 1560 2369; x_wconf 88' lang='lat' dir='ltr'>pro-</span> 
     </span>
    </p>
   </div>
   <div class='ocr_carea' id='block_1_6' title="bbox 150 2478 834 2938">
    <p class='ocr_par' dir='ltr' id='par_1_8' title="bbox 150 2478 833 2645">
     <span class='ocr_line' id='line_1_40' title="bbox 190 2478 828 2521; baseline 0.002 -14"><span class='ocrx_word' id='word_1_302' title='bbox 190 2478 232 2508; x_wconf 83' lang='lat'>74</span> <span class='ocrx_word' id='word_1_303' title='bbox 252 2478 379 2519; x_wconf 80' lang='lat' dir='ltr'>Agmen]</span> <span class='ocrx_word' id='word_1_304' title='bbox 414 2479 465 2510; x_wconf 87' lang='lat' dir='ltr'>Sic</span> <span class='ocrx_word' id='word_1_305' title='bbox 487 2479 604 2510; x_wconf 87' lang='lat' dir='ltr'>habent</span> <span class='ocrx_word' id='word_1_306' title='bbox 629 2485 689 2510; x_wconf 86' lang='lat' dir='ltr'>tres</span> <span class='ocrx_word' id='word_1_307' title='bbox 712 2478 828 2521; x_wconf 70' lang='lat' dir='ltr'>scripti,</span> 
     </span>
     <span class='ocr_line' id='line_1_41' title="bbox 150 2522 830 2557; baseline 0.002 -7"><span class='ocrx_word' id='word_1_308' title='bbox 150 2529 229 2550; x_wconf 89' lang='lat' dir='ltr'>unus</span> <span class='ocrx_word' id='word_1_309' title='bbox 249 2522 318 2552; x_wconf 81' lang='lat' dir='ltr'>Jac.</span> <span class='ocrx_word' id='word_1_310' title='bbox 334 2522 502 2557; x_wconf 90' lang='lat' dir='ltr'>Gronovio,</span> <span class='ocrx_word' id='word_1_311' title='bbox 524 2523 601 2552; x_wconf 75' lang='lat' dir='ltr'>alter</span> <span class='ocrx_word' id='word_1_312' title='bbox 624 2522 761 2553; x_wconf 83' lang='lat' dir='ltr'>Hearnio</span> <span class='ocrx_word' id='word_1_313' title='bbox 783 2522 830 2552; x_wconf 90' lang='lat' dir='ltr'>in-</span> 
     </span>
     <span class='ocr_line' id='line_1_42' title="bbox 151 2564 833 2603; baseline 0.004 -11"><span class='ocrx_word' id='word_1_314' title='bbox 151 2568 284 2603; x_wconf 82' lang='lat' dir='ltr'>spectus,</span> <span class='ocrx_word' id='word_1_315' title='bbox 314 2565 419 2595; x_wconf 82' lang='lat' dir='ltr'>tertius</span> <span class='ocrx_word' id='word_1_316' title='bbox 446 2571 549 2596; x_wconf 89' lang='lat' dir='ltr'>noster</span> <span class='ocrx_word' id='word_1_317' title='bbox 579 2565 662 2597; x_wconf 60' lang='lat' dir='ltr'>iict.</span> <span class='ocrx_word' id='word_1_318' title='bbox 715 2564 833 2596; x_wconf 84' lang='lat' dir='ltr'>Melius</span> 
     </span>
     <span class='ocr_line' id='line_1_43' title="bbox 152 2607 563 2649; baseline 0.01 -15"><span class='ocrx_word' id='word_1_319' title='bbox 152 2614 258 2645; x_wconf 84' lang='lat' dir='ltr'>quam,</span> <span class='ocrx_word' id='word_1_320' title='bbox 271 2611 305 2635; x_wconf 91' lang='lat' dir='ltr'>ut</span> <span class='ocrx_word' id='word_1_321' title='bbox 318 2607 422 2647; x_wconf 84' lang='lat' dir='ltr'>vulgo,</span> <span class='ocrx_word' id='word_1_322' title='bbox 437 2611 563 2649; x_wconf 79' lang='lat' dir='ltr'>agmine.</span> 
     </span>
    </p>

    <p class='ocr_par' dir='ltr' id='par_1_9' title="bbox 150 2633 834 2938">
     <span class='ocr_line' id='line_1_44' title="bbox 195 2633 830 2691; baseline 0.006 -15"><span class='ocrx_word' id='word_1_323' title='bbox 195 2647 236 2677; x_wconf 87' lang='grc'>75</span> <span class='ocrx_word' id='word_1_324' title='bbox 265 2633 408 2680; x_wconf 73' lang='lat' dir='ltr'>Miuenoe</span> <span class='ocrx_word' id='word_1_325' title='bbox 441 2650 487 2680; x_wconf 77' lang='lat' dir='ltr'>Itu</span> <span class='ocrx_word' id='word_1_326' title='bbox 490 2651 562 2691; x_wconf 80' lang='lat' dir='ltr'>niae]</span> <span class='ocrx_word' id='word_1_327' title='bbox 607 2649 753 2681; x_wconf 85' lang='lat' dir='ltr'>Minerva</span> <span class='ocrx_word' id='word_1_328' title='bbox 787 2649 830 2680; x_wconf 85' lang='lat' dir='ltr'>sic</span> 
     </span>
     <span class='ocr_line' id='line_1_45' title="bbox 152 2689 832 2729; baseline 0.006 -10"><span class='ocrx_word' id='word_1_329' title='bbox 152 2689 368 2729; x_wconf 84' lang='lat' dir='ltr'>cognominata</span> <span class='ocrx_word' id='word_1_330' title='bbox 388 2698 444 2727; x_wconf 83' lang='grc'><strong>651,</strong></span> <span class='ocrx_word' id='word_1_331' title='bbox 470 2698 592 2724; x_wconf 88' lang='lat' dir='ltr'>auctore</span> <span class='ocrx_word' id='word_1_332' title='bbox 615 2692 774 2723; x_wconf 80' lang='lat' dir='ltr'>Pausania</span> <span class='ocrx_word' id='word_1_333' title='bbox 799 2692 832 2723; x_wconf 87' lang='lat' dir='ltr'>in</span> 
     </span>
     <span class='ocr_line' id='line_1_46' title="bbox 155 2731 830 2777; baseline 0.008 -16"><span class='ocrx_word' id='word_1_334' title='bbox 155 2731 316 2769; x_wconf 78' lang='lat' dir='ltr'>Boeoticis‚</span> <span class='ocrx_word' id='word_1_335' title='bbox 332 2734 371 2763; x_wconf 81' lang='lat' dir='ltr'>ab</span> <span class='ocrx_word' id='word_1_336' title='bbox 393 2735 482 2766; x_wconf 81' lang='lat' dir='ltr'>Itono</span> <span class='ocrx_word' id='word_1_337' title='bbox 497 2735 736 2777; x_wconf 86' lang='lat' dir='ltr'>Amphictyonis</span> <span class='ocrx_word' id='word_1_338' title='bbox 756 2735 830 2772; x_wconf 86' lang='lat' dir='ltr'>filio,</span> 
     </span>
     <span class='ocr_line' id='line_1_47' title="bbox 152 2775 833 2822; baseline 0.008 -18"><span class='ocrx_word' id='word_1_339' title='bbox 152 2780 239 2822; x_wconf 82' lang='lat' dir='ltr'>patre</span> <span class='ocrx_word' id='word_1_340' title='bbox 256 2775 370 2811; x_wconf 81' lang='lat' dir='ltr'>Boeoti,</span> <span class='ocrx_word' id='word_1_341' title='bbox 387 2786 406 2806; x_wconf 87' lang='lat' dir='ltr'>a</span> <span class='ocrx_word' id='word_1_342' title='bbox 427 2787 486 2818; x_wconf 88' lang='lat' dir='ltr'>quo</span> <span class='ocrx_word' id='word_1_343' title='bbox 509 2778 635 2809; x_wconf 83' lang='lat' dir='ltr'>Boeotia</span> <span class='ocrx_word' id='word_1_344' title='bbox 656 2788 768 2809; x_wconf 86' lang='grc'><strong>1103163</strong></span> <span class='ocrx_word' id='word_1_345' title='bbox 782 2788 833 2809; x_wconf 86' lang='lat' dir='ltr'>ac-</span> 
     </span>
     <span class='ocr_line' id='line_1_48' title="bbox 152 2816 833 2859; baseline 0.006 -12"><span class='ocrx_word' id='word_1_346' title='bbox 152 2816 245 2859; x_wconf 84' lang='lat' dir='ltr'>cepit.</span> <span class='ocrx_word' id='word_1_347' title='bbox 302 2817 336 2848; x_wconf 91' lang='lat' dir='ltr'>Si</span> <span class='ocrx_word' id='word_1_348' title='bbox 360 2819 502 2850; x_wconf 84' lang='lat' dir='ltr'>Straboni</span> <span class='ocrx_word' id='word_1_349' title='bbox 531 2820 692 2855; x_wconf 85' lang='lat' dir='ltr'>credimus,</span> <span class='ocrx_word' id='word_1_350' title='bbox 723 2821 745 2851; x_wconf 92' lang='grc'>1.</span> <span class='ocrx_word' id='word_1_351' title='bbox 774 2821 833 2852; x_wconf 82' lang='grc' dir='ltr'><strong>ΙΧ.</strong></span> 
     </span>
     <span class='ocr_line' id='line_1_49' title="bbox 152 2860 834 2909; baseline 0.007 -20"><span class='ocrx_word' id='word_1_352' title='bbox 152 2870 244 2901; x_wconf 86' lang='lat' dir='ltr'>pagg.</span> <span class='ocrx_word' id='word_1_353' title='bbox 268 2860 341 2891; x_wconf 84' lang='lat'>411.</span> <span class='ocrx_word' id='word_1_354' title='bbox 363 2866 394 2892; x_wconf 90' lang='lat' dir='ltr'>et</span> <span class='ocrx_word' id='word_1_355' title='bbox 416 2862 489 2892; x_wconf 83' lang='lat'>435.</span> <span class='ocrx_word' id='word_1_356' title='bbox 509 2862 664 2909; x_wconf 86' lang='lat' dir='ltr'>antiquius</span> <span class='ocrx_word' id='word_1_357' title='bbox 684 2864 834 2904; x_wconf 87' lang='lat' dir='ltr'>templum</span> 
     </span>
     <span class='ocr_line' id='line_1_50' title="bbox 150 2901 832 2938; baseline 0.006 -5"><span class='ocrx_word' id='word_1_358' title='bbox 150 2901 206 2934; x_wconf 81' lang='lat' dir='ltr'>fuit</span> <span class='ocrx_word' id='word_1_359' title='bbox 222 2902 370 2935; x_wconf 88' lang='lat' dir='ltr'>Minervae</span> <span class='ocrx_word' id='word_1_360' title='bbox 386 2904 516 2935; x_wconf 86' lang='lat' dir='ltr'>Itoniae</span> <span class='ocrx_word' id='word_1_361' title='bbox 509 2915 541 2936; x_wconf 81' lang='lat' dir='ltr'>in</span> <span class='ocrx_word' id='word_1_362' title='bbox 565 2906 640 2937; x_wconf 85' lang='lat' dir='ltr'>urbe</span> <span class='ocrx_word' id='word_1_363' title='bbox 664 2906 691 2936; x_wconf 84' lang='grc' dir='ltr'><strong>Γ</strong></span> <span class='ocrx_word' id='word_1_364' title='bbox 693 2905 832 2938; x_wconf 83' lang='lat' dir='ltr'>hessahae</span> 
     </span>
    </p>
   </div>
   <div class='ocr_carea' id='block_1_7' title="bbox 874 2478 1564 2819">
    <p class='ocr_par' dir='ltr' id='par_1_10' title="bbox 874 2478 1563 2776">
     <span class='ocr_line' id='line_1_51' title="bbox 874 2478 1559 2527; baseline 0.001 -17"><span class='ocrx_word' id='word_1_365' title='bbox 874 2480 920 2510; x_wconf 90' lang='lat' dir='ltr'>It</span> <span class='ocrx_word' id='word_1_366' title='bbox 927 2490 984 2511; x_wconf 88' lang='lat' dir='ltr'>ne:</span> <span class='ocrx_word' id='word_1_367' title='bbox 1008 2478 1091 2510; x_wconf 87' lang='lat' dir='ltr'>unde</span> <span class='ocrx_word' id='word_1_368' title='bbox 1107 2480 1213 2511; x_wconf 86' lang='lat' dir='ltr'>Boeoti</span> <span class='ocrx_word' id='word_1_369' title='bbox 1229 2480 1405 2521; x_wconf 80' lang='lat' dir='ltr'>exemplum</span> <span class='ocrx_word' id='word_1_370' title='bbox 1420 2490 1559 2527; x_wconf 81' lang='lat' dir='ltr'>sumpse-</span> 
     </span>
     <span class='ocr_line' id='line_1_52' title="bbox 874 2521 1558 2563; baseline 0.001 -11"><span class='ocrx_word' id='word_1_371' title='bbox 874 2528 946 2553; x_wconf 81' lang='lat' dir='ltr'>runt</span> <span class='ocrx_word' id='word_1_372' title='bbox 970 2522 1122 2554; x_wconf 84' lang='lat' dir='ltr'>Minervae</span> <span class='ocrx_word' id='word_1_373' title='bbox 1145 2523 1203 2553; x_wconf 88' lang='lat' dir='ltr'>sub</span> <span class='ocrx_word' id='word_1_374' title='bbox 1223 2521 1281 2553; x_wconf 92' lang='lat' dir='ltr'>hoc</span> <span class='ocrx_word' id='word_1_375' title='bbox 1303 2533 1484 2563; x_wconf 82' lang='lat' dir='ltr'>cognomine</span> <span class='ocrx_word' id='word_1_376' title='bbox 1507 2534 1558 2553; x_wconf 90' lang='lat' dir='ltr'>co·</span> 
     </span>
     <span class='ocr_line' id='line_1_53' title="bbox 874 2565 1559 2613; baseline -0.001 -18"><span class='ocrx_word' id='word_1_377' title='bbox 874 2565 988 2600; x_wconf 87' lang='lat' dir='ltr'>lendae,</span> <span class='ocrx_word' id='word_1_378' title='bbox 1017 2565 1188 2613; x_wconf 87' lang='lat' dir='ltr'>templique</span> <span class='ocrx_word' id='word_1_379' title='bbox 1216 2565 1246 2595; x_wconf 88' lang='lat' dir='ltr'>ei</span> <span class='ocrx_word' id='word_1_380' title='bbox 1273 2565 1356 2607; x_wconf 85' lang='lat' dir='ltr'>apud</span> <span class='ocrx_word' id='word_1_381' title='bbox 1388 2566 1559 2596; x_wconf 84' lang='lat' dir='ltr'>Coroneam</span> 
     </span>
     <span class='ocr_line' id='line_1_54' title="bbox 876 2607 1561 2649; baseline -0.001 -11"><span class='ocrx_word' id='word_1_382' title='bbox 876 2607 1066 2639; x_wconf 86' lang='lat' dir='ltr'>exstruendi.</span> <span class='ocrx_word' id='word_1_383' title='bbox 1123 2608 1162 2638; x_wconf 88' lang='lat' dir='ltr'>In</span> <span class='ocrx_word' id='word_1_384' title='bbox 1190 2607 1248 2638; x_wconf 87' lang='lat' dir='ltr'>hoc</span> <span class='ocrx_word' id='word_1_385' title='bbox 1278 2608 1427 2649; x_wconf 85' lang='lat' dir='ltr'>templum</span> <span class='ocrx_word' id='word_1_386' title='bbox 1456 2608 1561 2637; x_wconf 83' lang='lat' dir='ltr'>Boeoti</span> 
     </span>
     <span class='ocr_line' id='line_1_55' title="bbox 876 2650 1562 2681; baseline 0 -1"><span class='ocrx_word' id='word_1_387' title='bbox 876 2650 914 2680; x_wconf 86' lang='lat' dir='ltr'>de</span> <span class='ocrx_word' id='word_1_388' title='bbox 927 2651 1019 2681; x_wconf 86' lang='lat' dir='ltr'>rebus</span> <span class='ocrx_word' id='word_1_389' title='bbox 1038 2651 1252 2681; x_wconf 84' lang='lat' dir='ltr'>communibus</span> <span class='ocrx_word' id='word_1_390' title='bbox 1267 2650 1465 2681; x_wconf 79' lang='lat' dir='ltr'>deliberaturi</span> <span class='ocrx_word' id='word_1_391' title='bbox 1489 2660 1562 2680; x_wconf 90' lang='lat' dir='ltr'>con-</span> 
     </span>
     <span class='ocr_line' id='line_1_56' title="bbox 874 2692 1563 2734; baseline 0 -11"><span class='ocrx_word' id='word_1_392' title='bbox 874 2693 1051 2724; x_wconf 84' lang='lat' dir='ltr'>veniebant.</span> <span class='ocrx_word' id='word_1_393' title='bbox 1106 2694 1211 2734; x_wconf 89' lang='lat' dir='ltr'>Atque</span> <span class='ocrx_word' id='word_1_394' title='bbox 1237 2693 1276 2723; x_wconf 94' lang='lat' dir='ltr'>ob</span> <span class='ocrx_word' id='word_1_395' title='bbox 1313 2704 1381 2724; x_wconf 87' lang='lat' dir='ltr'>eam</span> <span class='ocrx_word' id='word_1_396' title='bbox 1418 2692 1563 2723; x_wconf 83' lang='lat' dir='ltr'>videlicet</span> 
     </span>
     <span class='ocr_line' id='line_1_57' title="bbox 875 2735 1550 2776; baseline -0.003 -10"><span class='ocrx_word' id='word_1_397' title='bbox 875 2746 1003 2767; x_wconf 84' lang='lat' dir='ltr'>causam</span> <span class='ocrx_word' id='word_1_398' title='bbox 1017 2735 1062 2766; x_wconf 91' lang='lat' dir='ltr'>ibi</span> <span class='ocrx_word' id='word_1_399' title='bbox 1077 2740 1181 2767; x_wconf 84' lang='lat' dir='ltr'>statua</span> <span class='ocrx_word' id='word_1_400' title='bbox 1194 2736 1348 2770; x_wconf 82' lang='lat' dir='ltr'>Antiocho</span> <span class='ocrx_word' id='word_1_401' title='bbox 1363 2735 1463 2776; x_wconf 85' lang='lat' dir='ltr'>posita</span> <span class='ocrx_word' id='word_1_402' title='bbox 1474 2740 1550 2765; x_wconf 89' lang='lat' dir='ltr'>erat.</span> 
     </span>
    </p>

    <p class='ocr_par' dir='ltr' id='par_1_11' title="bbox 921 2777 1564 2819">
     <span class='ocr_line' id='line_1_58' title="bbox 921 2777 1564 2819; baseline -0.006 -9"><span class='ocrx_word' id='word_1_403' title='bbox 921 2781 961 2810; x_wconf 83' lang='lat'>79</span> <span class='ocrx_word' id='word_1_404' title='bbox 987 2780 1064 2814; x_wconf 79' lang='lat' dir='ltr'>Quae</span> <span class='ocrx_word' id='word_1_405' title='bbox 1092 2780 1252 2809; x_wconf 65' lang='lat' dir='ltr'>novissimo?</span> <span class='ocrx_word' id='word_1_406' title='bbox 1279 2777 1419 2819; x_wconf 76' lang='lat' dir='ltr'>agminis]</span> <span class='ocrx_word' id='word_1_407' title='bbox 1460 2777 1564 2817; x_wconf 84' lang='lat' dir='ltr'>Magis</span> 
     </span>
    </p>
   </div>
   <div class='ocr_carea' id='block_1_8' title="bbox 877 2819 1565 2863">
    <p class='ocr_par' dir='ltr' id='par_1_12' title="bbox 877 2819 1565 2863">
     <span class='ocr_line' id='line_1_59' title="bbox 877 2819 1565 2863; baseline -0.003 -10"><span class='ocrx_word' id='word_1_408' title='bbox 877 2822 981 2863; x_wconf 89' lang='lat' dir='ltr'>placet</span> <span class='ocrx_word' id='word_1_409' title='bbox 1002 2822 1035 2852; x_wconf 90' lang='lat' dir='ltr'>id</span> <span class='ocrx_word' id='word_1_410' title='bbox 1055 2821 1138 2863; x_wconf 90' lang='lat' dir='ltr'>quod</span> <span class='ocrx_word' id='word_1_411' title='bbox 1161 2820 1277 2862; x_wconf 84' lang='lat' dir='ltr'>Sigonii</span> <span class='ocrx_word' id='word_1_412' title='bbox 1300 2821 1376 2852; x_wconf 87' lang='lat' dir='ltr'>liber</span> <span class='ocrx_word' id='word_1_413' title='bbox 1399 2825 1429 2851; x_wconf 86' lang='lat' dir='ltr'>et</span> <span class='ocrx_word' id='word_1_414' title='bbox 1445 2819 1565 2851; x_wconf 86' lang='lat' dir='ltr'>Victor.</span> 
     </span>
    </p>
   </div>
   <div class='ocr_carea' id='block_1_9' title="bbox 877 2865 1172 2902">
    <p class='ocr_par' dir='ltr' id='par_1_13' title="bbox 877 2865 1172 2902">
     <span class='ocr_line' id='line_1_60' title="bbox 877 2865 1172 2902; baseline 0 -7"><span class='ocrx_word' id='word_1_415' title='bbox 877 2865 1004 2902; x_wconf 84' lang='lat' dir='ltr'>habent,</span> <span class='ocrx_word' id='word_1_416' title='bbox 1017 2865 1172 2895; x_wconf 64' lang='lat' dir='ltr'>novissimi.</span> 
     </span>
    </p>
   </div>
   <div class='ocr_carea' id='block_1_10' title="bbox 1564 737 1765 866">
    <p class='ocr_par' dir='ltr' id='par_1_14' title="bbox 1564 737 1765 866">
     <span class='ocr_line' id='line_1_61' title="bbox 1565 737 1765 769; baseline -0.01 0"><span class='ocrx_word' id='word_1_417' title='bbox 1565 738 1639 769; x_wconf 86' lang='lat' dir='ltr'>Cos.</span> <span class='ocrx_word' id='word_1_418' title='bbox 1654 737 1765 768; x_wconf 85' lang='lat' dir='ltr'>Antio-</span> 
     </span>
     <span class='ocr_line' id='line_1_62' title="bbox 1564 781 1738 822; baseline -0.013 -10"><span class='ocrx_word' id='word_1_419' title='bbox 1564 781 1656 812; x_wconf 90' lang='lat' dir='ltr'>chum</span> <span class='ocrx_word' id='word_1_420' title='bbox 1670 791 1738 822; x_wconf 83' lang='lat' dir='ltr'>per-</span> 
     </span>
     <span class='ocr_line' id='line_1_63' title="bbox 1565 823 1709 866; baseline -0.015 -11"><span class='ocrx_word' id='word_1_421' title='bbox 1565 823 1709 866; x_wconf 83' lang='lat' dir='ltr'>sequitur.</span> 
     </span>
    </p>
   </div>
   <div class='ocr_carea' id='block_1_11' title="bbox 1573 2326 1747 2455">
    <p class='ocr_par' dir='ltr' id='par_1_15' title="bbox 1573 2326 1747 2455">
     <span class='ocr_line' id='line_1_64' title="bbox 1573 2326 1747 2358; baseline -0.006 0"><span class='ocrx_word' id='word_1_422' title='bbox 1573 2326 1747 2358; x_wconf 86' lang='lat' dir='ltr'>Antiochus</span> 
     </span>
     <span class='ocr_line' id='line_1_65' title="bbox 1573 2369 1725 2402; baseline -0.02 0"><span class='ocrx_word' id='word_1_423' title='bbox 1573 2372 1605 2402; x_wconf 90' lang='lat' dir='ltr'>in</span> <span class='ocrx_word' id='word_1_424' title='bbox 1617 2369 1725 2401; x_wconf 83' lang='lat' dir='ltr'>Asiam</span> 
     </span>
     <span class='ocr_line' id='line_1_66' title="bbox 1573 2413 1695 2455; baseline -0.016 -10"><span class='ocrx_word' id='word_1_425' title='bbox 1573 2413 1695 2455; x_wconf 80' lang='lat' dir='ltr'>trajicit.</span> 
     </span>
    </p>
   </div>
  </div>
 </body>
</html>
