1947 3222
374 144 448 185 150
879 141 1040 182 ΔΤΙὟΙ
1088 143 1265 182 L1v11

160 259 342 304 U.C.'‚557.
367 260 515 296 “c-rant:
559 259 599 294 et
626 252 693 294 ¹ita
713 259 832 293 ‘mora
860 253 998 293 omnia
1030 252 1204 309 accepit,
1239 261 1287 294 ut
1322 251 1391 293 alii
1421 251 1464 292 in
1491 250 1615 292 armis
1637 258 1790 302 essent,

161 313 205 344 A.
216 308 258 343 C.
270 306 343 342 1¹95.

165 384 249 432 Laus
263 383 357 415 Cato-

166 437 224 458 nls.

371 311 446 352 alii
467 308 686 352 ‘obsidione
709 308 766 350 ad
790 308 1062 350 defectionem
1088 317 1362 365 cogerentur:
1394 323 1484 358 nec,
1512 307 1590 349 nisi
1616 304 1663 349 in
1690 315 1793 349 tem-

378 382 478 425 pore
514 366 766 408 subventum
800 365 923 416 foret,
956 365 1070 407 ultra
1099 366 1372 407 sustentaturi
1407 364 1575 406 fuerint.
1639 364 1721 405 Sed
1749 363 1793 405 in

379 423 546 466 consule
569 432 624 464 ‘ea
652 423 716 463 vis
747 421 873 462 animi
892 430 1026 477 atque
1055 422 1211 478 'rn‘genii
1239 423 1338 473 fuit,
1371 430 1419 463 ut
1444 421 1584 463 omnia
1612 420 1795 462 maxima

379 480 633 536 minimaque
653 493 728 534 per
753 493 794 519 se
825 477 958 542 adiret
986 485 1113 534 atque
1143 488 1308 535 ageret:
1340 493 1414 519 nec
1440 479 1643 534 cogitaret
1670 477 1798 518 modo

368 539 703 594 imperaretque,
725 547 826 597 quae
855 548 899 575 111
928 548 1016 575 rem
1040 542 1195 587 essent,
1217 535 1290 576 sed
1314 535 1515 591 pleraque
1541 535 1630 591 ipse
1658 549 1735 590 per
1747 545 1798 575 ‘se

381 594 628 649 transigeret
645 608 673 655 3·
700 606 776 632 nec
809 606 853 631 m
887 605 1143 654 quemquam
1175 606 1363 633 omnium
1396 597 1567 648 gravms
1600 605 1801 633 severius-

381 666 480 707 que,
512 664 639 706 quam
664 663 707 688 m
733 656 868 689 ‘semet
900 662 1054 703 ipsum,
1083 649 1307 704 imperium
1337 656 1569 689 exerceret:
1601 647 1802 704 parsimo-

382 708 464 757 nia,
487 715 528 747 et
548 704 716 760 vigiliis,
738 713 779 746 et
800 705 941 746 labore
969 719 1067 745 cum
1094 704 1255 746 ultimis
1280 704 1463 746 militum
1490 713 1693 753 certaret3
1725 719 1801 745 nec

382 762 616 819 quidquam
646 761 689 802 in
719 762 906 803 exercitu
928 776 1004 802 suo
1033 761 1250 818 praecipui,
1271 769 1425 817 praeter
1451 761 1650 803 honorem
1674 769 1802 817 atque

378 819 621 876 imperium,
642 818 828 860 haberet.

443 877 581 917 XIX.
610 874 835 916 Difficilius
852 874 1012 916 bellum
1033 875 1073 916 in
1098 874 1364 917 Turdetania
1381 875 1553 931 praetori
1574 875 1623 915 P.
1640 874 1806 915 Manlio

388 932 602 984 Celtiberi,
623 932 813 974 mercede
833 931 960 973 exciti
981 933 1033 974 ab
1054 931 1260 983 hostibus,
1282 933 1391 973 sicut
1419 940 1515 973 ante
1545 932 1805 982 dictumest,

385 990 604 1032 faciebant.
642 990 786 1044 itaque
820 1004 870 1030 eo
898 989 1064 1040 consul,
1097 989 1317 1031 arcessitus
1351 988 1482 1030 literis
1512 987 1719 1045 praetoris,
1751 987 1809 1028 le-

377 1047 529 1103 igiones
550 1046 686 1087 duxit.
747 1046 835 1087 Ubi
864 1060 915 1087 eo
944 1046 1073 1096 venit,
1101 1045 1256 1097 (castra
1285 1045 1507 1102 separatim
1539 1044 1739 1086 Celtiberi
1767 1052 1809 1086 et

175 1120 216 1168 111
224 1116 378 1168 Tui-deta-

177 1170 262 1193 nlam
276 1167 311 1193 it.

201 2425 387 2469 Regreditur

202 2471 242 2502 ad
258 2471 393 2502 Iberum.

206 2595 375 2627 Lacetanos

204 2636 333 2670 invadit.

391 1103 628 1145 Turdetani
647 1102 878 1157 habebant)
895 1113 990 1143 011111
1014 1102 1271 1144 Turdetanis
1287 1102 1503 1158 extemplo
1522 1101 1631 1143 levia
1645 1100 1808 1158 proelia,

384 1161 646 1202 incursantes
676 1159 718 1200 in
748 1159 946 1201 stationes
975 1170 1135 1210 eorum,
1159 1159 1339 1200 Romani
1364 1159 1530 1207 :facere;
1563 1170 1810 1215 semperque

390 1218 567 1260 victores
601 1232 653 1257 ex
688 1216 880 1272 quamvis
910 1223 1071 1257 'temere
1105 1224 1244 1272 coepto
1279 1215 1503 1257 certamine
1538 1215 1664 1257 abire.
1735 1214 1810 1255 Ad

393 1275 625 1316 Celtiberos
638 1274 688 1315 'in
710 1273 981 1329 conloquium
1007 1273 1199 1314 tribunos
1219 1273 1400 1314 militum
1422 1272 1481 1313 ire
1502 1272 1661 1322 consul,
1683 1280 1811 1327 atque

384 1332 442 1373 viis
463 1331 591 1373 trium
621 1330 909 1372 conditionum
939 1330 1182 1372 electionem
1210 1331 1334 1380 ferre,
1357 1330 1493 1386 jubet.
1555 1329 1756 1379 Pfimam,
1778 1342 1812 1369 si

393 1388 568 1431 transire
599 1388 653 1428 ad
684 1389 896 1428 Romanos
925 1387 1070 1437 velint,
1092 1395 1133 1428 et
1155 1386 1313 1442 duplex
1336 1386 1591 1442 stipendium
1612 1386 1812 1441 accipere,

395 1460 523 1502 quam
544 1452 751 1500 quantum
772 1458 797 1483 a
818 1443 1076 1485 Turdetanis
1095 1443 1349 1499 pepigissent
1366 1459 1374 1483 ε
1408 1442 1594 1493 alteram,
1614 1442 1647 1483 si
1668 1442 1813 1483 domos

386 1502 525 1551 abire,
555 1501 728 1557 publica
759 1499 841 1540 fide
874 1508 1058 1556 accepta,
1090 1500 1194 1541 nihil
1227 1515 1316 1540 eam
1341 1514 1428 1540 rem
1457 1514 1578 1540 noxae
1609 1498 1814 1548 futuram,

387 1559 514 1615 ·quod
530 1557 788 1599 'hostibusse
811 1555 1099 1597 Romanorum
1114 1556 1376 1613 junxissent:
1409 1556 1592 1607 tertiam,
1614 1554 1818 1610 siutique

398 1616 554 1658 bellum
581 1614 760 1670 placeat,
791 1613 901 1654 diem
932 1614 1154 1669 locumque
1175 1613 1454 1662 constituant„
1480 1612 1559 1654 ubi
1586 1627 1726 1653 secum
1751 1623 1820 1652 ‘ar-

399 1672 477 1714 mis
502 1672 737 1713 decernant.
797 1670 842 1709 A
871 1670 1090 1711 Celtiberis
1120 1669 1208 1711 dies
1239 1669 1293 1710 ad
1322 1669 1643 1711 consultandum
1672 1667 1817 1725 petita.

401 1728 621 1770 concilium
661 1725 849 1768 inmixtis
890 1727 1149 1768 Turdetanis
1187 1726 1380 1768 habitum
1419 1740 1572 1782 magno
1616 1739 1711 1766 cum
1748 1731 1820 1766 'tu-

402 1785 563 1828 multu:
605 1800 654 1825 eo
683 1783 822 1825 minus
851 1783 1016 1825 decerni
1043 1782 1275 1838 quidquam
1303 1784 1457 1839 potuit.
1518 1784 1661 1833 Quum
1690 1782 1821 1823 incer-

404 1852 510 1893 tum,
531 1841 690 1883 bellum
710 1855 763 1881 an
781 1853 865 1896 pax
887 1854 983 1881 cum
1006 1839 1226 1881 Celtiberis
1246 1847 1366 1890 esset,
1388 1847 1643 1881 commeatus
1661 1847 1818 1889 tamen,

403 1899 519 1941 haud
541 1913 657 1939 secus
678 1913 805 1954 quam
825 1899 868 1939 in
887 1909 1004 1953 pace,
1017 1908 1077 1937 -e’x
1103 1897 1219 1952 'agris
1249 1896 1510 1952 castellisque
1530 1896 1713 1937 hostium
1736 1896 1823 1936 Ro-

405 1956 516 1998 mani
543 1955 791 2012 portabant:
816 1954 920 1995 vdein
948 1968 1058 2009 saepe
1085 1953 1345 1994 munimenta
1374 1968 1532 2003 eorum,
1564 1952 1681 1993 velut
1710 1966 1823 1993 com-

398 2012 524 2056 -muni
545 2021 668 2069 pacto
689 2011 933 2053 commercio
952 2011 1128 2067 privatis
1147 2010 1341 2061 induciis,
1363 2009 1653 2066 ingredientes.
1711 2008 1825 2050 Con-

408 2070 473 2112 sul
494 2070 569 2110 ubi
589 2069 728 2110 hostes
749 2068 803 2109 ad
822 2083 1008 2125 pugnam
1029 2067 1175 2109 elicere
1188 2066 1357 2123 nequit,
1378 2067 1562 2123 primum
1585 2065 1824 2123 praedatum

409 2128 489 2169 sub
521 2125 649 2182 signis
683 2126 845 2181 aliquot
879 2124 1096 2181 expeditas
1123 2124 1318 2166 cohortes
1350 2123 1393 2164 in
1429 2139 1577 2179 agrum
1612 2121 1825 2178 ⁶⁸integrae

407 2183 588 2240 regionis
617 2182 758 2224 ducit:
792 2182 941 2224 deinde
965 2181 1129 2232 audito,
1154 2180 1369 2238 Seguntiae
1395 2180 1655 2223 Celtiberum
1684 2192 1826 2220 omncs

403 2240 590 2282 sarcinas
605 2239 977 2295 inpedimentaque
1007 2236 1164 2289 relicta,
1178 2253 1235 2279 eo
1255 2238 1393 2294 pergit
1412 2237 1564 2279 ducere
1578 2234 1638 2277 ad
1664 2235 1828 2292 obpug-

411 2296 609 2338 nandum.
672 2297 903 2353 Postquam
922 2295 1039 2337 nulla
1058 2304 1280 2336 movent-ur
1299 2310 1359 2344 re,
1376 2293 1587 2351 persoluto
1604 2291 1826 2348 stipendio,

412 2369 495 2395 non
518 2353 602 2394 suis
623 2353 762 2404 modo,
786 2353 858 2395 sed
879 2352 1003 2394 etiam
1024 2352 1214 2408 praetoris
1229 2351 1448 2402 militibus,
1469 2350 1697 2405 relictoque
1717 2348 1829 2390 omni

414 2410 600 2453 exercitu
622 2410 662 2450 in
685 2410 829 2451 castris
853 2409 1074 2466 praetoriis,
1095 2409 1183 2466 ipse
1203 2423 1298 2450 cum
1328 2416 1485 2464 septem
1514 2405 1755 2448 cohortibus
1775 2405 1828 2447 ad

416 2467 590 2510 Iberum
611 2475 673 2508 est
696 2482 919 2522 regressus.

472 2523 581 2565 XX.
614 2523 680 2564 Ea
712 2535 796 2565 tam
833 2523 987 2580 exigua
1021 2538 1147 2564 manu
1180 2522 1336 2579 oppida
1369 2521 1529 2577 aliquot
1564 2521 1687 2576 cepit.
1720 2519 1832 2561 defe-

417 2596 507 2622 cere
541 2580 595 2621 ad
629 2595 723 2621 eum
762 2580 972 2630 Sedetani,
1008 2580 1230 2630 Ausetani,
1257 2577 1511 2620 Suessetani.
1585 2578 1831 2627 Lacetanos,

418 2637 581 2679 deviam
613 2646 657 2679 et
691 2636 919 2679 silvestrem
952 2646 1135 2693 gentem,
1155 2648 1296 2692 ‘quum
1322 2636 1453 2677 insita
1475 2634 1625 2676 'feritas
1655 2632 1835 2676 contine-

417 2771 510 2802 quam
534 2770 665 2797 servum,
690 2770 759 2791 eum
787 2760 839 2802 qui
867 2770 898 2791 se
922 2770 980 2802 pro
1008 2760 1103 2791 libero
1146 2759 1281 2791 nendum
1292 2759 1444 2801 judicavit
1459 2758 1645 2801 particulam
1658 2759 1750 2789 velut.

417 2810 512 2843 gerat.
565 2806 671 2841 Quum
701 2803 792 2845 igitur
827 2814 846 2834 a
880 2803 1103 2834 consuetudine
1187 2802 1411 2843 fissfflmegrae]
1438 2803 1580 2836 Intacta).
1604 2809 1674 2842 ηυδε
1698 2799 1831 2831 mmdum

417 2847 526 2891 forensi
542 2846 666 2878 (luctam
692 2846 874 2878 locutionem
898 2845 948 2876 hic
973 2845 1013 2877 ad
1037 2845 1102 2876 bel·
1143 2845 1355 2890 populationis
1366 2852 1397 2878 et
1412 2845 1484 2878 belli
1498 2845 1583 2877 mala
1598 2843 1752 2877 sensisset.

417 2889 493 2921 hus
516 2900 562 2922 res
586 2889 745 2930 transferat
771 2888 887 2925 Livius,
909 2888 981 2921 ideo
1005 2899 1101 2932 appo-

1940 167 1947 219 =-
1941 110 1944 156 -—<-
1941 70 1944 91 -s
