1947 3222
143 241 185 272 U.
196 242 232 271 C.
247 239 319 270 559.

141 284 184 314 A.
197 283 236 314 C.
250 282 320 312 193.

139 347 177 377 L.
187 344 324 378 Cornelii

141 399 188 419 res
202 394 296 429 gestae

142 431 224 473 apud
237 431 341 462 Boios.

357 123 428 163 192
872 118 1019 156 TITI
1068 117 1247 156 LIVII

353 241 502 282 magna
529 240 724 282 pecorum
783 227 992 283 raedaeque
1018 235 1138 277 esset,
1159 234 1352 284 paratum
1381 234 1469 266 erat
1498 225 1753 281 praesidium,

353 297 427 338 per
449 282 565 337 quod
584 283 628 323 in
648 291 757 325 caste
776 283 815 324 la
830 298 970 324 eorum
993 283 1188 338 vicosque
1208 290 1413 338 ageretur.

411 340 486 380 IV.
519 340 659 390 Quum
679 339 836 381 bellum
862 339 1130 394 Ligustinum
1153 339 1207 380 ad
1233 339 1349 380 Pisas
1373 337 1637 389 constitisset,
1659 354 1754 380 con-

354 395 418 436 sul
437 395 541 437 alter
566 396 617 436 L.
642 396 859 437 Cornelius
880 395 1049 436 Merula
1076 410 1151 458 per
1178 404 1384 436 extremos
1415 395 1622 449 Ligurum
1654 395 1755 436 fines

352 452 579 494 exercitum
606 452 650 493 in
678 467 825 506 agrum
858 451 1056 492 Boiorum
1085 451 1265 501 induxit,
1296 451 1370 492 ubi
1400 451 1520 506 longe
1551 451 1630 491 alia
1656 451 1755 492 belli

351 509 471 559 ratio,
493 524 619 565 quam
640 523 732 549 cum
767 507 1014 562 Liguribus,
1035 515 1134 548 erat.
1197 508 1353 548 Consul
1373 508 1416 548 in
1445 508 1571 548 aciem
1599 507 1754 558 exibat,

351 565 488 606 hostes
515 579 700 621 pugnam
727 564 1037 604 detrectabant:
1074 563 1408 619 praedatumque,
1431 563 1504 605 ubi
1534 579 1654 604 nemo
1683 565 1756 605 ob-

350 621 460 662 viam
490 621 634 669 exiret,
657 619 941 661 discurrebant
970 619 1174 667 Romani;
1214 621 1307 660 Boii
1338 620 1463 675 diripi
1489 636 1563 662 sua
1583 621 1754 676 inpune,

351 693 477 732 quam
503 677 659 718 tuendo
689 691 737 717 ea
763 691 974 717 conserere
1003 684 1223 726 certamen,
1244 676 1464 718 malebant.
1526 678 1755 732 Postquam

352 735 489 774 onmia
518 733 628 774 ferro
657 733 829 788 ignique
857 732 954 773 satis
990 740 1175 773 evastata
1201 741 1333 782 erant,
1366 733 1509 773 consul
1540 747 1639 788 agro
1665 733 1758 774 hos-

354 789 459 830 tium
480 788 667 839 excessit,
689 797 730 830 et
757 789 811 830 ad
841 788 1054 830 Mutinam
1084 789 1247 844 agmine
1274 789 1455 839 incauto,
1484 798 1532 830 ut
1557 790 1664 830 inter
1687 805 1759 845 pa-

353 853 480 895 catos,
511 846 702 887 ducebat.
776 845 882 895 Boii,
915 845 986 886 ubi
1016 860 1225 901 egressum
1256 861 1278 885 e
1305 844 1457 886 finibus
1488 845 1572 886 suis
1597 845 1758 887 hostem

354 917 527 952 sensere,
556 902 836 958 sequebantur
863 901 997 943 silenti
1022 901 1198 957 agmine,
1226 901 1363 942 locum
1390 901 1548 942 insidiis
1571 917 1759 957 quaeren-

353 966 426 1000 tes.
462 967 581 1000 nocte
615 959 895 1014 praetergressi
929 966 1062 999 castra
1094 959 1285 999 Romana
1318 958 1484 1008 saltum,
1513 974 1598 1013 qua
1629 966 1759 999 trans-

352 1014 537 1056 eundum
559 1023 645 1056 erat
668 1016 882 1065 Romanis,
896 1014 1148 1055 insederunt.
1201 1015 1254 1056 Id
1275 1030 1407 1070 quum
1427 1029 1576 1070 parum
1596 1015 1758 1056 occulte

350 1071 558 1122 fecissent,
584 1071 740 1120 consul,
770 1073 844 1127 qui
873 1071 1007 1112 multa
1035 1079 1156 1112 nocte
1187 1071 1331 1112 solitus
1361 1079 1449 1112 erat
1479 1086 1643 1112 movere
1674 1087 1759 1112 cas-

350 1136 429 1178 tra,
455 1143 506 1168 ne
532 1143 616 1169 nox
642 1136 841 1169 terrorem
865 1128 907 1168 in
936 1127 1211 1168 tumultuario
1238 1126 1386 1183 proelio
1415 1136 1602 1183 augeret,
1623 1128 1758 1169 lucem

349 1185 627 1240 exspectavit:
666 1193 721 1234 et,
745 1200 876 1240 quum
908 1184 1000 1224 luce
1033 1192 1231 1233 moveret,
1260 1192 1396 1225 tamen
1431 1192 1612 1224 turmam
1643 1185 1758 1240 equi-

349 1248 440 1281 tum
468 1241 731 1297 exploratum
758 1241 881 1282 misit.
943 1242 1173 1296 Postquam
1200 1240 1377 1281 relatum
1405 1248 1480 1290 est,
1503 1249 1671 1296 quantae
1692 1256 1757 1281 co-

348 1296 444 1352 piae,
476 1306 517 1338 et
549 1298 591 1338 in
624 1313 710 1353 quo
744 1297 833 1338 loco
861 1304 1009 1346 essent,
1034 1296 1163 1337 totius
1193 1296 1368 1352 agminis
1399 1296 1575 1337 sarcinas
1602 1297 1645 1337 in
1673 1312 1756 1338 me-

349 1353 466 1394 dium
500 1354 647 1410 conjici
676 1354 815 1410 jussit.
846 1353 908 1395 ⁶et
940 1352 1104 1395 triarios
1129 1353 1285 1393 vallum
1315 1352 1616 1408 circumjicere:
1650 1362 1755 1394 cete-

348 1424 396 1450 ro
416 1410 600 1452 exercitu
620 1411 825 1451 instructo
851 1410 904 1451 ad
931 1410 1091 1450 hostem
1119 1410 1299 1450 accessit.
1361 1408 1481 1450 Idem
1502 1418 1543 1451 et
1566 1410 1677 1450 Galli
1697 1410 1756 1450 fe-

350 1474 511 1517 cerunt,
546 1474 767 1522 postquam
803 1474 967 1522 apertas
1002 1481 1087 1506 esse
1122 1465 1304 1514 insidias,
1341 1473 1382 1506 et
1416 1473 1529 1506 recto
1563 1481 1609 1506 ac
1639 1467 1756 1521 justo

350 1522 512 1578 proelio,
535 1523 608 1564 ubi
628 1538 726 1564 vera
745 1523 880 1564 virtus
900 1522 1097 1572 vinceret,
1119 1521 1400 1562 dimicandum
1421 1521 1629 1563 viderunt.

408 1580 456 1619 V.
495 1581 614 1620 Hora
648 1579 828 1620 secunda
861 1579 990 1620 ferme
1025 1593 1271 1619 concursum
1307 1586 1380 1619 est.
1411 1577 1599 1619 ⁷sinistra
1631 1579 1757 1620 socio-

350 1645 467 1676 rumg
491 1636 554 1676 ala
579 1644 620 1678 et
649 1635 987 1677 ⁸extraordinarii
1013 1634 1147 1691 prima
1175 1635 1217 1675 in
1246 1635 1331 1675 acie
1360 1635 1620 1690 pugnabant.
1652 1651 1758 1691 prae-

350 1700 467 1733 erant
488 1692 572 1733 duo
585 1693 818 1733 consulares
837 1692 978 1748 legati,
997 1693 1060 1732 M.
1076 1691 1303 1732 Marcellus
1323 1699 1364 1732 et
1387 1691 1455 1731 Ti.
1474 1692 1754 1747 Sempronius,

350 1748 500 1804 prioris
534 1749 629 1790 anni
661 1749 815 1790 consul.
890 1749 1036 1789 Novus
1070 1747 1212 1789 consul
1244 1762 1355 1788 nunc
1389 1746 1443 1787 ad
1474 1748 1608 1803 prima
1639 1749 1756 1803 signa

350 1814 452 1854 erat,
486 1821 596 1846 nunc
628 1805 808 1861 legiones
839 1805 1075 1846 continebat
1107 1804 1149 1844 in
1183 1803 1401 1850 subsidiis;
1436 1818 1487 1843 ne
1522 1805 1756 1846 certaminis

351 1861 492 1903 studio
511 1863 628 1918 prius
648 1864 973 1917 procurrerenth,
998 1876 1124 1917 quam
1147 1860 1293 1902 datum
1314 1861 1479 1915 signum
1500 1868 1617 1900 esset.
1639 1862 1756 1916 equi-

351 1926 414 1959 tes
441 1934 582 1959 earum
610 1927 728 1960 extra
757 1919 884 1959 aciem
915 1918 956 1958 in
984 1918 1122 1959 locum
1148 1924 1359 1973 patentem
1386 1917 1433 1966 Q.
1466 1924 1505 1957 et
1536 1918 1583 1957 P.
1614 1917 1756 1958 Minu-

353 1974 436 2015 cios
468 1975 656 2016 tribunos
690 1975 869 2016 militum
905 1975 1079 2016 educere
1104 1973 1241 2029 jussit.
1282 1973 1393 2023 inde,
1426 1988 1558 2028 quum
1591 1973 1756 2029 signum

353 2030 547 2081 dedisset,
573 2032 759 2088 inpetum
782 2047 831 2072 ex
863 2040 1006 2087 aperto
1029 2031 1221 2071 facerent.
1283 2030 1389 2070 Haec
1415 2029 1553 2084 agenti
1580 2030 1757 2071 nuncius

353 2088 466 2129 venit
490 2104 515 2129 a
536 2082 604 2129 Ti.
630 2089 871 2145 Sempronio
893 2089 1056 2143 Longo,
1079 2101 1157 2127 non
1187 2088 1380 2127 sustinere
1409 2088 1756 2128 extraordinarios

354 2145 529 2197 inpetum
555 2145 781 2193 Gallorum,
804 2151 842 2186 et
870 2159 989 2186 coesos
1010 2145 1229 2198 permultos
1249 2159 1349 2185 esse:
1379 2149 1432 2194 et,
1453 2144 1525 2197 qui
1542 2143 1757 2196 supersint,

344 2202 500 2254 partim
521 2202 671 2252 labore,
680 2203 836 2255 partim
856 2208 960 2242 metu
974 2201 1165 2243 remisisse
1185 2201 1366 2241 ardorem
1381 2213 1544 2254 pugnae.
1565 2201 1757 2254 legionem

351 2259 522 2299 alteram
543 2273 591 2300 ex
620 2259 785 2309 duabus,
805 2260 842 2299 si
870 2260 1086 2310 videretur,
1107 2258 1365 2307 submitteret,
1379 2258 1614 2311 priusquam
1645 2257 1758 2311 igno-

607 2361 624 2387 Β
639 2360 766 2399 equitum
781 2357 838 2389 ins.
856 2359 945 2389 Crev.
1047 2358 1063 2383 h
1078 2364 1281 2389 concurrerent
1298 2357 1395 2389 Gron.
1413 2356 1503 2387 Crev.

398 2453 419 2482 6
450 2451 486 2482 L't
517 2453 643 2483 Triarius
669 2454 780 2483 vallum
816 2453 1029 2493 circnmp'icere]
1118 2453 1135 2482 7
1170 2453 1292 2481 Sinistra
1336 2452 1473 2481 sociorum
1516 2451 1642 2490 equitum
1687 2451 1752 2491 alu]

356 2493 477 2536 Nempe
501 2497 642 2532 s‹1rcinis,·
675 2496 788 2526 circum
809 2495 944 2525 sarcinas
966 2496 1030 2525 val·
1076 2495 1157 2525 Dele
1174 2494 1302 2525 fidenter
1315 2504 1385 2523 cum
1401 2492 1513 2534 Lipsio‚
1527 2492 1546 2522 l.
1565 2493 1611 2523 11.
1627 2493 1664 2523 de
1683 2494 1753 2524 Mil.

355 2536 418 2567 lum
439 2537 561 2578 jacere:
595 2544 630 2568 ut
655 2539 736 2569 vallo
761 2537 879 2577 objecto
904 2538 1031 2568 sarcina:
1077 2538 1169 2568 Rom.
1186 2536 1260 2567 dial.
1274 2538 1303 2566 7.
1319 2546 1422 2566 vocem
1437 2537 1584 2575 equitum:
1607 2535 1656 2565 liic
1671 2536 1753 2566 enim

355 2577 386 2609 in
406 2586 469 2611 tuto
492 2586 604 2616 essent,
628 2592 663 2611 ac
687 2581 863 2622 prat-sertim,
881 2586 913 2610 ut
937 2580 1030 2612 habe·
1075 2579 1113 2610 de
1130 2579 1283 2621 peditibus
1304 2578 1392 2608 sociis
1410 2577 1518 2619 agitur.
1566 2578 1631 2608 lloc
1646 2579 1754 2620 probat

354 2628 421 2652 rent
435 2623 453 2653 ii
474 2624 526 2664 qui
549 2623 712 2666 pugnaturi
732 2629 830 2659 erant,
846 2633 906 2663 quo
929 2633 960 2653 se
985 2633 1029 2653 re·
1074 2628 1137 2651 tota
1160 2621 1255 2671 praelii
1283 2620 1426 2651 narratio.
1470 2619 1542 2650 Yid.
1572 2627 1634 2651 not.
1662 2620 1701 2651 ad
1731 2622 1753 2652 l.

352 2664 500 2707 ciperent,
538 2667 563 2697 si
600 2666 794 2708 pellerentur.
860 2666 932 2695 Mos
967 2670 1031 2695 erat
1076 2665 1158 2695 XXX
1174 2685 1182 2696 .
1196 2675 1223 2694 c.
1236 2665 1288 2693 21.
1302 2673 1402 2704 supra.

352 2707 485 2739 'l'riarios
513 2709 553 2740 ad
580 2709 751 2740 custodiam
787 2713 953 2737 castrorum
984 2717 1029 2738 re·
1116 2710 1135 2737 8
1173 2705 1421 2746 lisinam-dinarii]
1467 2704 1580 2736 Itidem
1624 2705 1752 2748 pedites.

354 2749 466 2790 linqui:
491 2752 572 2792 quod
587 2752 728 2783 observat
739 2762 775 2782 ex
794 2750 943 2791 Dionysio
959 2750 1028 2791 Lip-
1076 2748 1148 2780 Vid.
1163 2754 1224 2779 not.
1241 2748 1280 2779 ad
1296 2748 1315 2779 l.
1332 2748 1474 2779 xxvn.
1489 2758 1517 2780 c.
1536 2749 1583 2779 1¹2.

353 2791 416 2822 sius
431 2793 452 2824 1.
468 2795 529 2826 IV.
544 2795 583 2826 de
599 2794 670 2826 Mil.
685 2794 777 2825 Rom.
791 2792 864 2824 dial.
885 2794 910 2822 1.
