1947 3222
376 106 452 147 446
899 105 1045 148 ΤΙΤΙ
1094 103 1267 148 LIVII

334 248 343 257 .
375 216 574 259 Antiochi
607 216 834 267 Hannibal,
865 226 906 260 ct
935 212 1090 260 bellum
1128 219 1325 260 adversus
1356 218 1587 260 Eumenem
1623 225 1788 261 motum

334 290 343 301 ·
373 273 564 315 faciebat.
595 274 668 324 ibi,
698 273 810 315 9‘'seu
841 275 942 331 quia
962 291 987 316 a
1008 276 1243 316 Flaminino
1272 275 1379 317 inter
1410 284 1546 317 cetera
1574 277 1784 332 objectum

374 329 535 372 Prusiae
565 339 667 381 erat,
688 330 896 372 hominem
927 332 1128 382 omnium,
1150 332 1223 387 qui
1251 333 1451 382 viverent,
1473 332 1782 374 infestissimum

371 387 530 443 populo
559 388 750 429 Romano
779 388 894 444 apud
924 403 1019 428 eum
1049 403 1150 438 esse,
1181 389 1255 444 qui
1285 389 1433 445 patriae
1465 405 1550 430 suae
1586 389 1786 446 primum,

372 443 535 495 deinde,
565 444 710 485 fractis
739 444 829 499 ejus
858 445 1024 500 opibus,
1054 445 1266 486 Antiocho
1296 445 1384 501 regi
1413 457 1559 487 auctor
1587 445 1685 487 belli
1716 445 1790 486 ada

372 515 515 541 versus
544 501 750 557 populum
781 501 1022 541 Romanum
1051 501 1221 542 fuisset:
1256 516 1327 542 seu
1355 502 1455 557 quia
1481 503 1568 559 ipse
1601 503 1786 552 Prusias,

371 565 420 598 ut
440 558 748 612 gratificaretur
767 557 962 612 praesenti
985 557 1220 598 Flaminino
1242 558 1540 614 Romanisque,
1562 573 1636 615 per
1658 575 1698 600 se
1720 574 1792 600 nes

370 614 490 654 candi
520 622 595 654 aut
625 612 817 654 tradendi
855 614 945 669 ejus
980 613 1022 654 in
1052 622 1301 669 potestatem
1340 615 1553 656 consilium
1591 616 1728 672 cepit;
1761 628 1786 657 a

369 669 504 725 primo
524 669 744 725 conloquio
761 670 984 711 Flaminini
1002 670 1152 711 milites
1175 670 1385 727 extemplo
1406 671 1459 712 ad
1480 672 1651 713 domum
1669 674 1787 713 Han-

368 725 516 767 nibalis
547 726 860 768 custodiendam
890 727 1003 768 missi
1025 735 1134 768 sunt.
1198 728 1368 784 Semper
1391 727 1517 769 talem
1547 729 1706 770 exitum
1726 730 1787 770 vi-

369 791 426 823 tae
453 798 540 824 suae
571 782 786 824 Hannibal
815 792 1088 841 prospexerat
1118 785 1270 835 animo,
1293 793 1334 826 et
1363 784 1642 826 Romanorum
1674 786 1786 827 inex-

368 839 521 894 piabile
550 840 696 881 odium
716 839 759 880 in
780 856 822 882 se
843 853 1027 892 cernens,
1049 849 1091 883 et
1112 841 1208 882 fidei
1240 856 1384 897 regum
1407 841 1512 882 nihil
1540 857 1635 883 sane
1664 843 1789 883 confi-

368 911 450 937 sus.
510 895 544 921 95
559 896 721 938 Prusiae
742 912 840 938 vero
870 897 1083 939 levitatem
1104 898 1229 939 etiam
1252 906 1450 954 expertus
1471 907 1573 940 erat.
1635 899 1791 940 Flami«

367 952 452 993 nini
486 969 657 1010 quoque
692 953 919 996 adventum
958 955 1071 995 velut
1101 955 1270 996 fatalem
1307 954 1385 996 sibi
1419 955 1654 1007 horruerat.
1715 956 1789 997 Ad

365 1009 504 1051 omnia
534 1010 722 1066 undique
752 1011 918 1061 infesta,
942 1019 989 1053 ut
1010 1012 1090 1053 iter
1112 1027 1272 1068 semper
1302 1011 1474 1067 aliquod
1503 1021 1788 1069 praeparatum

367 1066 482 1122 fugae
512 1067 699 1117 haberet,
729 1067 928 1123 9⁶septem
964 1068 1103 1109 exitus
1133 1084 1155 1109 e
1185 1069 1309 1109 domo
1339 1068 1519 1117 fecerat;
1563 1077 1603 1110 et
1634 1085 1686 1110 ex
1715 1070 1789 1111 iij

366 1123 572 1178 quosdam
593 1123 791 1174 occultos,
814 1139 865 1165 ne
886 1125 1078 1165 custodia
1098 1125 1343 1181 sepirentur.
1408 1126 1491 1166 Sed
1512 1140 1639 1181 grave
1660 1126 1788 1182 impe-

367 1179 475 1220 rium
511 1195 659 1235 regum
690 1181 795 1222 nihil
830 1180 1153 1237 inexploratum,
1190 1182 1305 1238 quod
1343 1182 1584 1238 investigari
1620 1183 1784 1234 volunt,

366 1235 503 1278 efficit.
535 1237 666 1278 totius
695 1237 918 1279 circuitum
948 1238 1097 1279 domus
1124 1238 1184 1280 ita
1203 1238 1404 1280 custodiis
1433 1239 1641 1296 complexi
1672 1248 1784 1289 sunt,

367 1301 415 1334 ut
445 1308 567 1334 nemo
596 1293 693 1334 inde
723 1294 830 1335 elabi
860 1303 1012 1351 posset.
1074 1295 1305 1346 Hannibal,
1335 1304 1559 1352 postquam
1589 1303 1651 1337 est
1682 1311 1787 1337 nun-

366 1349 536 1401 ciatum,
567 1350 718 1392 milites
747 1351 884 1408 regios
912 1351 956 1392 in
986 1352 1195 1394 vestibulo
1230 1367 1331 1403 esse,
1362 1353 1537 1408 postico,
1568 1352 1684 1408 quod
1714 1352 1785 1393 de·-

367 1407 482 1447 vium
506 1407 687 1448 maxime
706 1417 834 1463 atque
854 1409 1122 1450 occultissimi
1144 1408 1282 1450 exitus
1302 1418 1406 1459 erat,
1428 1409 1575 1464 fugere
1595 1417 1783 1459 conatus,

365 1472 413 1505 ut
449 1464 495 1504 id
526 1480 697 1520 quoque
726 1466 908 1506 obcursu
937 1466 1120 1507 militum
1150 1466 1374 1522 obseptum
1404 1466 1544 1515 sensit,
1576 1474 1617 1506 et
1646 1466 1785 1507 omnia

365 1520 474 1561 circa
502 1520 643 1562 clausa
663 1522 862 1563 custodiis
892 1522 1104 1579 dispositis
1134 1538 1233 1571 esse,
1257 1538 1463 1563 venenum
1487 1522 1621 1578 (quod
1649 1522 1785 1564 multo

364 1585 460 1618 ante
481 1587 764 1634 praeparatum
784 1579 839 1620 ad
859 1579 962 1620 tales
982 1580 1163 1621 habebat
1190 1582 1328 1633 casus)
1350 1580 1554 1635 poposcit.
1615 1580 1784 1620 Libere-

365 1649 459 1681 mus,
482 1635 636 1690 inquit,
658 1637 853 1677 diuturna
883 1650 980 1676 cura
1004 1638 1198 1690 populum
1230 1637 1468 1685 Romanum,
1491 1638 1653 1690 quando
1682 1650 1787 1677 mor-

362 1698 440 1732 tem
460 1691 607 1732 ⁹⁷senis
626 1700 856 1746 exspectare
876 1694 1035 1748 longum
1064 1700 1234 1735 censent.
1278 1693 1365 1734 Nec
1385 1707 1585 1747 magnam,
1608 1708 1681 1734 nec
1708 1707 1788 1734 me·-

368 1749 596 1789 morabilem
628 1764 677 1790 ex
707 1752 854 1791 inermi
879 1753 1119 1804 proditoque
1148 1751 1403 1791 Flamininus
1432 1752 1641 1791 victoriam
1655 1750 1787 1804 stret.

367 1820 493 1847 mores
513 1806 670 1859 quidem
682 1809 830 1861 populi
851 1807 1031 1847 Romani
1045 1814 1235 1861 quantum
1257 1808 1512 1856 mutaverint,
1536 1809 1598 1848 vel
1616 1808 1682 1848 hic
1701 1808 1789 1848 dies

364 1869 601 1917 argumento
621 1865 713 1904 erit.
758 1865 920 1905 Horum
935 1871 1078 1918 patres
1099 1865 1263 1919 Pyrrho
1283 1865 1384 1918 regi,
1401 1865 1507 1904 hosti
1525 1870 1697 1913 armato,
1715 1878 1783 1905 ex-

364 1921 527 1960 ercitum
548 1920 592 1960 in
612 1921 743 1962 Italia
762 1921 940 1970 habenti,
959 1929 1001 1962 ut
1017 1937 1042 1961 a
1059 1935 1209 1962 veneno
1229 1927 1401 1971 caveret,
1416 1922 1709 1974 proedixerunt.
1739 1922 1784 1962 Izi

363 1978 543 2031 legatum
572 1980 830 2028 consularem,
854 1980 925 2032 qui
955 1985 1094 2019 auctor
1122 1985 1221 2019 esset
1242 1979 1405 2019 Prusioe
1430 1992 1506 2031 per
1529 1980 1652 2020 scelus
1680 1978 1785 2018 occia

365 2035 489 2074 flendi
513 2035 698 2088 hospitis,
721 2037 924 2077 miserunt.
985 2037 1240 2077 Exsecratus
1270 2034 1421 2077 deinde
1450 2035 1492 2075 in
1528 2044 1655 2092 caput
1689 2050 1780 2090 reg-

366 2105 551 2148 numque
584 2093 761 2144 Prusiae,
784 2101 825 2134 ct
849 2092 1074 2149 hospitales
1106 2093 1218 2133 Deos
1238 2092 1403 2133 violatae
1431 2092 1484 2132 ab
1505 2107 1554 2133 eo
1573 2091 1670 2133 fidei
1701 2100 1779 2141 tes-

889 2188 906 2205 Χ
912 2184 1050 2227 fecerat:
1073 2196 1105 2215 ex
1121 2186 1163 2216 his
1179 2186 1268 2216 Crev-

405 2254 447 2284 94
470 2254 527 2285 Seu¹
542 2256 611 2295 quia
632 2268 650 2285 ιι
680 2254 707 2284 F
708 2254 862 2294 lumiuino]
896 2255 956 2284 Hic
982 2255 1051 2284 Du·
1096 2252 1320 2289 Macedonum,
1335 2262 1446 2284 nomen
1470 2251 1584 2293 gentile
1600 2255 1665 2282 erat
1685 2250 1782 2284 Quin-

359 2296 455 2336 jatius
499 2297 628 2328 adnotat
672 2296 880 2328 Flamininum
925 2297 1051 2338 privata}
1097 2298 1165 2331 tius,
1214 2306 1384 2335 cognomen
1427 2295 1628 2326 Flamininus:
1685 2303 1786 2334 quum

362 2339 486 2369 ultionis
512 2340 682 2381 cupiditate
705 2339 839 2387 accendi.
860 2340 993 2381 potuisse
1020 2340 1051 2369 in
1095 2338 1212 2369 consuli
1231 2338 1310 2369 victo
1326 2339 1366 2369 ab
1389 2337 1546 2369 Annibale
1561 2337 1601 2367 ad
1617 2336 1781 2377 Trasyme—

363 2382 564 2417 Annibalem,
588 2382 675 2423 cujus
700 2392 792 2424 opera
813 2389 910 2412 Victus
936 2392 1047 2413 cresus-

360 2434 421 2464 que
446 2431 531 2466 pater
557 2426 593 2456 C.
623 2426 793 2457 Flaminius
820 2425 860 2455 ad
886 2426 1048 2466 'l‘rasyme-

361 2477 434 2497 num
468 2467 567 2498 lacum
597 2476 687 2499 essct.
744 2469 782 2498 In
807 2478 876 2498 cam
906 2467 1049 2498 nimimm

359 2509 533 2551 opinionem
571 2510 659 2540 illum
695 2510 881 2541 induxerunt
914 2510 1048 2551 insignes

359 2553 547 2584 celeberrimi
609 2553 845 2593 Tragoediarum
897 2552 1051 2595 scriptoris

361 2605 465 2626 versus
479 2596 510 2626 in
528 2596 648 2627 Fabula
662 2606 731 2636 quae
754 2595 928 2626 inscribitur
952 2595 1042 2626 Nico-

362 2638 485 2670 medes:
513 2639 551 2669 Et
573 2641 597 2670 εἰ
621 2639 786 2669 Flaminius
808 2649 843 2667 en
865 2645 904 2667 est
928 2639 953 2668 Ie
968 2640 1048 2677 rapi-

362 2683 451 2716 mine.
478 2682 559 2712 Nous
585 2692 704 2712 saurons
731 2682 775 2711 lm·
798 2687 913 2710 trouver
936 2692 978 2710 un
1003 2682 1049 2710 Iac

360 2726 396 2753 de
427 2724 612 2764 Tras‘umrfne.
657 2725 772 2755 Verum
809 2722 858 2753 hic
895 2733 974 2753 error
1003 2731 1050 2753 est

360 2776 397 2796 ex
431 2766 629 2798 similitudine
667 2767 824 2798 nominum
860 2771 954 2801 ortus,
992 2765 1044 2806 qui

360 2814 463 2840 tamen
478 2809 565 2841 vitari
582 2810 670 2840 facile
691 2814 820 2852 poterat.
866 2808 948 2839 Huic
963 2808 1044 2839 enim

359 2851 459 2891 legato
482 2852 520 2883 ad
545 2853 698 2888 Prusiam,
724 2851 828 2883 victori
856 2851 990 2894 Philippi
1015 2857 1044 2883 et

1093 2392 1166 2412 num
1197 2383 1298 2412 lacum
1328 2390 1438 2412 nomen
1464 2379 1578 2421 gentile
1603 2385 1684 2409 esset
1710 2379 1780 2409 Fla-

1094 2436 1210 2455 numus.

1135 2469 1177 2498 95
1205 2468 1315 2497 Prusia·
1331 2489 1340 2497 .
1355 2488 1364 2497 .
1379 2464 1538 2504 levitatem]
1576 2464 1680 2506 Hujus
1701 2464 1786 2505 regis

1091 2510 1235 2540 servilem
1262 2510 1353 2552 plane
1387 2507 1519 2539 indolem
1554 2507 1699 2539 describit
1725 2507 1779 2538 Li-

1092 2551 1168 2587 vius,
1186 2553 1206 2583 l.
1224 2552 1323 2582 XLV.
1339 2561 1366 2582 c.
1382 2551 1435 2581 44.

1133 2596 1176 2625 96
1198 2595 1308 2633 Septem
1329 2594 1422 2624 esitus
1439 2615 1447 2623 .
1462 2615 1471 2624 .
1488 2592 1638 2634 ,fecerats
1681 2603 1715 2623 ex
1737 2593 1789 2623 his

1092 2637 1242 2677 quosdam]
1282 2636 1332 2667 Sic
1368 2635 1473 2678 scripti
1509 2635 1709 2670 Gronoviani,
1747 2640 1779 2666 et

1092 2685 1192 2711 noster
1209 2679 1292 2710 vict.
1320 2678 1422 2719 Vulgo
1443 2701 1451 2709 .
1475 2701 1483 2710 .
1511 2678 1670 2721 ,feceram
1693 2684 1720 2708 et
1743 2688 1776 2708 cx

1093 2724 1127 2751 iis
1140 2723 1285 2762 quosdam.

1131 2766 1171 2794 97
1188 2764 1311 2804 ‘Sem'ss
1345 2765 1434 2794 Tunc
1450 2763 1591 2806 quintum
1608 2768 1638 2793 et
1652 2771 1777 2804 sexage-

1088 2806 1197 2838 simum
1226 2817 1340 2839 annum
1369 2807 1482 2846 agebat
1512 2806 1660 2837 Annibal.
1704 2804 1783 2836 Vid-

1088 2860 1179 2892 supra
1195 2856 1258 2881 not.
1273 2850 1312 2882 ad
1331 2851 1434 2882 XXX.
1450 2851 1501 2880 28.
