1947 3222
505 90 631 129 Lm.
660 87 851 128 xxxm.
890 88 1019 128 cAP.
1050 90 1244 130 xxvm.
1526 95 1598 139 157

184 211 277 242 men
313 200 595 258 responderat,
626 199 670 240 in
704 197 937 240 custodiam
969 198 1168 241 tradidit:
1208 208 1327 243 nocte
1363 202 1597 260 insequenti
1613 217 1656 249 υ.
1667 212 1793 248 σ.557.

183 273 325 300 omnes
349 256 567 299 interfecti.
626 254 873 296 &Ilotarum
904 254 1055 297 deinde
1083 255 1270 312 quidam,
1295 258 1356 310 (hi
1388 269 1485 302 sunt
1510 262 1599 318 jam
1611 259 1794 292 A.C.195.

182 315 281 356 inde
302 316 387 357 anti
421 314 534 356 uitus
554 312 780 361 castellani,
802 320 964 370 agreste
991 317 1143 369 genus)
1167 314 1428 378 transfugere
1448 318 1600 360 voluis-

185 387 227 413 se
247 372 398 413 insimu
416 370 488 420 ati,
509 384 584 426 per
607 384 749 410 omnes
769 368 882 410 vicos
902 370 981 410 sub
1002 370 1246 411 verberibus
1275 379 1357 413 acti
1387 382 1599 415 necantur.

185 428 264 470 hoc
294 436 449 469 terrore
469 427 593 467 obstu
628 433 773 466 uerant
804 425 1088 468 multitudinis
1108 426 1233 467 animi
1264 428 1317 469 ab
1342 428 1454 469 omni
1484 445 1603 471 cona-

187 493 236 526 tu
255 499 458 526 novorum
483 483 595 524 consi
614 483 761 524 iorum.
825 483 944 523 Intra
973 483 1225 525 munitiones
1255 484 1392 541 copias
1423 487 1604 528 contine-

187 542 274 591 bat,
295 556 370 582 nec
398 555 541 597 parem
571 555 613 580 se
643 548 774 589 ratus,
796 539 830 581 si
860 539 1056 581 dimicare
1085 540 1171 581 acie
1200 540 1352 589 vellet3
1386 550 1427 583 et
1456 543 1603 584 urbem

188 597 436 653 relinquere,
468 606 554 639 tam
587 597 795 653 suspensis
829 604 870 638 et
906 597 1074 638 incertis
1108 597 1294 638 omnium
1330 598 1491 650 animis,
1522 615 1606 640 me-

190 663 322 696 tuens.
1534 668 1536 674 ⁴

247 711 479 752 XXVIII.
513 710 748 762 Quinctius,
780 711 878 753 satis
905 711 994 767 jam
1024 712 1217 754 omnibus
1251 714 1422 770 paratis,
1447 713 1608 771 profec-

189 777 259 810 tus
285 768 338 809 ab
369 768 546 818 stativis,
568 767 636 808 die
670 768 801 809 altero
830 768 884 809 ad
918 768 1128 809 Sellasiam
1160 784 1285 826 super
1307 771 1502 812 OEnunta
1530 771 1609 812 flu-

189 825 305 866 vium
337 825 551 880 pervenit:
584 840 669 880 quo
703 824 746 866 in
786 825 874 865 loco
907 825 1165 881 Antigonus,
1201 827 1484 869 Macedonum
1518 844 1607 879 reX,

190 895 287 923 cum
324 882 559 932 Cleomene,
595 882 1009 923 Lacedaemoniorum
1045 891 1237 937 tyranno,
1274 884 1403 940 signis
1437 885 1610 926 conlatis

191 938 406 980 dimicasse
427 939 655 980 dicebatur.
687 937 797 988 inde,
820 953 954 993 quum
984 938 1168 980 audisset
1189 938 1223 966 ⁸⁷
1234 940 1502 982 adscensumt
1530 941 1612 982 dif-

193 996 312 1037 ficilis
333 1003 373 1037 et
394 1004 496 1037 artae
517 996 597 1036 viae
618 1010 718 1045 esse,
741 995 858 1036 brevi
888 1010 963 1051 per
982 1003 1144 1036 montes
1164 996 1344 1038 circuitu
1372 998 1610 1054 praemissiS,

196 1052 270 1108 qui
299 1052 508 1094 munirent
537 1052 661 1101 viam,
683 1052 768 1093 lato
789 1051 888 1092 satis
917 1059 958 1093 et
988 1052 1149 1108 patenti
1177 1052 1309 1095 limite
1329 1054 1384 1095 ad
1405 1056 1611 1096 Eurotam

195 1122 372 1160 amnem,
406 1109 484 1150 sub
513 1108 613 1164 ipsis
645 1122 775 1164 prope
809 1108 1008 1150 fluentem
1044 1109 1267 1160 moenibus,
1300 1111 1501 1167 pervenit.
1538 1112 1612 1153 ubi

195 1175 330 1208 castra
358 1173 561 1207 metantes
592 1166 804 1206 Romanos
835 1164 1165 1221 Quinctiumque
1194 1166 1347 1223 ipsum,
1373 1183 1469 1209 cum
1498 1168 1616 1224 equi-

196 1222 309 1264 tibus
330 1231 457 1278 atque
478 1221 683 1278 expeditis
703 1237 995 1278 praegressum,
1017 1222 1237 1265 auxiliares
1267 1227 1436 1281 tyranni
1463 1225 1615 1276 adorti,

196 1279 240 1320 in
269 1288 468 1321 terrorem
496 1295 543 1320 ac
568 1279 801 1320 tumultum
831 1279 1112 1335 conjecerunt,
1134 1280 1235 1321 nihil
1265 1281 1347 1323 tale
1375 1290 1617 1339 exspectan-

197 1344 273 1387 tes,
296 1336 396 1392 quia
424 1351 544 1377 nemo
575 1335 640 1376 his
659 1335 809 1378 obvius
839 1344 928 1377 toto
957 1336 1105 1378 itinere
1137 1337 1290 1389 fuerat,
1312 1354 1359 1380 ac
1380 1339 1512 1381 veluti
1547 1354 1619 1395 pap

198 1401 291 1435 cato
311 1409 412 1449 agro
439 1392 699 1435 transierant.
760 1392 1040 1449 Aliquamdiu
1072 1394 1284 1449 peditibus
1305 1396 1482 1452 equites,
1504 1395 1620 1452 equi·
1632 1402 1809 1453 Auxiliares

200 1444 314 1492 tibus
333 1449 495 1506 pedites
514 1450 774 1500 vocantibus,
796 1465 930 1505 quum
954 1450 996 1490 in
1018 1465 1059 1490 se
1080 1450 1234 1506 cuique
1262 1452 1483 1494 minimum
1512 1453 1621 1494 fidu-
1633 1457 1796 1521 elulss.⁰9m‘

202 1506 277 1547 ciae
304 1514 424 1557 essct,
446 1507 705 1562 trepidatum
734 1515 808 1548 est.
839 1506 1008 1548 tandem
1041 1506 1158 1562 signa
1186 1507 1398 1563 legionum
1429 1500 1760 1566 sup131‘ve-{³‚:‡m¹·ln
1772 1499 1823 1520 ω’

203 1571 382 1604 nerunt:
416 1571 471 1612 et,
494 1578 626 1619 quum
662 1562 785 1618 primi
811 1563 986 1619 agminis
1007 1563 1197 1605 cohortes
1226 1565 1412 1607 inductae
1442 1566 1485 1607 in
1514 1582 1625 1623 proe-

205 1620 309 1661 lium
330 1627 478 1670 essent,
501 1619 574 1676 qui
599 1619 723 1660 modo
744 1620 892 1661 terrori
922 1619 1105 1670 fuerant,
1128 1621 1386 1677 trepidantes
1405 1623 1448 1664 in
1476 1624 1624 1667 urbem

203 1676 408 1733 compulsi
429 1684 538 1717 sunt.
599 1676 795 1724 Romani,
817 1691 949 1733 quum
979 1684 1143 1718 tantum
1164 1692 1190 1718 a
1208 1693 1330 1720 muro
1350 1680 1624 1732 recessissent,

207 1742 255 1775 ut
276 1741 394 1774 extra
417 1733 549 1774 ictum
579 1732 650 1774 teli
671 1741 820 1784 essent,
842 1733 928 1774 acie
958 1733 1118 1775 directa
1146 1735 1375 1792 paullisper
1405 1745 1624 1780 steterunt.

209 1791 440 1846 Postquam
464 1804 585 1831 nemo
614 1789 799 1831 hostium
829 1798 974 1831 contra
993 1790 1150 1841 exibat,
1170 1791 1386 1835 redierunt
1416 1793 1458 1835 in
1479 1803 1624 1837 castra.

210 1848 383 1888 Postero
403 1847 471 1888 die
493 1847 716 1897 Quinctius
740 1862 870 1903 prope
890 1847 1046 1888 fiumen
1076 1857 1231 1904 praeter
1250 1849 1398 1891 urbem
1420 1851 1498 1893 sub
1518 1852 1628 1909 ipsas

209 1902 454 1945 ”Menelaii
486 1904 639 1945 montis
670 1904 829 1945 radices
861 1904 1014 1945 ducere
1045 1904 1184 1960 copias
1219 1905 1443 1949 instructas
1475 1910 1627 1966 pergit.

210 1960 355 2016 primae
379 1960 617 2016 legionariae
647 1960 837 2002 cohortes
865 1961 1007 2003 ibant:
1040 1961 1143 2002 levis
1172 1971 1385 2005 armatura
1404 1973 1444 2006 et
1467 1968 1630 2022 equites

211 2031 359 2073 agmen
380 2017 595 2073 cogebant.
656 2017 788 2058 Nabis
807 2017 918 2059 intra
937 2033 1105 2059 murum
1126 2019 1352 2061 instructos
1378 2030 1630 2079 paratosque

213 2074 291 2115 sub
313 2073 439 2129 signis
462 2074 643 2116 habebat
673 2074 946 2116 mercenarios
975 2074 1140 2125 milites,
1165 2075 1224 2127 (in
1248 2077 1404 2132 quibus
1432 2079 1565 2121 omnis
1585 2080 1632 2120 fi-

212 2130 338 2173 ducia
357 2133 466 2186 erat)
489 2138 537 2172 ut
558 2130 611 2172 ab
632 2139 751 2187 tergo
779 2131 941 2174 hostem
973 2131 1285 2188 adgrederetur.
1316 2142 1542 2192 postquam
1563 2152 1633 2179 ex-

784 2231 796 2253 t
810 2242 954 2263 escensum
969 2232 1069 2264 Gron.

259 2327 480 2358 86⁸1t0tarum
510 2349 519 2358 .
547 2350 555 2358 .
583 2349 592 2358 .
620 2327 755 2368 quidam]
801 2327 901 2365 Ilotae,
945 2334 1129 2361 vocarentur.
1174 2329 1301 2373 Duplex
1332 2330 1426 2373 igitur
1454 2331 1512 2363 fuit
1536 2333 1632 2364 Helo-

217 2378 272 2400 seu
294 2370 428 2406 Helotae,
455 2369 572 2413 publici
597 2370 681 2401 fuere
703 2369 899 2401 Lacedaemo-
945 2375 1047 2401 tarum
1068 2382 1174 2413 genuS,
1191 2373 1320 2405 alterum
1343 2375 1501 2417 antiquius
1522 2376 1562 2406 ab
1580 2387 1631 2408 ur-

219 2411 337 2444 niorum
356 2413 446 2444 servi.
491 2414 566 2447 †De
590 2423 695 2445 eorum
723 2412 839 2454 origine
861 2413 904 2444 sic
946 2413 985 2444 be
1001 2414 1095 2452 Helo,
1111 2415 1242 2447 alterum
1264 2417 1417 2449 recentius
1440 2428 1459 2450 a
1474 2419 1633 2450 Messene.

219 2453 313 2486 habet
348 2455 522 2487 Pausanias
557 2456 590 2487 in
629 2455 811 2487 Laconicis:
857 2458 905 2486 Ad
948 2456 1064 2487 Eorum
1103 2457 1237 2499 plurima
1276 2461 1392 2492 mentio
1432 2461 1563 2493 occurrit
1599 2462 1633 2492 in

221 2507 299 2528 mare
321 2498 422 2539 (quod
444 2499 533 2530 alluit
555 2499 758 2539 Laconicam)
781 2500 903 2539 oppidu·
948 2499 1251 2532 Lacedaemoniorum
1295 2502 1432 2535 historia.
1497 2504 1632 2537 Consule

223 2539 284 2569 lum
295 2540 365 2582 fuit
387 2542 485 2578 Helos,
504 2553 560 2582 quo
575 2543 667 2572 Dores
686 2542 903 2583 (Lacedaemo-
947 2540 1027 2573 inter
1039 2548 1157 2575 ceteros
1171 2544 1257 2578 Plut.
1270 2544 1304 2576 in
1320 2547 1396 2588 Lyc.

223 2591 295 2612 nem
329 2583 513 2624 incolentes)
547 2595 601 2624 per
632 2585 801 2615 obsidionem
837 2591 905 2616 sunt
992 2586 1032 2616 87
1055 2587 1229 2630 Ascensum]
1263 2588 1439 2621 Gronovius
1466 2589 1564 2620 edidit
1590 2601 1633 2621 es-

221 2626 326 2664 potiti.-
357 2628 434 2667 iique
459 2629 550 2666 primi
566 2627 660 2669 fuere
682 2629 795 2667 publici
814 2628 905 2659 Lace-
948 2638 1076 2665 censum,
1104 2640 1201 2671 quum
1229 2630 1416 2673 quibusdam
1449 2631 1482 2664 in
1514 2631 1636 2675 scriptis

336 2669 429 2700 iarum
462 2672 546 2707 sev-vi,
580 2672 631 2711 qui
666 2672 821 2711 antiquum
855 2683 906 2701 710-
949 2670 1101 2703 inveniret
1113 2675 1288 2705 descensum.

228 2721 293 2740 men
343 2711 516 2742 Helotarum
566 2715 765 2744 retinuerunt.
826 2714 908 2745 Obti-
994 2715 1034 2746 88
1062 2715 1201 2747 Menelaiz'
1231 2717 1351 2760 montis]
1388 2716 1505 2758 Sigonii
1531 2728 1635 2750 emen-

229 2754 298 2782 παῖε
318 2753 420 2784 deinde
442 2765 521 2791 usus,
536 2761 572 2786 ut
594 2758 645 2796 qui
665 2762 760 2796 postea
782 2768 800 2786 a
818 2757 907 2788 Dori-
951 2757 1036 2789 datio
1069 2758 1144 2789 nixa
1172 2759 1302 2801 Polybio
1339 2765 1475 2792 auctore.
1520 2761 1637 2793 Firmat

230 2796 282 2825 bus
302 2796 334 2824 in
358 2798 523 2827 servitutem
546 2800 658 2829 redacti
679 2806 759 2835 sunt,
781 2802 910 2840 quamvis
953 2800 1071 2832 Victor.
1092 2801 1199 2836 codex,
1220 2801 1252 2832 in
1275 2812 1337 2844 quo
1363 2802 1476 2844 legitur
1499 2804 1637 2837 Menelai.

236 2837 368 2868 Messenii
391 2838 644 2880 forent,1Hel0toe
675 2847 771 2873 tamen
804 2849 831 2873 et
856 2845 910 2883 ipsi
954 2843 1058 2885 Vulgo
1074 2843 1212 2876 Maenali.
