1947 3222
388 106 439 139 80
931 98 1071 138 TIT!
1112 96 1284 136 L1v11

172 221 261 251 [Le.
279 221 352 251 555.
384 209 552 255 modius,
573 207 727 263 inquit,
748 207 785 248 si
805 207 849 248 in
869 212 1021 247 terram
1049 208 1289 261 egrediaris,
1310 212 1350 247 et
1368 221 1418 247 ex
1439 207 1672 262 propinquo
1692 209 1803 250 clica-

172 263 352 294 A.c.197.
384 279 468 307 mus
496 266 541 306 in
570 266 705 313 vicem,
727 265 1025 317 audiamusque.
1087 264 1230 314 Quum
1260 279 1332 305 rex
1363 263 1575 305 facturum
1596 279 1638 305 se
1659 264 1704 306 id
1732 281 1802 306 ne-

382 330 527 379 garet3
564 321 689 371 Quem
718 322 893 369 tandem,
923 319 1063 376 inquit
1085 321 1320 370 Quinctius,
1342 321 1490 361 times?
1522 321 1596 362 Ad
1625 321 1703 362 hoc
1733 321 1802 363 ille

384 379 566 436 superbo
599 387 640 420 et
674 378 790 433 regio
824 376 985 418 animo:
1032 376 1240 417 Neminem
1274 378 1452 431 equidem
1488 379 1621 428 timeo,
1646 385 1804 430 proeter

385 437 501 477 Deos
519 436 765 477 inmortales.
795 448 875 474 non
905 433 1077 473 omnium
1099 439 1230 474 autem
1249 435 1365 474 credo
1382 435 1500 488 fidei,
1523 449 1618 488 quos
1635 436 1745 476 circa
1765 442 1805 476 te

385 493 515 542 video,
537 499 659 547 atque
687 491 859 532 omnium
887 489 1044 529 minime
1066 490 1234 531 AEtolis.
1293 491 1412 531 Istud
1439 493 1611 545 quidem,
1632 491 1691 533 ait
1719 493 1805 533 Ro.

385 564 548 600 manus,
570 564 656 602 par
690 547 872 588 omnibus
896 547 1114 596 periculum
1141 553 1211 596 est,
1233 548 1305 600 qui
1332 562 1417 588 cum
1448 549 1559 589 hoste
1587 550 1644 588 ad
1675 550 1806 589 conlo-

385 607 520 660 quium
541 606 867 659 congrediuntur,
888 602 923 626 ³⁶
936 609 979 643 ut
998 604 1113 644 nulla
1121 605 1235 657 fides
1253 605 1317 645 sit.
1377 605 1475 645 Non
1495 611 1645 657 tamen,
1665 605 1805 661 inquit

385 678 474 713 rex,
502 663 553 705 T.
578 662 759 711 Quincti,
778 675 862 714 par
875 661 1063 713 perfidiae
1083 662 1295 713 praemium
1316 668 1386 710 est,
1408 663 1445 702 si
1456 663 1620 715 fraude
1639 670 1804 716 agatur,

385 721 608 774 Philippus
627 725 666 760 et
684 719 896 760 Phaeneas.
917 731 1042 771 neque
1062 719 1165 758 enim
1186 731 1297 771 aeque
1316 719 1531 774 dffculter
1546 719 1684 760 AEtoli
1696 733 1806 773 prce-

385 783 510 818 torem
530 777 669 823 alium,
691 790 740 816 ac
760 775 1005 815 Macedones
1033 788 1163 828 regem
1189 774 1232 814 in
1260 788 1382 815 meum
1403 777 1527 817 locum
1547 776 1805 818 substituant.

389 833 630 875 Secundum
649 833 741 874 haec
761 832 973 874 silentium
993 830 1089 873 fuit.

445 891 690 931 XXXIII.
722 890 865 939 Quum
883 889 1099 929 Romanus
1119 903 1215 929 eum
1231 904 1402 945 aequum
1422 898 1605 932 censeret
1625 891 1804 946 priorem

387 946 539 998 dicere,
579 947 655 1003 qui
693 946 866 1003 petisset
905 945 1199 1000 conloquium3
1245 960 1334 996 rex,
1371 946 1462 1002 ejus
1500 961 1587 988 esse
1625 947 1807 1003 priorem

176 1017 274 1064 Leges
285 1015 371 1058 pacis
387 1004 632 1054 orationem,
663 1003 738 1059 qui
774 1002 892 1043 daret
926 1001 1039 1058 pacis
1069 1001 1195 1058 leges,
1226 1017 1307 1043 non
1337 1003 1412 1058 qui
1441 1003 1671 1059 acciperet;
1714 1011 1807 1045 tum

176 1057 321 1106 Plulippo
389 1061 621 1110 Romanus,
642 1061 870 1113 Simplicem
899 1073 1010 1100 suam
1041 1059 1259 1100 orationem
1280 1073 1374 1100 esse.
1405 1074 1454 1100 ea
1482 1061 1591 1100 enim
1609 1074 1651 1101 se
1679 1061 1808 1101 dictu-

175 1100 278 1133 ὤεα·
387 1132 491 1167 rum,
521 1131 610 1172 qua·
638 1118 685 1158 ni
700 1118 832 1170 fiant,
855 1117 970 1156 nulla
998 1117 1053 1157 sit
1080 1117 1198 1169 pacis
1231 1117 1416 1157 conditio.
1478 1117 1728 1158 Deducenda
1757 1132 1808 1158 ea:

387 1175 567 1216 omnibus
601 1174 778 1216 Groecice
811 1173 1044 1214 civitatibus
1077 1175 1168 1228 regi
1197 1174 1396 1226 praesidia
1429 1188 1521 1214 esse.
1551 1175 1735 1228 captivos
1768 1181 1808 1216 et

385 1233 624 1288 transfugas
642 1233 761 1273 sociis
775 1232 920 1285 populi
941 1231 1120 1271 Romani
1137 1232 1371 1272 reddendos.
1391 1232 1641 1272 restituenda
1656 1232 1808 1272 Roma-

387 1291 453 1331 nis
472 1304 520 1331 ea
540 1290 706 1341 Illyrici
724 1291 826 1337 loca,
849 1302 939 1341 quae
952 1294 1045 1340 post
1063 1302 1202 1341 pacem
1224 1289 1268 1328 in
1287 1289 1424 1340 Epiro
1437 1289 1602 1341 factam
1623 1302 1808 1342 occupas-

386 1354 457 1388 set.
492 1348 708 1388 Ptolemaeo
728 1347 818 1400 regi
837 1345 1020 1400 AEgypti
1045 1345 1270 1386 reddendas
1288 1345 1415 1394 urbes,
1438 1359 1537 1399 quas
1551 1352 1644 1398 post
1664 1346 1809 1387 Pltilo-

378 1405 549 1458 patoris
567 1404 778 1445 Ptolemaei
795 1409 958 1443 mortem
977 1408 1215 1456 occupasset.
1273 1402 1376 1444 Suas
1387 1403 1608 1456 populique
1626 1403 1809 1444 Romani

386 1461 633 1502 conditiones
658 1462 732 1501 has
760 1474 859 1501 esse:
890 1465 1056 1500 ceterum
1077 1465 1115 1499 et
1135 1460 1328 1500 sociorum
1350 1460 1490 1499 audiri
1511 1461 1722 1512 postulata
1742 1474 1807 1501 ve-

387 1533 474 1559 rum
494 1532 588 1560 esse.
647 1516 786 1559 Attali
815 1516 924 1572 regis
954 1515 1132 1571 legatus,
1155 1515 1292 1556 Naves
1320 1518 1577 1569 captivosque
1606 1530 1694 1570 quae
1711 1515 1810 1558 ³⁷ad

389 1576 548 1617 Chium¹
568 1575 707 1615 navali
723 1574 870 1627 proelio
889 1579 1012 1626 capta
1033 1578 1172 1622 essent,
1194 1579 1233 1613 et
1251 1572 1594 1626 ⁵⁸Nz'ceplzorium‚
1622 1573 1664 1614 V
1657 1574 1808 1614 eneris-

387 1647 464 1687 que
500 1633 702 1685 templum,
738 1644 827 1684 quce
863 1631 1074 1683 spoliasset
1107 1636 1410 1683 evastassetque,
1439 1644 1521 1682 pro
1559 1630 1810 1684 inconruptis

386 1690 564 1731 restitui.
624 1687 781 1728 Rhodii
819 1688 1006 1727 Peraeam
1043 1685 1177 1742 (regio
1216 1694 1278 1727 est
1318 1686 1566 1728 continentis
1605 1687 1805 1729 adversus

387 1745 580 1796 insulam,
611 1752 790 1786 vetustae
825 1759 970 1784 eorum
1002 1742 1192 1797 ditionis)
1228 1743 1487 1798 repetebant,
1517 1743 1805 1798 postulabant-

385 1818 469 1859 que
496 1803 694 1857 praesidia
724 1801 867 1841 deduci
896 1800 946 1840 ab
971 1801 1105 1848 Jasw,
1127 1806 1166 1840 et
1194 1800 1424 1855 Bargyliis,
1445 1806 1484 1840 et
1503 1801 1809 1841 Euromensium

384 1860 495 1910 urbe,
527 1866 565 1900 et
598 1860 642 1899 in
676 1858 944 1911 Hellesponto
977 1858 1089 1898 Sesto
1123 1863 1243 1910 atque
1268 1857 1420 1911 Abyd0,
1452 1863 1491 1897 et
1520 1855 1555 1880 ³⁹
1566 1857 1808 1911 Panopolim

387 1917 606 1971 Byzantiis
627 1917 671 1957 in
690 1916 854 1969 antiqui
856 1915 1083 1969 formulam
1095 1912 1210 1968 juris
1230 1915 1403 1962 restitui,
1425 1920 1464 1954 et
1482 1913 1653 1954 liberari
1671 1916 1808 1955 omnia

386 1974 499 2015 Asice
527 1974 709 2027 emporia
730 1978 962 2026 portusque.
1025 1971 1173 2012 Achaei
1197 1970 1447 2013 Corinthum
1468 1979 1510 2012 et
1534 1971 1671 2026 Argos
1690 1986 1808 2028 repe-

387 2032 544 2073 tebant.
606 2032 769 2071 Praetor
810 2029 1051 2070 AEtolorum
1095 2027 1296 2068 Phaeneas
1339 2043 1473 2083 quum
1520 2027 1663 2068 eadem
1703 2027 1805 2079 fere,

387 2104 484 2144 quae
510 2087 705 2136 Romani,
727 2094 776 2128 ut
799 2086 965 2127 Graecia
991 2083 1276 2134 decederetur,
1297 2084 1564 2140 postulasset,
1585 2084 1806 2126 redderen-

387 2153 543 2201 turque
569 2143 727 2186 AEtolis
762 2143 902 2192 urbes,
930 2157 1027 2198 quae
1057 2141 1269 2197 quondam
1299 2141 1408 2197 juris
1437 2147 1514 2182 acm
1543 2140 1711 2182 ditionis
1740 2156 1806 2182 eo-

175 2209 347 2258 Alexandri
387 2216 482 2243 rum
513 2201 716 2248 fuissent;
755 2200 918 2256 excepit
952 2198 1181 2240 orationem
1216 2199 1307 2254 ejus
1341 2197 1533 2254 princeps
1564 2197 1805 2239 AEtolorum

173 2254 357 2328 ἐὲἒῗὲῑὲἑῗ
388 2258 646 2309 Alexander,
668 2258 747 2308 vir,
768 2256 801 2280 ‘¹⁰
814 2265 861 2298 ut
891 2257 1000 2298 inter
1021 2254 1204 2305 AEtolos,
1226 2254 1444 2297 facundus.
1502 2254 1746 2297 Jamdudum
1766 2269 1808 2297 se

174 2340 306 2382 lippum.
766 2338 775 2363 ¹
794 2340 881 2370 Cium
898 2339 995 2370 Gron.
1126 2341 1151 2359 ¹¹¹
1165 2344 1217 2369 aut
1236 2338 1333 2369 Gron.
1349 2337 1440 2368 Crev-

431 2413 473 2443 36
484 2454 489 2459 ¹
501 2411 540 2442 Ut
556 2412 641 2441 nulla
645 2411 724 2451 fides
738 2410 791 2450 sit]
810 2410 939 2458 Veteres
950 2408 1026 2440 editi
1041 2419 1077 2459 ac
1122 2408 1179 2439 hoc
1196 2407 1261 2455 ipso
1275 2406 1353 2442 loco,
1370 2411 1401 2436 et
1415 2405 1435 2452 l.
1453 2405 1544 2453 XVI.
1565 2404 1617 2436 ubi
1633 2415 1737 2447 pugna
1750 2405 1806 2437 illa.

388 2454 648 2538 ffffisstssssbiss'!
677 2458 761 2527 133⁶.
785 2452 964 2530 fflffi’,
985 2458 1020 2525 «ἵέ
1047 2463 1080 2525 ἶ-ἶί
1123 2448 1605 2532 ⁰²33¹¹⁵1633ffi3213¹t¹1220m
1627 2490 1667 2521 ω
1690 2490 1806 2530 Perga-

388 2542 475 2573 dubio
481 2541 560 2580 fides
572 2541 621 2570 sit.
1120 2546 1216 2571 mum,
1231 2545 1321 2576 quem
1338 2534 1500 2577 Philippus
1519 2533 1686 2564 exciderat.
1730 2533 1756 2564 V
1762 2533 1806 2565 id.

431 2583 559 2616 37⁰Ad
591 2582 697 2612 Chium
729 2582 829 2611 navali
865 2580 980 2621 proelio]
1027 2579 1077 2611 De
1121 2578 1232 2620 Polyb.
1267 2578 1411 2619 Excerpt.
1447 2577 1485 2607 de
1518 2576 1598 2607 Virt.
1629 2582 1660 2606 et
1686 2575 1753 2607 Vit.
1782 2575 1806 2608 l·

388 2637 450 2669 quo
469 2625 567 2657 obiter
588 2623 773 2655 mentionem
800 2623 870 2654 fecit
895 2622 1009 2656 Livius,
1026 2633 1077 2652 su-
1122 2621 1216 2652 XVI.

388 2680 444 2712 pra
471 2668 594 2700 XXXI.
625 2668 674 2698 14.
712 2667 803 2700 †Hoc
834 2666 901 2697 loco
929 2665 1077 2712 plurimas
1161 2664 1204 2695 :39
1238 2662 1422 2710 Panopolim]
1449 2705 1454 2709 Ι
1481 2663 1564 2710 Lege
1619 2661 1804 2696 Perinthum,

388 2711 590 2744 recentiorum
632 2709 801 2741 editionum
837 2707 951 2739 insedit
991 2718 1076 2737 men·
1118 2717 1155 2738 ex
1178 2705 1320 2747 Polybio,
1343 2710 1373 2735 et
1390 2706 1476 2736 Livio
1497 2715 1574 2747 ipso.
1599 2704 1619 2735 l.
1643 2703 1804 2735 XXXIII.

389 2755 475 2791 dum,
496 2755 528 2785 in
550 2753 663 2795 quibus
685 2752 797 2791 legitur
821 2753 859 2781 ud
884 2751 981 2781 Cium.
1006 2751 1076 2781 Cht-
1120 2760 1147 2780 c.
1163 2750 1217 2779 30.

389 2810 440 2828 um
463 2797 594 2829 adstruit
616 2803 682 2827 tum
697 2791 813 2827 Victor.
834 2793 943 2828 codex.
959 2798 991 2824 et
1009 2793 1075 2823 An·
1162 2792 1203 2821 40
1217 2793 1233 2810 “
1249 2791 1289 2821 Ut
1315 2792 1392 2821 inter
1418 2790 1541 2831 AEtolos]
1576 2790 1610 2820 Si
1635 2788 1704 2830 quis
1731 2798 1802 2819 eum

391 2840 473 2872 dreae
489 2839 594 2876 editio,
611 2845 675 2871 tum
694 2837 863 2882 praesertim
879 2835 1028 2878 Polybius
1047 2840 1077 2868 et
1119 2845 1189 2867 cum
1219 2833 1328 2867 ceteris
1355 2833 1469 2865 AEtolis
1496 2838 1700 2877 compararet.
1744 2830 1802 2861 Ni·
