1947 3222
212 247 252 277 U.
267 245 303 276 C.
315 245 388 276 557.

422 128 494 164 142
881 175 885 182 ι
935 122 1079 161 ΤιΤι
1122 121 1300 160 L1v11

420 233 599 274 ³9manus
619 232 794 286 pretium
825 232 933 272 nihil
959 230 1249 273 intertrimenti
1258 232 1332 284 fit,
1355 243 1444 284 quoe
1471 231 1706 284 malignitas
1734 237 1820 274 est?

211 289 253 320 A.
266 289 303 320 C.
321 289 388 319 195.
413 291 651 345 praesidium
666 291 802 343 potius
822 290 864 329 in
886 303 932 329 eo
951 295 1008 329 est
1029 295 1067 329 et
1086 290 1166 328 ad
1154 290 1352 341 privatos,
1376 294 1414 328 et
1435 288 1492 327 ad
1501 288 1698 340 publicos⁵
1717 303 1822 339 usus,

209 1951 314 1993 Oppia
329 1951 379 1982 lex

209 1995 366 2036 abrogata.

214 2350 294 2379 Cato
307 2348 330 2378 it
339 2348 368 2378 in

216 2392 410 2434 Hispaniam.

419 348 521 389 sicut
540 348 697 401 experti
715 348 821 387 estis.
880 345 1047 385 Nullam
1067 346 1355 386 aemulationem
1377 347 1484 385 inter
1506 359 1546 385 se
1564 344 1746 399 singular
1747 360 1824 398 um,

422 406 587 458 quando
598 405 710 444 nulla
730 403 906 451 hober,et
921 416 1000 442 esse
1014 402 1163 443 aiebat.
1205 402 1276 451 At,
1292 402 1483 450 Hercule,
1502 403 1698 444 universis
1712 405 1827 444 dolor

422 468 460 502 et
480 461 715 515 indignatio
735 465 803 508 est,
826 472 942 512 quum
962 460 1152 498 sociorum
1182 459 1334 498 Latini
1359 459 1530 499 nominis
1558 459 1748 501 uxoribus
1767 461 1826 501 vi-

422 520 518 559 dent
537 534 583 559 ea
603 530 782 557 concessa
802 522 1050 563 ornamenta,
1073 528 1161 569 quae
1187 515 1266 555 sibi
1294 517 1453 556 ademta
1481 517 1563 556 sint
1576 538 1591 562 ;
1623 530 1738 570 quum
1760 517 1825 557 in-

421 577 553 629 signes
573 588 639 614 eas
659 587 738 613 esse
757 586 858 612 auro
876 578 914 611 et
929 585 1137 624 purpura,·
1170 586 1284 626 quum
1306 573 1400 613 illas
1419 572 1509 613 vehi
1520 587 1599 625 per
1617 573 1764 623 urbem,
1786 588 1827 615 se

416 632 587 685 pedibus
614 630 742 683 sequi:
777 635 977 682 tamquam
1009 630 1052 668 in
1085 629 1247 669 illarum
1277 629 1518 678 civitatibus,
1550 644 1628 670 non
1660 632 1704 671 in
1737 645 1826 683 sua,

424 688 635 740 imperium
655 687 721 727 sit.
767 685 951 726 Virorum
967 685 1040 725 lzoc
1059 687 1212 726 animos
1231 687 1442 726 vulnerare
1453 694 1606 738 posset:
1628 688 1727 741 quid
1744 702 1826 727 mu-

421 745 676 785 liercularum
696 742 869 791 censetis,
887 756 986 796 quas
1004 743 1126 782 etiam
1147 756 1277 794 parva
1292 746 1472 783 movent?
1504 743 1597 783 Non
1614 745 1828 798 magistra-

422 808 497 850 tus,
521 815 590 842 nec
618 800 858 850 sacerdotia,
878 813 949 840 nec
977 799 1188 852 triumphi,
1209 812 1279 838 nec
1299 799 1493 852 insignia,
1515 814 1584 840 nec
1613 802 1732 850 dona,
1754 807 1827 841 aut

420 859 552 911 spolia
574 857 715 898 bellica
735 858 799 897 his
817 857 1047 910 contingere
1060 861 1238 908 possunt.
1281 855 1517 904 Mandane,
1536 863 1572 896 et
1593 864 1772 909 ornatus,
1789 865 1827 899 et

405 916 559 959 -cultus,
580 916 665 955 lzaec
676 914 929 968 seminarum
960 914 1140 967 insignia
1160 918 1270 953 sunt.-
1301 913 1365 953 his
1378 915 1558 966 gaudent
1579 920 1618 953 et
1641 915 1827 968 glorian-

421 979 489 1013 tur
495 995 510 1019 ;
542 971 683 1011 ‘¹⁰lzunc
715 972 902 1011 mundum
935 971 1158 1010 muliebrem
1193 970 1451 1023 adpellarunt
1485 969 1652 1024 majores
1685 973 1827 1013 nostri.

425 1029 537 1077 Quid
555 1030 672 1069 aliud
690 1029 734 1068 in
753 1029 873 1075 luctu,
896 1042 1012 1082 quam
1024 1041 1251 1080 purpuram
1271 1033 1392 1080 atque
1420 1041 1560 1067 aurum
1591 1029 1828 1081 deponunt?

421 1088 532 1139 quid,
550 1100 665 1139 quum
685 1086 906 1134 eluxerunt,
927 1087 1112 1126 sumunt?
1143 1084 1243 1138 quid
1261 1084 1305 1124 in
1314 1085 1660 1138 gratulationibus
1674 1086 1829 1139 suppli-

420 1143 731 1196 cationibusque,
753 1143 836 1183 nisi
854 1143 1154 1182 eoecelleutiores
1178 1144 1373 1189 ornatus¹,
1394 1141 1622 1194 adjiciunt?
1654 1143 1829 1194 Scilicet,

419 1201 458 1241 si
476 1202 597 1254 legem
617 1200 792 1253 Oppiam
813 1199 1118 1254 abrogaveritis,
1137 1212 1217 1238 non
1237 1199 1360 1239 vestri
1379 1199 1546 1239 arbitrii
1560 1200 1654 1250 erit,
1674 1201 1711 1240 si
1731 1201 1831 1255 quid

421 1256 504 1311 ejus
523 1263 659 1298 vetare
677 1257 894 1304 volueritis,
917 1257 1022 1310 quod
1040 1269 1143 1296 nunc
1160 1257 1227 1296 lea:
1247 1261 1370 1297 vetat.
1398 1257 1527 1297 minus
1546 1257 1654 1304 ffliae,
1671 1271 1829 1307 uxores,

419 1329 572 1355 sorores
592 1314 712 1355 etiam
728 1314 959 1367 quibusdam
977 1314 1019 1354 in
1033 1326 1154 1353 manu
1170 1319 1298 1353 erunt.
1340 1313 1581 1366 Numquam,
1597 1314 1722 1354 salvis
1732 1316 1828 1363 suis,

419 1372 582 1411 exuitur
595 1372 764 1412 servitus
784 1370 985 1412 muliebris
992 1392 1006 1417 ;
1040 1376 1077 1410 et
1094 1371 1193 1423 ipsae
1212 1369 1448 1419 libertatem,
1468 1384 1583 1424 quam
1597 1371 1776 1412 viduitas
1791 1378 1829 1412 ct

419 1428 572 1469 orbitas
585 1428 715 1482 facit,
737 1429 998 1468 detestantur.
1059 1428 1112 1468 In
1141 1434 1270 1467 vestro
1289 1427 1461 1467 arbitrio
1489 1441 1597 1467 suum
1628 1435 1828 1479 ornatum,

419 1499 537 1539 quam
557 1485 601 1525 in
621 1486 734 1538 legis,
756 1486 904 1524 malunt
925 1498 1017 1525 esse.
1076 1485 1136 1524 Et
1156 1498 1222 1524 vos
1242 1484 1286 1523 in
1315 1497 1435 1523 manu
1464 1490 1502 1524 et
1522 1485 1662 1533 tutela,
1684 1499 1762 1525 non
1784 1486 1830 1525 in

419 1543 598 1590 servitio,
617 1542 765 1582 debetis
778 1541 924 1581 habere
939 1555 1006 1581 eas
1013 1562 1028 1587 ,·
1052 1547 1090 1581 et
1108 1541 1226 1581 malle
1237 1547 1382 1593 patres
1397 1555 1463 1581 vos
1482 1547 1554 1581 aut
1573 1543 1693 1590 viros,
1712 1556 1830 1596 quam

418 1600 608 1649 dominos,
631 1599 727 1639 dici.
788 1598 1008 1638 Invidiosis
1028 1597 1251 1638 nominibus
1266 1597 1452 1637 utebatur
1470 1599 1585 1638 modo
1604 1600 1752 1650 consul,
1773 1614 1831 1640 se-

417 1657 609 1696 ditionem
629 1655 854 1695 muliebrem
875 1661 913 1695 et
938 1656 1184 1695 secessionem
1207 1656 1466 1707 adpellando.
1525 1656 1580 1696 Id
1599 1657 1702 1696 enim
1714 1657 1831 1709 peri-

416 1714 543 1753 culum
565 1719 634 1761 est,
657 1726 707 1752 ne
725 1713 889 1754 Sacrum
915 1717 1094 1759 montem,
1115 1713 1216 1751 sicut
1245 1713 1441 1764 quondam
1474 1712 1585 1752 irata
1606 1713 1736 1766 plebs,
1757 1719 1830 1754 aut

419 1770 661 1813 Aventinum.
681 1770 862 1822 capiant.
903 1769 1150 1809 Patiendum
1170 1768 1262 1808 huic
1283 1768 1518 1820 infirmitati
1532 1775 1602 1819 est,
1621 1770 1830 1823 quodcum-

418 1841 493 1880 que
513 1840 578 1868 vos
598 1827 844 1867 censueritis.
867 1839 943 1879 quo
957 1826 1052 1878 plus
1064 1825 1249 1878 potestis,
1267 1840 1309 1864 eo
1325 1826 1567 1866 moderatius
1583 1826 1753 1880 imperio
1768 1828 1831 1868 uti

418 1884 583 1925 debetis*-

477 1941 606 1982 VIII.
640 1941 747 1981 Haec
767 1955 898 1995 quum
920 1947 1062 1980 contra
1086 1939 1218 1994 legem
1245 1953 1406 1994 proque
1434 1939 1525 1994 lege
1546 1939 1658 1981 dicta
1677 1948 1827 1990 essent,

418 1997 634 2052 aliquanto
668 1997 800 2052 major
833 1996 1070 2052 frequentia
1101 1995 1324 2054 mulierum
1358 2003 1524 2051 postero
1563 1995 1629 2037 die
1665 2012 1750 2037 sese
1784 1997 1826 2037 in

420 2053 636 2109 publicum
657 2052 821 2104 effudit,
843 2068 1011 2108 unoque
1032 2051 1194 2109 agmine
1224 2067 1363 2093 omnes
1394 2052 1656 2093 tribunorum
1676 2054 1829 2108 januas

419 2110 688 2160 obsederunt,
729 2110 804 2166 qui
842 2110 1092 2165 collegasum
1132 2109 1335 2164 rogationi
1376 2109 1706 2150 intercedebant:
1752 2125 1828 2155 nec

422 2176 516 2208 ante
536 2166 802 2217 abstiterunt,
824 2182 950 2223 quam
971 2167 1139 2208 iemissa
1167 2165 1402 2206 intercessm
1422 2166 1474 2206 ab
1503 2166 1682 2206 tribunis
1709 2173 1826 2206 esset.

423 2223 552 2263 Nulla
571 2223 720 2263 deinde
741 2223 948 2264 dubitatio
969 2222 1065 2273 fuit,
1087 2222 1190 2279 quin
1218 2238 1358 2264 omnes
1388 2222 1522 2264 tiibus
1551 2222 1683 2277 legem
1710 2222 1828 2263 abro-

421 2287 579 2344 garent.
625 2295 731 2320 anno
763 2279 961 2336 vigesimo
991 2287 1085 2335 post
1120 2279 1321 2335 abrogata
1353 2287 1429 2329 est,
1465 2293 1589 2333 quam
1588 2256 1717 2319 ²3lata.
1762 2279 1825 2319 Μ.

424 2337 597 2377 Porcius
617 2336 774 2386 consul,
795 2345 1016 2393 postquam
1047 2337 1246 2392 abrogata
1275 2344 1336 2377 est
1357 2336 1496 2392 Oppia
1514 2335 1596 2385 lex,
1617 2335 1828 2391 extemplo

423 2392 570 2447 viginti
603 2394 789 2449 quinque
824 2392 1000 2434 navibus
1035 2393 1169 2448 longis
1207 2393 1413 2449 (quinque
1449 2391 1651 2433 sociomm
1687 2394 1824 2457 eiant)

422 2449 495 2490 ad¹¹
536 2449 671 2490 Lunae
710 2457 878 2506 portum
928 2450 1155 2513 profectus,
1194 2450 1338 2491 eodem
1378 2448 1560 2490 exercitu
1610 2449 1828 2490 convenire

417 2506 548 2561 jusso,
571 2514 626 2555 et,
649 2507 784 2547 edicto
810 2522 884 2562 per
913 2522 1025 2548 oram
1057 2506 1301 2548 maritimam
1334 2505 1470 2555 misso,
1492 2504 1666 2545 navibus
1695 2505 1828 2546 omnis

466 2581 477 2597 ⁵
493 2584 519 2608 et
535 2579 572 2607 ad
585 2579 711 2617 publicos
724 2585 750 2608 et
765 2580 802 2608 ad
813 2580 938 2617 primns
952 2590 1030 2613 usus,
1045 2580 1132 2609 sicuti
1148 2579 1242 2610 G1·.on
1261 2579 1351 2610 Crev.
1474 2578 1483 2598 ῑ
1500 2578 1725 2608 eic'ellentiorem
1739 2589 1827 2609 orna-

423 2627 486 2651 tum
502 2620 587 2651 Eaed.
675 2624 689 2640 ¹¹
705 2622 806 2661 longis,
823 2633 945 2662 quarum
961 2623 1086 2662 quinque
1099 2623 1235 2652 socimzm
1249 2627 1345 2657 erant,
1361 2622 1398 2651 ad
1413 2619 1501 2651 Eaed

467 2689 657 2721 39³·Manus
670 2689 811 2729 pretinm]
845 2689 1022 2719 Mercedem
1050 2701 1104 2732 pro
1148 2691 1247 2720 Iammt
1272 2692 1389 2729 majores
1411 2689 1517 2730 nosrri]
1541 2690 1618 2720 Haec
1642 2690 1685 2720 ita
1707 2689 1828 2762 propria

427 2732 531 2763 labore
561 2738 592 2763 et
618 2742 711 2773 opera
737 2731 851 2762 aurifici
883 2732 1031 2762 solutam:
1072 2733 1101 2762 id
1147 2738 1217 2762 sunt
1238 2732 1410 2767 mulierum,
1436 2739 1467 2762 ut
1490 2733 1528 2763 ab
1552 2732 1588 2762 iis
1611 2743 1721 2763 nomen
1744 2732 1825 2775 apud

423 2775 503 2814 quod
521 2775 644 2806 Gallice
666 2774 794 2805 dicimus
817 2776 843 2804 ta
850 2774 957 2815 [ας-οη,
975 2776 1001 2804 Ia
1027 2777 1103 2805 main
1147 2776 1277 2816 majoies
1310 2781 1375 2806 nost
1379 2786 1425 2806 ros
1459 2775 1641 2824 acceperint,
1672 2782 1702 2806 et
1738 2785 1825 2806 voca

426 2817 561 2847 dmum·
1148 2818 1220 2847 bulo
1258 2820 1357 2849 mnndi
1395 2819 1525 2849 mulisubr'
1528 2830 1538 2849 s
1579 2818 1690 2850 tuerint
1724 2817 1824 2857 desig-

468 2861 632 2891 40¹·11unc
657 2862 797 2891 mundum
821 2862 983 2891 muliebrem
1007 2862 1102 2900 appel
1150 2866 1232 2890 nala.
