1947 3222
384 132 459 167 480
911 130 1055 168 T1T1
1095 130 1273 168 LIVII

169 246 210 277 U.
224 246 263 278 C.
275 247 348 279 571.
381 237 454 279 nit.
504 234 805 294 gubernatores
844 247 1068 295 nautaeque
1112 239 1351 296 conquisiti,
1390 239 1505 296 ⁹⁶qui
1544 234 1798 298 praedatores

167 291 195 319 A
222 289 261 322 C·
279 291 348 322 181.
379 293 555 336 fuissent
575 295 766 345 navibus,
787 303 915 351 atque
944 311 1086 337 omnes
1115 297 1158 338 in
1186 296 1416 338 custodiam
1437 298 1623 354 conjecti.
1684 300 1742 341 Et
1773 315 1799 340 a

165 1044 324 1076 Graviscae

164 1087 294 1120 colonia.

382 348 435 391 CL
461 350 650 393 Matieno
679 351 904 393 duumviro
933 367 1058 394 naves
1088 353 1178 409 ejus
1207 353 1368 409 generis
1397 355 1440 395 in
1472 355 1698 411 Ligustina
1725 371 1799 397 ora

380 407 552 463 triginta
573 408 693 450 duaek
713 416 847 464 captae
878 417 987 450 sunt.
1050 411 1157 450 Haec
1177 409 1252 465 qui
1280 411 1540 462 nunciarent,
1572 411 1796 468 literasque

379 463 433 504 ad
465 474 653 507 senatum
683 465 853 515 ferrent,
877 465 930 505 L.
952 466 1154 507 Aurelius
1177 468 1318 516 Cotta,
1343 469 1390 508 C.
1416 468 1627 524 Sulpicius
1649 469 1798 510 Gallus

381 520 559 563 Romam
592 522 730 569 missi;
778 521 988 577 simulque
1022 530 1226 578 peterent,
1252 531 1299 564 ut
1334 523 1382 564 L.
1406 525 1581 566 AEmilio
1611 525 1799 567 confecta

378 578 592 633 provincia
611 578 823 627 decedere,
845 586 886 620 et
914 578 1119 620 deducere
1150 594 1290 620 secum
1318 580 1470 622 milites
1491 581 1648 631 liceret,
1670 591 1798 637 atque

377 634 599 677 dimittere.
660 635 906 691 Utrumque
935 636 1184 691 permissum
1213 636 1266 677 ab
1299 645 1460 688 senatu,
1482 646 1523 680 et
1548 638 1798 695 supplicatio

377 690 433 732 ad
462 691 599 733 omnia
627 691 865 747 pulvinaria
893 707 968 748 per
998 693 1186 734 triduum
1210 692 1402 735 decreta:
1428 694 1798 751 jussique'praeto-

376 764 456 799 reS‚
480 748 673 790 Petillius
699 749 880 790 urbanas
901 749 1111 791 dimittere
1132 749 1326 805 legiones,
1351 750 1510 792 Fabius
1531 751 1648 793 sociis
1669 760 1796 808 atque

376 805 533 846 nomini
563 805 719 846 Latino
749 806 959 848 remittere
989 805 1223 848 delectum:
1261 816 1303 849 et
1332 806 1396 848 uti
1426 816 1582 863 praetor
1612 809 1798 850 urbanus

376 862 618 903 consulibus
658 862 870 913 scriberet,
913 871 1103 905 senatum
1143 879 1313 920 aequum
1354 879 1533 915 censere,
1575 865 1797 906 subitarios

375 919 541 969 milites,
564 919 773 961 tumultus
802 935 948 961 caussa
973 920 1242 976 conscriptos,
1263 920 1400 977 primo
1419 937 1591 978 quoque
1612 930 1798 978 tempore

375 975 544 1018 dimitti.

434 1033 622 1074 XXIX.
657 1033 831 1075 Colonia
852 1033 1064 1075 Graviscae
1085 1049 1134 1075 eo
1153 1049 1261 1076 anno
1281 1033 1464 1077 deducta
1484 1043 1545 1077 est
1573 1035 1616 1077 in
1646 1051 1794 1091 agrum

376 1090 622 1140 Etruscum,
659 1090 711 1131 de
748 1091 1128 1146 Tarquiniensibus
1167 1092 1380 1147 quondam
1416 1101 1599 1148 captum.
1660 1092 1797 1142 Quina

368 1147 522 1203 jugera
550 1147 639 1203 agri
671 1147 781 1188 data.
813 1148 977 1188 tresviri
1011 1147 1294 1198 deduxerunt,
1319 1150 1366 1190 C.
1392 1149 1647 1205 Calpurnius
1680 1150 1794 1198 Piso,

376 1205 424 1244 P.
450 1203 654 1245 Claudius
676 1204 871 1254 Pulcher,
896 1205 943 1245 C.
969 1205 1196 1246 Terentius
1229 1206 1349 1246 Istra.
1413 1205 1606 1248 Siccitate
1636 1214 1677 1247 et
1706 1206 1795 1247 ino-

374 1260 445 1317 pia
483 1261 657 1316 frugum
696 1260 870 1317 insignis
909 1276 1043 1302 annus
1082 1261 1177 1303 fuit.
1241 1263 1321 1303 Sex
1363 1277 1521 1303 menses
1561 1278 1792 1319 numquam

374 1317 543 1373 pluisse,
564 1319 775 1359 memoriae
804 1317 1020 1373 proditum
1050 1326 1124 1359 est.
1184 1318 1388 1360 ⁹⁷Eodem
1419 1335 1526 1360 anno
1554 1319 1593 1359 in
1616 1335 1718 1375 agro
1740 1320 1791 1360 L.

163 1383 361 1415 LibriNumae
376 1374 531 1416 Petillii
554 1374 699 1416 scribae
720 1375 798 1416 sub
828 1375 858 1414 J
861 1374 1040 1425 aniculo,
1062 1374 1165 1416 dum
1195 1375 1376 1417 cultores
1405 1377 1494 1431 agri
1525 1376 1651 1417 altius
1671 1376 1789 1417 nioli-

159 1426 287 1459 inventi.

374 1439 505 1473 untur
532 1440 700 1482 terram,
723 1425 820 1473 duae
850 1430 1026 1488 lapideae
1056 1447 1178 1482 arcae,
1199 1440 1369 1473 octonos
1389 1433 1519 1474 ferme
1548 1432 1675 1488 pedes
1704 1432 1792 1473 lou-

371 1503 453 1543 gae,
474 1496 699 1545 quaternos
723 1488 835 1538 latae,
856 1488 1036 1530 inventae
1064 1498 1177 1540 sunt,
1199 1489 1404 1545 operculis
1425 1489 1600 1545 plumbo
1627 1489 1794 1530 devinc-

372 1545 439 1587 tis.
502 1546 657 1587 Literis
679 1546 844 1587 Latinis
866 1546 1111 1602 Graecisque
1133 1555 1314 1602 utraque
1336 1562 1432 1587 arca
1457 1546 1657 1602 inscripta
1676 1556 1791 1593 erat;

372 1601 415 1643 in
444 1602 575 1644 altera
603 1603 788 1644 Numam
822 1602 1092 1659 Pompilium,
1117 1604 1343 1659 Pomponis
1370 1603 1517 1652 filium,
1539 1618 1678 1659 regem
1709 1604 1794 1644 Ro-

371 1674 605 1709 manorum,
634 1660 845 1716 sepultum
877 1675 988 1707 esse;
1026 1660 1069 1700 in
1100 1659 1230 1701 altera
1259 1660 1386 1701 libros
1414 1661 1453 1701 N
1460 1676 1566 1701 umae
1597 1660 1791 1716 Pompilii

371 1716 514 1757 inesse.
576 1718 661 1757 Eas
693 1732 807 1758 arcas
842 1732 975 1773 quum
1012 1732 1062 1757 ex
1096 1717 1323 1757 amicorum
1361 1718 1564 1758 sententia
1599 1716 1792 1757 dominus

369 1774 614 1830 aperuisset,
651 1790 748 1830 quae
784 1773 958 1816 titulum
992 1773 1144 1829 sepulti
1176 1775 1286 1829 regis
1318 1774 1537 1823 habuerat,
1569 1774 1702 1814 inanis
1732 1773 1792 1814 iu-

825 1869 842 1891 k
858 1871 926 1900 duoe
937 1879 972 1898 ac
988 1870 1113 1909 triginta
1131 1868 1230 1900 Gron.
1246 1868 1338 1900 Crev.

368 1959 451 1979 nunc
467 1949 627 1989 vulgatum
643 1953 701 1978 est.
745 1948 846 1978 Recte
859 1956 943 1977 sane.
988 1945 1055 1976 Etsi
1098 1956 1159 1986 quo
1180 1951 1270 1989 pacto
1294 1946 1374 1977 intra
1419 1946 1489 1977 aulo
1513 1946 1583 1988 plus
1605 1945 1786 1987 quingento-

367 1991 448 2023 enim
472 1991 550 2023 illud
573 1991 704 2022 alterum
727 1989 848 2021 tolerari
871 1994 981 2031 potest,
998 1999 1054 2019 vox
1100 1999 1166 2018 rum
1204 1999 1353 2020 annorum
1391 1999 1553 2019 recursum
1588 1999 1698 2030 corpus
1732 1988 1787 2019 liu-

368 2037 540 2066 deditionem
570 2034 612 2065 sic
642 2032 786 2064 convenit
813 2032 884 2063 huie
914 2032 992 2068 loco,
1023 2038 1056 2062 ut
1100 2042 1227 2063 manum
1263 2033 1307 2063 ita
1341 2033 1479 2063 consumi
1508 2032 1651 2074 potuerit,
1683 2038 1714 2062 ut
1747 2042 1785 2061 ne

368 2078 456 2109 nulla
471 2077 533 2109 alia
548 2077 656 2118 magis·
1097 2075 1260 2115 vestigium
1282 2075 1407 2116 quidem
1423 2075 1489 2116 ejus
1503 2075 1627 2109 ossium,
1642 2074 1704 2105 imo
1727 2084 1783 2105 nec

411 2122 452 2152 96
477 2122 536 2155 Qui
563 2123 739 2160 praedatores
757 2118 888 2160 fitis-sent
916 2118 1052 2159 navibus]
1097 2118 1199 2159 pulvis
1225 2117 1418 2159 superfuerit.
1475 2118 1566 2152 Item.
1598 2128 1658 2159 quo
1696 2123 1786 2159 pacto

369 2165 430 2195 Hic
461 2163 585 2205 aliquod
613 2163 719 2205 procul
744 2162 838 2193 dubio
863 2160 972 2192 vitium
998 2167 1053 2191 est.

370 2207 510 2238 Fortasse
525 2205 655 2237 dederat
671 2205 793 2236 Livius:
819 2206 868 2245 qni
885 2206 915 2234 ιἰι
933 2206 1053 2244 parda-

369 2251 448 2280 toriis
469 2250 600 2291 j'niswit
629 2250 760 2279 navibus.
819 2248 911 2278 Certe
949 2246 1053 2288 legen-

368 2293 441 2323 dum
457 2302 523 2324 esse
545 2293 730 2331 prrrdaitoriis
747 2291 878 2333 probant
892 2289 985 2320 verba
1008 2300 1053 2321 se-

367 2335 490 2376 quentis
526 2334 655 2377 periodi,
691 2345 776 2364 acmes
817 2337 879 2372 ojus
919 2335 1054 2372 generis,-

367 2379 480 2420 quibus
494 2378 646 2409 indicatur
661 2377 785 2408 navium
805 2376 878 2406 certi
893 2375 1055 2416 cujusdam

367 2421 488 2463 generis
503 2421 586 2463 prius
601 2420 787 2451 mentionem
806 2419 918 2449 factam
935 2418 1036 2449 fuisse.

410 2466 450 2496 97
478 2464 582 2493 Eadem
605 2476 682 2493 atino
705 2466 733 2493 ιἰι
764 2473 834 2503 agro
867 2462 902 2493 L.
921 2461 1050 2502 Petillii]

369 2508 437 2538 Iloc
463 2507 531 2537 loco
560 2507 702 2548 apposuit
728 2505 882 2535 Hem-nius
907 2503 1051 2545 quiedam

369 2561 387 2580 a
411 2548 562 2583 Nardino.
592 2551 686 2579 Rom.
710 2549 782 2579 Yet.
809 2547 829 2578 1.
849 2547 926 2578 x'11.
948 2557 976 2577 c.
1004 2548 1051 2577 ll.

367 2594 539 2627 observata,
568 2602 604 2622 ex
633 2592 746 2632 quibus
782 2591 848 2620 haec
879 2589 1051 2621 exscribere

366 2647 467 2686 operae
497 2633 627 2677 pretium
657 2644 721 2664 esse
748 2632 902 2663 «luximus.
947 2632 1052 2662 Multa

366 2680 417 2711 luc
442 2678 516 2709 mihi
538 2677 644 2712 (lubia,
668 2675 767 2716 inquit
792 2675 962 2710 Nardinus,
986 2674 1051 2704 ani-

367 2734 451 2754 mum
479 2725 631 2762 torquent.
676 2719 722 2749 Ac
742 2718 885 2766 primum,
902 2728 962 2758 quo
978 2728 1051 2758 pac-

366 2773 397 2797 to
426 2771 490 2795 tam
520 2762 657 2805 praeclari
687 2771 810 2801 cariquc
839 2760 918 2801 regis
944 2770 1052 2790 monu-

366 2813 502 2839 mentum
532 2816 585 2848 per
622 2810 666 2836 tot
702 2804 807 2835 secula
834 2803 877 2834 ita
914 2802 1050 2843 ignotum

365 2861 431 2882 csse
459 2849 571 2891 populo
602 2848 745 2878 Romano
783 2845 924 2888 potuerit,
952 2852 985 2876 ut
1020 2852 1050 2876 ct

367 2894 430 2935 ipse
452 2892 526 2922 situs
551 2891 616 2931 ejus
641 2891 797 2931 ignoratus
821 2889 870 2919 sit.
917 2888 1047 2923 Adhme,

1098 2160 1166 2191 libri
1190 2161 1355 2198 chartacei,
1372 2161 1493 2192 tametsi
1516 2171 1599 2191 omni
1620 2170 1694 2191 cura
1715 2170 1784 2190 cus-

1099 2203 1198 2240 toditi,
1228 2204 1343 2235 recenti
1379 2203 1481 2246 specie
1515 2214 1581 2235 esse
1618 2202 1782 2245 potuerint.

1098 2247 1144 2278 Ut
1166 2252 1207 2283 et,
1229 2247 1312 2277 unde
1338 2246 1452 2278 chartae
1477 2253 1551 2277 tunc
1580 2256 1665 2281 usus,
1691 2255 1785 2286 quam

1099 2289 1220 2320 Plinius
1234 2290 1256 2320 l.
1271 2290 1369 2320 xlll.
1383 2300 1412 2320 c.
1427 2291 1477 2320 11.
1489 2295 1557 2331 post
1570 2287 1783 2319 Alexandrum

1099 2333 1253 2373 Magnum
1283 2333 1440 2364 inventam
1471 2333 1502 2363 in
1532 2333 1671 2372 :Egypto
1699 2330 1785 2367 dicit,

1100 2376 1189 2406 annis
1223 2375 1388 2417 plusquam
1426 2374 1567 2406 trecentis
1607 2378 1675 2415 post
1714 2373 1782 2404 Nu-

1096 2429 1177 2449 mam
1195 2431 1200 2448 ;
1228 2425 1269 2453 et,
1291 2418 1363 2449 licet
1385 2417 1508 2449 inventa
1527 2416 1593 2457 jam
1614 2423 1678 2446 tum
1698 2422 1729 2446 et
1750 2417 1781 2446 in

1095 2472 1152 2491 usu
1175 2461 1274 2496 fuerit,
1306 2461 1388 2492 unde
1412 2459 1481 2491 rudi
1508 2459 1560 2489 illo
1589 2465 1619 2488 et
1646 2469 1782 2501 paupere

1095 2504 1200 2534 seculo
1221 2504 1329 2534 charta
1354 2504 1487 2534 Romam
1510 2513 1547 2533 ex
1565 2502 1702 2543 AEgypto
1725 2501 1780 2532 dc-

1096 2547 1159 2577 liita
1195 2546 1244 2578 sit.
1305 2546 1448 2587 Denique
1484 2544 1639 2586 quomodo
1675 2545 1782 2585 lingua

1097 2591 1208 2620 (J'rfflca
1243 2595 1306 2619 tam
1344 2587 1505 2619 familiaris
1542 2594 1607 2618 tum
1635 2587 1781 2629 temporis

1098 2633 1186 2663 Latio
1201 2631 1291 2662 suerit
1308 2653 1315 2661 .
1330 2653 1338 2660 .
1354 2653 1361 2661 .
1379 2632 1456 2661 llaec
1480 2637 1509 2662 et
1534 2631 1621 2673 plura
1645 2630 1707 2660 alia
1723 2629 1781 2660 for-

1095 2685 1150 2705 san
1174 2685 1221 2704 mc
1245 2673 1436 2709 inducerent,
1462 2679 1495 2704 ut
1522 2673 1661 2704 fraudem
1687 2681 1780 2714 atque

1096 2717 1293 2759 imposturam
1331 2716 1409 2748 hanc
1438 2716 1615 2748 recentioris
1650 2715 1780 2755 alicujus

1098 2759 1229 2789 hominis
1264 2758 1355 2789 fuisse
1398 2760 1579 2802 suspicarer,
1616 2757 1672 2788 nisi
1717 2763 1779 2788 tam

1097 2803 1220 2842 (graves
1245 2802 1292 2834 et)
1320 2803 1462 2844 antiquos
1488 2802 1648 2844 scriptores
1677 2799 1780 2830 nimiae

1094 2851 1124 2875 ct
1137 2844 1316 2875 inconsultae
1331 2845 1522 2878 credulitatis
1534 2845 1682 2876 damnare
1695 2843 1781 2875 nefas

1093 2887 1307 2919 existimarem.
