1947 3222
363 108 432 147 136
886 105 1240 143 T1T1L1VH

149 232 322 263 U.C.557.
351 216 574 271 pellandi?
610 215 719 257 Istud
749 215 873 268 ipsum
904 229 990 256 suos
1020 229 1182 269 qua’que
1211 214 1320 255 domi
1348 228 1494 268 rogare
1513 227 1593 254 non
1611 214 1771 267 potuis·

145 274 187 305 A·
201 274 239 306 C·
253 274 323 305 195.
356 275 411 316 tis
428 277 449 313 ε’
485 273 552 315 An
580 272 808 313 blandiores
838 273 881 312 in
904 272 1080 325 publico,
1109 286 1225 326 quam
1257 273 1300 312 in
1324 272 1504 324 privato,
1536 277 1574 312 et
1603 272 1766 324 alienis,

358 345 474 386 quam
496 331 650 380 vestris,
672 330 765 369 estis
779 332 800 367 ?
832 342 1066 382 quamquam
1094 343 1143 368 ne
1163 330 1270 369 domi
1290 329 1445 382 quidem
1466 342 1546 379 vos,
1566 329 1604 369 si
1622 330 1686 369 sui
1697 328 1772 382 ju-

359 389 418 429 ris
428 388 588 440 finibus
608 392 811 427 matronas
830 386 1050 425 contineret
1072 386 1220 438 pudor,
1242 399 1331 439 qua:
1359 386 1461 439 leges
1481 385 1546 425 hic
1575 399 1770 439 rogaren-

359 451 440 496 tur,
468 445 818 498 abrogarenturve‚
848 455 989 481 curare
1019 443 1162 482 decuit,
1223 441 1409 495 BIajores
1439 443 1578 491 nostri,
1602 443 1770 492 nullam,

360 516 410 542 ne
422 503 630 554 privatam
653 500 821 552 quidem,
846 512 924 537 rem
956 512 1075 552 agere
1087 500 1273 552 seminas
1292 498 1325 521 ¹⁴
1338 500 1423 539 sine
1444 505 1618 546 auctore,
1642 500 1771 539 volue-

361 565 455 599 runt
460 574 476 606 ;
509 559 551 598 in
573 569 692 596 manu
713 569 791 595 esse
805 555 1243 608 parentum,fi·atrum,
1260 557 1448 596 virorum.
1469 570 1538 597 nos
1561 555 1656 607 (¹⁵si
1671 557 1772 597 Diis

352 616 508 669 placet)
516 613 608 667 jam
630 612 748 652 etiam
783 612 1062 664 rempublicam
1092 626 1292 665 capessere
1311 626 1378 652 eas
1405 613 1596 665 patimur,
1618 620 1653 653 et
1666 614 1771 666 foro

353 669 512 725 propes,
533 676 571 710 et
591 668 854 716 concionibus,
878 674 916 708 et
934 669 1103 709 comitiis
1124 670 1336 709 inmiscet-i.
1372 668 1404 693 ¹⁶
1415 669 1526 718 Quid
1544 670 1647 710 enim
1669 684 1772 709 nunc

361 729 477 768 aliud
491 741 568 780 per
583 727 670 766 vias
686 732 723 766 et
739 726 910 778 compita
915 725 1102 779 faciunt,
1117 731 1255 779 quamg
1276 728 1502 780 rogationes
1522 726 1772 766 tribunorum

356 785 486 838 plebis
515 784 696 831 suadent,
721 783 817 823 alia:
845 783 965 836 Iegem
987 782 1261 836 abrogandam
1283 781 1467 834 censent?
1507 781 1658 823 ¹⁷Date
1675 783 1775 838 fre-

362 855 431 882 nos
451 841 653 893 inpotenti
671 845 829 879 naturae
845 845 883 879 et
904 840 1096 880 indomito
1112 839 1296 889 animali,
1314 845 1352 879 et
1370 845 1540 893 sperate,
1562 840 1672 892 ipsas
1691 854 1773 880 mo-

362 899 457 938 dum
485 898 660 938 licentiae
672 897 882 950 facturas,
905 897 988 937 nisi
1015 910 1081 937 vos
1093 896 1319 949 feceritish.
1379 897 1600 937 Minimum
1620 897 1691 936 lzoc
1711 911 1776 937 eo-

361 969 444 996 rum
461 961 532 1005 est,
554 967 643 1008 quae
663 954 801 1007 iniquo
821 954 956 993 animo
966 951 1137 1005 feminee
1155 953 1235 994 sibi
1252 959 1323 993 aut
1345 953 1515 994 moribus
1534 959 1606 994 aut
1624 954 1776 1007 legibus

362 1011 544 1065 injuncta
558 1011 789 1064 patiuntur.
820 1010 988 1050 omnium
1010 1025 1139 1050 rerum
1160 1011 1397 1058 libertatem,
1420 1010 1534 1051 immo
1555 1011 1773 1058 licentiam,

364 1070 418 1123 (si
437 1083 532 1110 vera
553 1069 681 1108 dicere
701 1067 890 1119 volumus)
913 1068 1158 1108 desiderant.
1208 1066 1320 1115 Quid
1338 1068 1456 1117 enim,
1478 1069 1516 1108 si
1533 1068 1606 1108 hoc
1625 1081 1776 1122 expug-

363 1125 564 1174 naverint,
586 1139 666 1165 non
685 1124 924 1165 tentabunt?

423 1183 513 1223 III.
546 1184 760 1224 Recensete
779 1183 912 1221 omnia
934 1180 1308 1235 ¹⁸muliebriajura,
1331 1181 1470 1235 quibus
1490 1182 1689 1222 licentiam
1710 1197 1778 1223 ea-

364 1254 449 1280 rum
472 1240 748 1293 adligaverint
768 1237 936 1292 majores
956 1239 1099 1288 nostri,
1116 1252 1193 1291 per
1222 1252 1384 1292 quaeque
1406 1237 1636 1292 subjecerint
1656 1241 1776 1280 viris:

365 1297 505 1351 quibus
519 1296 696 1337 omnibus
713 1296 948 1336 constrictas
963 1296 1033 1336 vix
1052 1302 1184 1336 tamen
1202 1297 1404 1336 continere
1416 1296 1598 1349 potestis.
1634 1296 1777 1345 Quid?

364 1355 403 1395 si
421 1368 586 1406 carpere
600 1354 776 1407 singula,
794 1359 832 1393 et
847 1360 1091 1406 extorquere,
1109 1359 1146 1393 et
1162 1354 1368 1406 exaequari
1384 1355 1440 1393 ad
1454 1359 1664 1394 extremum
1681 1355 1779 1395 viris

361 1411 593 1466 patiemini,
616 1410 844 1451 tolerabiles
872 1409 981 1450 vohis
1002 1424 1067 1450 eas
1081 1411 1183 1462 fore
1211 1410 1402 1450 credilis?
1433 1411 1641 1463 extempZO,
1661 1411 1778 1451 simul

359 1482 484 1521 pares
504 1481 584 1508 esse
604 1466 809 1520 coeperint,
826 1468 1048 1520 superiores
1067 1472 1196 1506 erunt.
1228 1466 1298 1514 At,
1320 1465 1506 1514 Hercule,
1524 1481 1572 1507 ne
1592 1468 1690 1521 quid
1709 1482 1779 1508 ηο-

366 1539 452 1566 vum
494 1525 537 1564 in
578 1538 645 1565 eas
683 1529 860 1576 rogetur,
901 1529 1097 1563 recusant.
1142 1537 1222 1563 non
1248 1522 1333 1576 jus,
1372 1524 1442 1563 sed
1479 1522 1674 1577 injuriam
1713 1526 1780 1564 de-

360 1587 597 1635 precantur.
677 1580 798 1621 Immo
837 1587 896 1630 ut,
935 1594 1050 1634 quam
1098 1581 1320 1633 accepistis,
1350 1578 1531 1634 jussistis
1573 1581 1783 1637 suffiagiis

367 1639 508 1680 vestris
546 1639 682 1691 legem,
723 1651 840 1690 quam
883 1651 954 1677 usu
999 1643 1055 1677 tot
1093 1651 1286 1677 annorum
1327 1644 1366 1677 et
1404 1638 1645 1690 experiendo
1679 1652 1780 1678 com-

359 1695 578 1748 probastis,
601 1694 705 1733 Itanc
733 1700 776 1734 ut
805 1693 1028 1747 abrogetis:
1060 1695 1106 1734 icl
1133 1700 1203 1742 est,
1231 1700 1275 1734 ut
1302 1708 1421 1734 renam
1452 1695 1625 1734 tollendo
1654 1695 1781 1749 legem

367 1758 519 1792 ceteras
557 1752 776 1804 infirmetis.
840 1750 965 1791 Nulla
1005 1752 1070 1790 lex
1108 1751 1203 1791 satis
1242 1752 1442 1791 commoda
1484 1751 1660 1792 omnibus
1699 1758 1755 1792 est
1770 1767 1784 1791 5

368 1810 415 1849 id
447 1809 559 1849 modo
594 1808 803 1862 quaeritur,
834 1808 872 1847 si
904 1806 1051 1860 majori
1076 1809 1198 1859 parti
1232 1814 1270 1847 et
1305 1808 1348 1848 in
1383 1822 1568 1848 summam
1597 1809 1780 1861 prodest.

368 1867 429 1914 Si,
459 1866 565 1919 quod
601 1865 783 1917 cuiquam
816 1865 1014 1917 privatim
1049 1864 1200 1917 obficiet
1225 1864 1312 1917 jus,
1344 1865 1388 1904 id
1424 1866 1597 1906 destruet
1632 1879 1679 1905 oc
1713 1867 1782 1906 de-

368 1923 565 1970 molietur,
604 1922 703 1975 quid
740 1921 937 1962 adtinehit
976 1922 1177 1962 universos
1215 1936 1362 1976 rogare
1401 1923 1516 1977 leges,
1556 1936 1655 1976 quos
1693 1936 1783 1962 mox

368 1979 582 2034 abrogare,
614 1980 656 2019 in
692 1992 787 2032 quos
821 1979 917 2018 latae
952 1985 1056 2027 sunt,
1083 1979 1271 2032 possint?
1323 1979 1421 2020 Volo
1454 1985 1586 2020 tamen
1623 1980 1780 2029 audire,

477 2105 491 2129 s
503 2119 610 2149 quoquc
627 2107 724 2139 Gron.
740 2108 831 2138 Crev-

930 2111 946 2136 ἕ
961 2120 1046 2148 quam
1066 2110 1139 2149 quod
1152 2109 1222 2139 olioe
1239 2108 1324 2139 Eaed.
1425 2108 1572 2151 hsaciatis
1588 2108 1674 2140 Eaed.

417 2244 454 2272 14
488 2242 556 2272 Sine
590 2241 724 2282 auctore]
771 2240 838 2272 Nisi
876 2239 1056 2284 interposita
1099 2242 1218 2273 mendae
1233 2240 1433 2283 indignationi
1449 2240 1570 2271 usitata.

371 2284 563 2321 auctoritate,
592 2285 642 2315 vel
678 2283 783 2327 patriS,
813 2284 961 2325 quamdiu
989 2294 1054 2315 ma·
1148 2286 1184 2316 16
1209 2285 1288 2319 Quid
1310 2284 1576 2316 enimnuncaliud
1598 2306 1604 2313 .
1623 2283 1781 2325 .faciunt‚

371 2329 488 2359 nebant
525 2327 682 2369 innuptae3
720 2326 769 2357 vel
803 2327 870 2363 viri,
899 2327 924 2358 si
953 2332 1056 2370 nuptae
1101 2339 1185 2368 qnam
1210 2330 1284 2368 quod
1311 2327 1378 2357 alioe
1405 2328 1564 2367 rogationes
1588 2348 1596 2356 .
1613 2348 1620 2356 .
1641 2327 1779 2368 suadent]

371 2370 488 2409 forent;
524 2370 585 2406 vel,
609 2370 634 2400 si
655 2375 686 2401 et
711 2374 797 2411 patre
822 2375 853 2400 et
879 2370 944 2400 viro
970 2380 1054 2400 care-

369 2417 448 2448 rent,
478 2413 590 2449 sratris,
618 2418 670 2443 aut
699 2411 829 2453 alicujus
855 2422 893 2443 ex
924 2412 1053 2453 agnatis,

369 2455 433 2487 sive
449 2456 587 2497 cognatis
608 2456 762 2496 paterni53
786 2455 834 2486 vel
859 2455 990 2497 denique
1007 2461 1055 2486 tu-

370 2498 443 2530 toris
457 2508 476 2528 a
490 2498 669 2539 magistratu
685 2498 761 2533 dati,
778 2498 803 2528 si
826 2498 902 2529 forte
926 2504 1056 2529 tutorem

373 2551 392 2571 a
406 2541 474 2582 lege
489 2540 672 2583 praefinitum
688 2551 748 2571 non
762 2540 922 2571 haberent.
946 2542 1056 2582 Itaque

371 2593 490 2626 semper
514 2583 664 2614 Romanae
687 2582 830 2614 mulieres
852 2583 884 2613 in
907 2588 1055 2625 potestate

372 2626 504 2667 alicujus
519 2631 617 2661 erant,
634 2624 722 2665 cujus
741 2625 785 2655 eis
806 2626 979 2656 necessaria
992 2631 1058 2657 erat

372 2668 549 2704 auctoritas,
570 2673 604 2699 ut
626 2668 656 2699 in
678 2667 794 2707 judicio
819 2673 945 2703 starent,
969 2674 1003 2698 ut
1025 2679 1057 2699 se

372 2712 555 2753 obligarent,
573 2715 605 2743 ut
618 2710 707 2741 civile.
728 2710 883 2751 negotium
907 2716 1056 2752 gererent.

373 2754 448 2784 Vid.
465 2754 533 2786 Cic.
549 2765 604 2796 pro
618 2754 705 2785 Mur.
719 2764 750 2784 n.
764 2754 815 2784 27.
842 2759 872 2784 et
894 2753 925 2785 in
952 2753 1057 2795 primis

374 2796 544 2838 Ulpianum
560 2796 598 2827 ‹le
613 2795 742 2827 Tutelis.
874 2820 878 2826 .

419 2839 525 2870 15³&
553 2841 607 2870 diis
639 2837 750 2880 placet]
785 2839 928 2870 For-mula
957 2838 1056 2881 expri-

1099 2372 1283 2412 Suspectum
1299 2375 1345 2400 est
1359 2368 1446 2400 nobis
1461 2367 1495 2399 e>
1511 2371 1595 2409 quod,
1611 2369 1692 2400 maie
1708 2369 1781 2405 huc,

1099 2419 1134 2444 ut
1154 2413 1284 2448 videtur,
1303 2412 1501 2447 inculcatum,
1522 2411 1782 2452 quemadmodum

1100 2466 1191 2497 supra
1205 2456 1225 2486 1.
1243 2455 1365 2486 XXVI.
1381 2464 1407 2484 c.
1425 2454 1455 2484 6.
1499 2455 1539 2484 Et
1559 2453 1654 2485 reciso
1669 2465 1716 2490 eo,
1731 2455 1783 2486 fiet

1099 2499 1190 2546 plane
1216 2497 1324 2529 eadem
1349 2502 1501 2527 structura
1527 2497 1696 2533 verborum,
1712 2508 1781 2538 quae

1099 2551 1129 2571 in
1151 2541 1208 2571 hoc
1223 2541 1244 2570 l.
1261 2541 1322 2571 lv.
1344 2550 1371 2569 c.
1391 2540 1444 2570 26.
1467 2539 1551 2570 loco:
1578 2540 1678 2580 Neque
1699 2541 1783 2570 aliud

1100 2590 1158 2613 tota
1173 2585 1242 2613 urbe
1256 2585 1317 2623 ogi,
1334 2593 1416 2622 quam
1434 2582 1537 2612 bellum
1553 2585 1702 2621 apparari.

1145 2627 1181 2656 17
1208 2625 1408 2666 ])‹1teji·enos]
1437 2625 1549 2655 Laxate
1567 2625 1676 2656 frenos.
1701 2626 1782 2662 Quas

1100 2674 1267 2709 sequuntur
1290 2674 1316 2698 et
1338 2673 1458 2706 sperate,
1473 2678 1527 2709 per
1548 2667 1676 2698 ironiam
1699 2667 1782 2698 dicta

1100 2711 1228 2752 intelligi
1244 2711 1369 2741 debent.

1146 2754 1182 2784 18
1209 2751 1472 2793 Muliebriajura]
1500 2755 1577 2784 Jura
1597 2753 1629 2783 in
1652 2753 1688 2784 iis
1714 2762 1782 2794 quae

1100 2801 1239 2837 spectant
1263 2796 1303 2826 ad
1331 2795 1471 2827 mulieres
1500 2806 1557 2827 usu
1586 2801 1638 2827 aut
1665 2795 1783 2837 legibus

1101 2843 1276 2870 constituta.
