1947 3222
506 132 540 169 L
555 133 568 169 1
584 131 624 169 Β.
654 128 867 168 XXXVII.
906 130 935 166 C
950 131 980 167 Α
995 130 1036 167 Ρ.
1066 130 1218 168 XXIX.
1488 137 1561 170 303

159 237 294 279 insula
315 237 502 292 (Macrin
522 239 676 281 nautici
697 240 865 293 vocant)
887 238 1086 279 anchoras
1115 247 1240 294 portu
1261 241 1424 282 occulto
1449 242 1563 298 jecit.
1578 252 1619 283 1·.
1633 251 1668 283 C.
1682 252 1755 282 562.

160 294 255 336 inde
276 312 327 337 ex
356 297 590 352 propinquo
611 295 845 350 explorans,
867 295 973 350 quid
1001 295 1140 336 hostes
1165 305 1348 350 agerent,
1370 298 1504 353 primo
1525 295 1620 339 inA·
1632 295 1670 326 C.
1685 295 1753 325 190.

160 366 310 407 magna
345 368 415 409 spe
449 353 545 401 fuit,
576 351 929 414 quemadmodum
961 350 1171 392 Rhodiam
1189 328 1376 393 ‘’classein
1406 354 1458 395 ad
1497 356 1567 396 Sa-

160 423 290 459 11111111,
312 408 584 451 circumsessis
604 408 658 450 ad
685 408 844 449 exitum
866 407 1058 450 faucibus
1089 416 1249 470 portus,
1272 420 1565 464 expuonasset,

163 465 219 506 sic
235 476 275 507 et
290 467 518 507 Romanam
536 473 889 521 expugnaturum.
912 480 986 506 nec
1000 473 1061 506 est
1077 463 1286 506 dissimilis
1307 474 1457 506 natura
1476 467 1565 508 loci.

162 521 461 563 Promontoriis
482 522 727 563 coeuntibus
748 522 855 563 inter
877 537 917 562 se
938 522 997 563 ita
1017 521 1228 562 clauditur
1248 530 1409 576 portus,
1429 531 1473 563 ut
1497 524 1566 564 vix

162 577 257 619 duae
278 578 399 619 simul
418 578 514 619 inde
534 594 659 619 naves
688 579 846 634 possint
868 579 991 619 exire.
1052 578 1186 619 Nocte
1206 593 1408 634 occupare
1429 579 1568 620 fauces

162 634 468 697 Polyxenidas
459 651 502 676 m
522 635 659 676 animo
679 635 874 685 habebat,
897 644 953 685 et,
970 634 1086 698 denis
1106 634 1282 675 navibus
1303 635 1356 675 ad
1376 650 1568 698 promon-

160 690 265 731 toria
281 692 500 742 stantibus,
516 708 612 748 quae
628 692 680 733 ab
697 700 877 749 utroque
889 707 1018 733 0011111
1033 691 1075 732 111
1091 691 1221 732 latera
1236 691 1478 733 exeuntium
1498 708 1568 733 na-

159 747 273 787 vium
295 758 544 813 pugnarent,
559 765 609 790 ex
626 758 761 790 cetera
776 749 916 799 classe,
932 749 1038 790 sicut
1054 748 1108 789 ad
1125 749 1377 789 Panormum
1398 749 1566 798 fecerat,

157 806 326 845 armatis
346 821 387 845 1n
409 805 531 846 litora
550 805 762 862 expositis,
784 814 895 847 terra
914 805 1103 861 marique
1125 804 1246 846 simul
1272 805 1410 846 hostes
1430 806 1569 861 obpri-

157 875 279 901 mere.
311 861 427 917 quod
457 878 538 903 non
560 878 712 903 vanum
741 863 777 903 ei
808 862 1024 903 consilium
1053 862 1216 911 fuisset,
1237 861 1294 911 ni,
1317 877 1450 918 quum
1473 863 1569 903 Teii

157 916 341 959 facturos
363 934 403 959 se
423 919 625 975 imperata
645 919 940 975 promisissent,
963 919 1017 960 ad
1038 918 1296 972 accipiendos
1317 928 1569 961 commeatus

158 975 299 1029 aptius
322 975 454 1016 visum
475 984 580 1017 esset
598 976 840 1023 Romanis,
829 990 873 1016 1n
893 991 989 1016 eum
1010 984 1195 1030 portum,
1211 975 1285 1029 qui
1306 984 1401 1016 ante
1423 977 1569 1017 urbem

160 1039 237 1081 est,
259 1031 428 1073 classem
459 1032 643 1074 transire
702 1032 873 1074 Dicitur
892 1044 933 1074 et
955 1031 1176 1073 Eudamus
1198 1031 1391 1073 Rhodius
1418 1033 1569 1074 vitium

161 1086 331 1129 alterius
359 1098 506 1144 portus
537 1089 778 1139 ostendisse,
810 1104 943 1145 quum
974 1089 1084 1129 forte
1116 1088 1212 1129 duae
1244 1103 1323 1129 nax
1327 1104 1368 1129 es
1403 1088 1444 1129 in
1479 1098 1570 1131 aito

162 1144 268 1185 ostio
288 1145 495 1201 inplicitos
515 1162 648 1187 remos
668 1147 899 1202 fregissent.
931 1153 972 1186 et
992 1145 1101 1185 inter
1121 1144 1200 1185 alia
1220 1145 1266 1185 id
1286 1160 1456 1201 quoque
1486 1161 1570 1187 mo-

162 1201 221 1242 vit
251 1209 484 1257 praetorem,
507 1210 555 1244 ut
586 1202 821 1244 traduceret
842 1202 1025 1252 classem,
1048 1202 1164 1265 quod
1193 1202 1246 1242 ab
1271 1209 1382 1243 teria
1411 1203 1570 1258 pericu-

161 1257 247 1298 lum
268 1267 371 1307 erat,
392 1259 506 1300 haud
526 1259 672 1315 procul
692 1259 788 1300 inde
809 1258 1021 1300 Antiocho
1041 1258 1193 1300 stativa
1211 1258 1402 1300 habente.

218 1290 404 1356 XXIX.
439 1316 657 1357 Traducta
690 1316 816 1357 classe
847 1315 900 1357 ad
935 1316 1097 1365 urbem,
1128 1315 1328 1371 8⁷ignaris
1361 1317 1567 1367 omnibus,
1584 1327 1728 1358 {minus

161 1372 312 1426 egressi
334 1372 484 1414 milites
509 1382 732 1436 nautaeque
759 1381 856 1414 sunt
886 1372 940 1413 ad
970 1381 1223 1414 commeatus
1243 1381 1283 1415 et
1312 1373 1455 1415 vinum
1485 1390 1569 1415 ma·
1581 1370 1739 1401 contendit

162 1429 272 1469 xime
292 1428 566 1470 dividendum
594 1445 635 1470 m
655 1445 735 1471 nav
738 1445 805 1477 es3
838 1445 970 1485 quum
1000 1429 1137 1470 medio
1156 1430 1264 1471 forte
1285 1429 1367 1470 diei
1397 1431 1569 1487 agrestis
1582 1414 1620 1444 ad
1635 1414 1759 1444 h⁰⁵¹e¹¹¹'

162 1485 350 1540 quidam,
366 1486 419 1526 ad
440 1495 659 1542 praetorem
682 1487 904 1537 adductus,
926 1487 1111 1536 nunciat,
1128 1485 1162 1511 8⁸
1175 1488 1341 1527 alterum
1351 1487 1443 1541 jam
1466 1490 1568 1529 (Item

159 1543 320 1583 classem
340 1549 445 1583 stare
463 1545 521 1583 ad
539 1545 709 1584 insulam
728 1544 908 1592 Macrin,
925 1551 963 1584 et
977 1544 1121 1596 paullo
1136 1550 1231 1584 ante
1250 1546 1356 1585 visas
1377 1547 1568 1598 quasdam

162 1600 320 1648 moveri,
343 1606 544 1654 tamquam
565 1602 621 1640 ad
642 1602 945 1654 profectionem,
967 1615 1098 1641 naves.
1160 1601 1225 1641 Re
1246 1601 1385 1642 subita
1408 1602 1570 1658 percul-

163 1671 233 1696 sus
253 1672 303 1712 pl
307 1665 408 1698 aetor
428 1657 632 1698 tubicines
653 1673 798 1698 canere
816 1658 955 1714 jubet,
977 1665 1040 1707 ut,
1063 1658 1097 1698 si
1117 1658 1192 1713 qui
1213 1673 1265 1722 pe
1245 1673 1287 1698 r
1308 1673 1429 1713 agros
1458 1659 1570 1714 pala-

162 1713 195 1753 ti
225 1722 373 1763 essent,
403 1714 608 1756 redirent:
642 1715 832 1755 tribunos
865 1715 909 1755 in
938 1714 1085 1754 urbem
1115 1714 1246 1755 mittit
1275 1694 1358 1755 ado
1365 1716 1570 1771 cogendos

162 1769 313 1811 milites
333 1779 565 1826 nautasque
593 1772 637 1812 in
670 1786 748 1811 nav
752 1786 805 1812 es.
867 1771 999 1811 Haud
1020 1786 1150 1819 500115,
1173 1787 1298 1837 quam
1320 1771 1363 1812 in
1392 1773 1571 1828 repenti

162 1841 215 1866 no
235 1826 424 1868 incendio
453 1836 526 1869 aut
557 1836 678 1884 capta
707 1828 825 1878 uibe,
848 1827 1099 1884 trepidatur,
1121 1827 1210 1868 aliis
1238 1830 1280 1868 in
1303 1829 1451 1870 urbem
1479 1844 1571 1870 cur-

161 1884 349 1924 rentibus
369 1884 423 1924 ad
454 1900 548 1925 suos
569 1884 834 1934 revocandos,
855 1884 945 1925 ah'is
966 1900 1017 1926 ex
1039 1885 1142 1926 urbe
1166 1900 1290 1926 naves
1311 1900 1434 1926 cursu
1456 1901 1570 1942 repe-

162 1939 369 1981 tentibus:
401 1940 652 1997 incertisque
673 1941 922 1982 clamoribus
945 1940 1119 1997 (quibus
1148 1942 1249 1997 ipsis
1279 1942 1394 1983 tubae
1415 1943 1571 1984 obstre-

162 1999 326 2059 perent)
350 1998 530 2061 turbatis
561 1998 759 2054 imperiis,
781 1998 947 2039 tandem
979 2013 1225 2039 concursum
1255 1999 1309 2040 ad
1344 2014 1468 2040 naves
1496 2008 1569 2040 est.

164 2053 245 2094 Vix
266 2068 382 2094 suam
403 2054 581 2110 quisque
611 2070 777 2096 noscere
798 2062 871 2095 aut
901 2054 1015 2095 adire
1044 2070 1132 2110 prae
1160 2055 1347 2096 tumultu
1380 2064 1567 2111 poterat:

164 2109 504 2173 trepidatumque
525 2126 620 2152 cum
639 2111 824 2168 periculo
845 2119 886 2152 et
906 2111 949 2152 in
968 2126 1086 2160 mari,
1109 2118 1149 2152 et
1170 2110 1211 2151 in
1234 2119 1342 2151 terra
1368 2112 1433 2152 for
1436 2120 1490 2161 et,
1512 2113 1570 2161 ni,

163 2166 354 2222 partibus
375 2166 530 2218 divisis,
553 2167 768 2216 AEmilius‚
791 2183 884 2209 cum
913 2168 1112 2224 praetoria
1130 2182 1234 2208 nave
1254 2168 1416 2223 primus
1436 2184 1458 2209 e
1478 2184 1572 2225 por-

162 2233 213 2265 tu
233 2239 275 2264 111
296 2223 428 2265 altum
449 2233 630 2275 evectus,
652 2225 861 2280 excipiens
881 2224 1159 2279 insequentes,
1182 2240 1256 2265 suo
1277 2240 1488 2280 quamque
1509 2240 1572 2266 01·-

165 2280 260 2321 dine
289 2280 332 2320 in
364 2280 543 2322 frontem
575 2281 865 2329 instluxisset3
899 2281 1120 2322 Eudamus
1151 2281 1403 2337 Rhodiaque
1434 2281 1572 2322 classis

166 2337 447 2379 substitissent
481 2337 536 2378 ad
570 2346 736 2388 terram,
759 2346 807 2379 ut
837 2346 878 2379 et
909 2338 995 2379 sine
1024 2337 1300 2393 trepidatione
1331 2338 1573 2379 conscende-

166 2402 271 2444 rent,
293 2402 348 2444 et
370 2402 419 2435 ut
440 2409 620 2458 quaeque
644 2402 790 2450 parata
809 2402 930 2444 esset,
952 2394 1084 2435 exiret
1104 2410 1232 2435 navls.
1294 2395 1362 2435 Ita
1382 2403 1423 2435 et
1444 2395 1573 2450 expli-

167 2464 287 2491 cuere
307 2451 493 2491 ordinem
522 2467 669 2507 prlmae
689 2452 733 2491 in
753 2459 973 2506 conspectu
1003 2451 1210 2514 praetoris,
1232 2458 1273 2491 et
1294 2459 1481 2492 coactum
1504 2467 1574 2506 ag-

168 2519 260 2547 men
289 2507 341 2548 ab
369 2507 546 2549 Rhodiis
576 2516 661 2550 est:
693 2509 981 2571 instructaque
1011 2523 1130 2557 acles,
1152 2507 1269 2548 velut
1299 2517 1482 2548 cerneret
1512 2523 1573 2547 re-

168 2561 271 2616 gios,
305 2563 349 2604 in
387 2564 519 2606 altum
558 2563 768 2620 processit.
810 2564 917 2606 inter
957 2563 1240 2620 Myonnesum
1281 2572 1322 2605 et
1365 2565 1475 2619 Cor)
1478 2579 1572 2604 cum

210 2735 251 2765 87
275 2734 393 2775 Ignaris
418 2738 560 2778 omnibus]
595 2737 760 2773 Omnibus,
786 2737 848 2768 sive
934 2739 974 2769 88
998 2737 1147 2778 Alterum]
1186 2737 1236 2767 Sic
1262 2735 1410 2766 vetustius
1439 2734 1513 2769 01151,
1544 2738 1573 2763 et

172 2777 333 2813 Romanis,
362 2778 426 2809 sive
460 2779 602 2817 Rhodiis,
637 2779 848 2822 ignorantibus
892 2781 963 2812 MS.
982 2780 1098 2812 Victor.
1114 2791 1174 2811 non
1190 2781 1322 2810 alterum.

170 2825 232 2849 tam
246 2819 446 2862 propinquam
461 2821 594 2856 hostium
607 2808 737 2855 classem
751 2833 825 2856 esse<
