1947 3222
374 128 424 167 σο
758 152 761 155 .
899 121 1044 161 T1T1
1089 120 1264 160 mvn

163 249 205 282 U.
217 248 255 280 c.
267 249 341 280 554.
376 235 472 275 Hoc
506 233 674 276 sedibus
713 232 798 275 suis
831 239 996 274 extorre
1036 245 1185 287 agmen
1217 228 1252 253 ⁵²
1262 229 1307 271 in
1341 228 1584 287 praesidium
1616 228 1778 281 incidit,

162 293 205 324 A.
217 291 259 323 θ’
271 292 342 322 198.
375 290 492 347 quod
511 291 814 339 Athamanum,
835 303 922 344 quo
941 287 1074 329 tutior
1092 287 1363 328 frumentatio
1383 294 1503 335 esset,
1520 285 1776 328 ducebatur:

374 347 586 389 incondita
622 346 874 402 inermisque
912 343 1155 392 multitudo,
1194 343 1328 384 mixta
1364 342 1508 384 inbelli
1547 343 1687 392 turba,
1727 343 1781 384 ab

375 404 545 445 armatis
579 418 684 445 caesa
717 411 790 444 est.
857 400 1015 456 Xyniae
1050 400 1224 441 desertae
1253 399 1522 462 diripiuntur.
1584 398 1782 454 Cyphara

374 461 471 502 inde
494 459 627 501 AEtoli
655 458 840 515 capiunt,
862 464 1096 512 opportune
1118 454 1309 511 Dolopiae
1329 457 1532 497 mminens
1552 455 1778 496 castellum.

375 518 482 558 Haec
502 516 655 573 raptim
683 516 795 556 intra
818 528 972 570 paucos
992 512 1079 554 dies
1099 513 1152 554 ab
1174 511 1332 553 AEtolis
1351 520 1479 568 gesta.
1540 513 1628 553 Nec
1648 512 1783 567 Amy-

373 574 530 615 nander
551 581 678 629 atque
699 572 971 620 Athamanes,
993 577 1088 625 post
1107 569 1261 611 famam
1291 583 1499 625 prosperae
1519 583 1675 625 pugnae
1696 569 1783 609 Ro-

374 645 609 680 manorum,
632 628 894 684 quieverunt.

157 702 352 745 Amynandri
432 688 560 728 XIV.
594 687 790 727 Ceterum
813 682 1103 739 Amynander,
1124 682 1225 737 quia
1254 698 1329 724 suo
1352 682 1475 723 militi
1505 697 1654 738 pamm
1683 681 1784 723 fide-

158 755 207 776 “³⁵
222 752 327 787 gestae.
372 744 460 794 bat,
495 743 629 800 petito
662 742 716 782 ab
751 740 918 781 consule
957 739 1120 780 modico
1153 739 1362 795 praesidio,
1398 754 1531 794 quum
1567 739 1784 794 Gomphos

373 809 545 857 peteret,
581 798 785 855 oppidum
819 795 1010 853 protinus
1043 795 1208 836 nomine
1241 794 1275 818 ⁵³
1289 795 1484 845 Phecam,
1517 795 1643 836 situm
1673 796 1783 837 inter

376 857 593 913 Gomphos
622 856 847 909 faucesque
877 860 1090 909 angustas,
1116 867 1213 907 quae
1243 851 1296 892 ab
1327 851 1581 892 Athamania
1606 851 1785 892 Thessa-

373 914 472 955 liam
502 913 721 961 dirimunt,
743 911 782 952 vi
805 910 928 966 cepit.
959 909 1057 950 inde
1088 908 1306 965 Gomphos
1335 908 1522 958 adortus,
1543 915 1585 948 et
1611 923 1686 964 per
1714 908 1786 949 ali-

374 978 480 1027 quot
507 970 596 1011 dies
626 982 788 1009 summa
808 967 848 1008 vi
870 967 1017 1007 urbem
1047 973 1228 1015 tuentes,
1250 979 1383 1021 quum
1413 964 1541 1006 scalas
1560 964 1615 1004 ad
1633 965 1788 1005 moenia

374 1027 586 1076 erexisset,
607 1024 794 1065 ⁵⁴eodem
821 1031 937 1064 metu
966 1021 1153 1078 perpulit
1177 1021 1232 1063 ad
1251 1021 1515 1062 deditionem.
1576 1021 1684 1062 Haec
1703 1029 1787 1062 tra-

373 1084 477 1126 ditio
500 1081 792 1138 Gomphorum
822 1080 1032 1135 ingentem
1062 1086 1263 1120 terrorem
1289 1078 1330 1118 T
1331 1077 1502 1118 hessalis
1527 1077 1684 1119 intulit.
1715 1077 1786 1118 de·-

373 1141 516 1182 didere
533 1139 726 1194 deinceps
742 1152 842 1187 sese,
859 1136 933 1192 qui
954 1137 1161 1191 Argenta,
1179 1134 1338 1191 quique
1355 1133 1599 1185 Pherinum,
1616 1142 1658 1176 et
1680 1134 1786 1175 Thi-

375 1212 552 1247 marum,
575 1204 615 1237 et
638 1194 817 1244 Lisinas,
839 1201 880 1234 et
909 1193 1151 1241 Stimonem‚
1174 1200 1215 1233 et
1237 1192 1467 1246 Lampsum
1496 1190 1666 1241 habent,
1688 1190 1786 1232 alia-

377 1270 459 1310 que
491 1252 659 1295 castella
683 1252 811 1307 juxta
844 1249 1055 1305 ignobilia.
1117 1249 1233 1289 Dum
1263 1248 1524 1289 Athamanes
1551 1247 1785 1303 AEtolique,

378 1312 571 1352 submoto
593 1307 876 1349 Macedonum
906 1315 1036 1355 metu,
1057 1304 1139 1346 ⁵⁵in
1170 1305 1304 1346 aliena
1335 1304 1507 1345 victoria
1535 1319 1653 1344 suam
1681 1318 1788 1360 prae-

378 1368 474 1408 dam
505 1366 680 1415 faciunt,
719 1363 1020 1418 Thessaliaque
1050 1377 1075 1402 a
1104 1361 1240 1403 tribus
1274 1360 1396 1402 simul
1430 1360 1694 1408 exercitibus,
1725 1361 1788 1401 in·-

378 1432 491 1465 certa
529 1438 655 1479 quem
694 1421 870 1470 hostem,
910 1434 1088 1475 quemve
1133 1419 1291 1459 socium
1330 1417 1528 1466 crederet,
1569 1425 1784 1466 vastatur3

195 1528 198 1530 v
378 1480 522 1522 consul
551 1478 758 1527 faucibus,
779 1492 884 1532 quas
914 1477 1018 1531 fuga
1046 1475 1230 1516 hostium
1259 1481 1492 1530 aperuerat,
1513 1474 1557 1514 in
1577 1473 1787 1529 regionem

167 1547 301 1590 Epirotis
313 1546 358 1588 ig-
379 1537 498 1593 Epiri
531 1545 826 1591 transgressuS,
848 1531 925 1574 etsi
944 1532 1073 1588 probe
1104 1531 1195 1581 scit,
1216 1530 1284 1572 cui
1304 1530 1428 1586 parti,
1451 1530 1646 1585 Charopo
1675 1530 1788 1586 prin-

168 1590 267 1664 ¹10?ssst
280 1600 352 1621 ⁰⁰¹²*
378 1595 468 1651 cipe
498 1600 687 1648 exceptO,
719 1590 911 1646 Epirotae
940 1587 1163 1635 favissent3
1198 1596 1350 1638 tamen,
1381 1586 1483 1642 quia
1504 1585 1598 1627 ⁵⁶ab
1630 1586 1789 1628 satisfa-

168 1644 205 1665 δυ
221 1656 229 1664 “
380 1650 513 1693 ciendi
539 1663 708 1705 quoque
735 1661 836 1688 cura
864 1646 1067 1701 imperata
1087 1645 1196 1685 enise
1218 1644 1351 1685 facere
1372 1643 1502 1692 videt,
1524 1658 1575 1684 ex
1595 1643 1790 1698 praesenti

380 1723 449 1749 eos
479 1707 633 1764 potius,
656 1718 783 1759 quam
804 1718 855 1743 ex
876 1701 1102 1758 praeterito,
1125 1700 1303 1741 aestimat
1327 1700 1491 1750 habitu,
1513 1708 1554 1741 et
1573 1699 1680 1740 ⁵⁷eab
1700 1700 1791 1756 ipsa

381 1764 579 1806 facilitate
598 1761 730 1802 veniae
750 1759 909 1801 animos
928 1773 1070 1799 eorum
1092 1757 1134 1798 in
1154 1765 1368 1813 posterum
1389 1755 1591 1798 conciliat.
1643 1757 1788 1798 Missis

381 1821 530 1862 deinde
559 1818 722 1860 nunciis
753 1818 994 1871 Corcyram,
1026 1822 1074 1855 ut
1103 1814 1301 1854 onerariae
1329 1827 1454 1853 naves
1483 1812 1525 1852 in
1555 1812 1691 1854 sinum
1720 1828 1789 1854 ve-

381 1877 516 1919 nirent
564 1874 865 1920 Ambracium;
916 1872 1020 1928 ipse,
1059 1885 1303 1926 progressus
1341 1869 1513 1910 modicis
1552 1869 1821 1921 itineribus,-

382 1942 534 1990 quarto
566 1932 633 1974 die
661 1931 704 1971 in
733 1938 874 1971 monte
904 1928 1094 1969 Cercetio
1124 1926 1264 1983 posuit
1297 1935 1445 1976 castra,
1478 1925 1624 1967 eodem
1656 1927 1790 1983 Amy-

383 1990 542 2031 nandro
582 2003 678 2029 cum
717 1987 803 2028 suis
843 1984 1008 2027 auxiliis
1051 1984 1214 2031 adcito;
1265 1998 1347 2024 non
1391 1991 1474 2024 tam
1511 1982 1662 2024 virium
1701 1985 1793 2040 ejus

384 2063 522 2102 egens,
543 2060 671 2102 quam
691 2052 740 2085 ut
761 2043 886 2084 duces
907 2043 951 2083 in
973 2040 1232 2082 Thessaliam
1251 2040 1434 2082 haberet.
1460 2039 1513 2080 ab
1534 2039 1678 2081 eodem
1698 2055 1793 2082 cou-

385 2104 473 2146 silio
494 2113 534 2145 et
554 2101 743 2159 plerique
764 2099 1036 2156 Epirotarum
1057 2097 1280 2138 voluntarii
1309 2097 1416 2138 inter
1436 2096 1593 2138 auxilia
1621 2097 1791 2153 accepti.

962 2185 978 2210 b
993 2197 1027 2217 ea
1039 2186 1099 2217 del.
1115 2185 1212 2218 Gron-

428 2280 468 2309 52
494 2278 528 2308 In
550 2277 716 2318 prasidium
743 2297 750 2305 .
774 2297 781 2304 .
805 2296 813 2304 .
835 2276 910 2314 quod
927 2273 1066 2303 Athama·
1111 2282 1178 2303 rum
1194 2271 1261 2313 jam
1282 2270 1323 2301 ad
1346 2269 1462 2300 moenia
1484 2269 1646 2300 scalarum.
1698 2268 1748 2300 Sic
1770 2269 1793 2299 l.

386 2322 472 2362 num]
509 2321 596 2352 Unus
616 2318 712 2350 codex
737 2328 754 2349 e
778 2315 995 2351 Gronovianis,
1020 2325 1068 2346 as·
1113 2315 1138 2345 1.
1165 2324 1192 2345 c.
1215 2317 1245 2346 5.
1275 2313 1327 2344 ubi
1349 2312 1440 2353 vulgo
1465 2312 1586 2353 legitur,
1611 2313 1794 2342 sciscitando-

386 2365 537 2395 sentiente
582 2361 750 2396 Victorino,
793 2361 869 2401 quod
923 2359 1069 2389 Thauma-
1112 2368 1166 2398 que
1192 2359 1286 2388 eodem
1320 2356 1461 2395 pervenit,
1488 2355 1662 2385 monuimus
1688 2354 1792 2395 legen-

387 2418 464 2437 cnm.
488 2406 566 2437 Inde
582 2404 744 2436 Rubenius
759 2402 863 2438 efficit,
878 2403 952 2443 quod
972 2402 1069 2432 Thau·
1113 2400 1187 2431 dum
1203 2399 1297 2430 videri
1311 2409 1342 2428 eo
1354 2400 1479 2428 demum.

387 2460 479 2480 macos
507 2471 515 2480 .
545 2471 553 2479 .
582 2470 590 2478 .
617 2449 789 2482 ‹hwebmmy
818 2456 888 2487 quae
918 2444 989 2475 urbs
1022 2449 1070 2474 est
1154 2442 1267 2474 55⁸1n
1293 2442 1390 2472 aliena
1413 2441 1534 2470 victoria
1558 2451 1640 2470 suam
1664 2440 1793 2478 praedam

386 2491 555 2523 Thessaliae
577 2500 669 2531 supra
691 2500 717 2520 c.
740 2491 772 2519 4.
794 2488 963 2529 descripta:
989 2487 1067 2518 Gro-
1102 2484 1244 2527 faciunt]
1283 2485 1388 2522 Quum
1414 2482 1478 2517 alii,
1507 2492 1616 2523 nempe
1646 2481 1794 2518 Romani,

388 2535 508 2571 novius,
537 2535 610 2574 quod
648 2533 787 2565 Ithomen,
815 2531 867 2572 qui
903 2531 988 2561 locus
1024 2534 1070 2560 est
1112 2528 1266 2562 vicissent,
1278 2526 1415 2569 praedam
1428 2524 1485 2555 sibi
1500 2525 1666 2556 vindicant.

389 2577 656 2619 Metropolitarum
676 2573 815 2615 regionis,
1155 2571 1197 2602 56
1230 2571 1274 2600 Ab
1315 2569 1511 2610 satisthcietxdi
1553 2578 1662 2607 qunque
1703 2567 1793 2608 cura]

432 2623 473 2651 53
500 2619 638 2659 Phacum]
684 2617 804 2648 Eadem
848 2614 968 2646 videtur
1006 2624 1072 2645 esse
1117 2613 1176 2645 Vel
1201 2614 1240 2644 ob
1266 2611 1364 2653 ipsam
1387 2621 1492 2642 curam
1512 2609 1718 2641 satisfaciendi
1741 2620 1795 2652 pro

390 2664 463 2694 urbs
482 2673 550 2705 quae
573 2662 595 2693 l.
611 2660 733 2692 xxxi.
748 2670 774 2690 c.
791 2660 841 2689 41.
862 2657 973 2689 dicitur
998 2657 1073 2687 Phe·
1117 2655 1251 2687 admissa
1264 2655 1366 2696 culpa.

390 2709 488 2737 mulus.
1159 2699 1200 2729 57
1227 2698 1273 2728 Ea
1294 2699 1355 2736 ipsa
1365 2695 1533 2737 facilitate]
1564 2694 1698 2726 Addidit
1721 2695 1794 2726 Cle-

434 2751 474 2779 54
500 2748 606 2779 Eodem
629 2752 708 2777 metu
735 2744 861 2785 perpulit
887 2744 926 2773 ad
950 2743 1071 2773 deditio·
1115 2741 1197 2772 ricus
1223 2750 1327 2772 vocem
1353 2751 1397 2775 ea,
1426 2739 1590 2770 obsecutus
1627 2737 1794 2773 Gronovio,

390 2794 473 2832 mm]
509 2794 654 2828 Quonam
682 2790 786 2819 metu?
816 2785 942 2828 Optime
969 2795 1072 2815 emen·
1115 2784 1168 2825 qui
1190 2783 1275 2814 illam
1292 2783 1323 2813 in
1341 2782 1461 2824 scriptis
1481 2788 1512 2813 et
1534 2787 1608 2813 vett.
1631 2780 1722 2812 editis
1742 2790 1795 2812 ex-

392 2834 446 2865 ‹lat
479 2833 662 2868 l’crizoniuS.
688 2830 856 2863 Animadv.
884 2827 965 2859 Hist.
986 2838 1015 2858 c.
1041 2829 1073 2858 2.
1115 2834 1196 2857 stare
1219 2832 1332 2857 monet.
1356 2825 1472 2856 Victor.
1494 2835 1617 2867 quoque
1639 2823 1707 2855 cod.
1727 2833 1796 2854 eam

392 2889 422 2907 ω
449 2878 562 2907 demum
591 2883 678 2911 metu,
706 2874 738 2906 id
764 2878 819 2910 est,
846 2878 929 2903 metu
956 2876 1072 2902 erecta·
1117 2876 1226 2902 servat.
