1947 3222
473 133 506 170 L
520 133 536 170 1
550 133 593 170 Β.
622 131 798 169 XXXII.
840 131 871 168 C
885 130 918 168 A
933 131 974 168 1’.
1002 130 1204 169 XXVIII.
1479 135 1529 174 75

109 251 248 284 torum
281 243 567 283 Romanorum
601 239 852 281 auctoritate
884 247 1039 289 motuS,
1062 238 1216 280 finibus
1247 239 1385 281 Attali
1415 249 1724 283 6Χ61-υ.(3.554.

107 299 237 341 citum
270 297 523 340 deduxisset.
585 296 746 337 Eadem
783 301 928 337 aestate
963 296 1126 351 equites
1161 295 1347 347 ducenti,
1378 306 1419 338 et
1450 298 1530 339 ele·
1541 295 1586 327 A
1596 293 1723 326 ‘2¹9⁸‘

107 356 255 412 phanti
285 355 442 405 decem,
471 362 512 395 et
545 353 673 395 tritici
703 352 937 394 13111οᾶ1ί1111
968 352 1149 393 ducenta
1178 352 1322 402 millia,
1354 354 1407 395 ab
1433 369 1529 410 rege

109 413 332 454 Masinissa
362 411 416 452 ad
448 411 694 461 exercitum,
724 410 799 466 qui
831 410 874 450 in
906 409 1072 451 Graecia
1099 418 1202 459 erat,
1233 418 1528 465 pervenerunt.

109 471 220 511 Item
249 484 300 510 ex
331 467 468 510 Sicilia
496 467 772 523 Sardiniaque
802 467 942 523 11138111
973 475 1228 507 commeatus
1248 473 1290 507 et
1311 467 1531 508 vestimen-

109 535 153 568 ta
186 524 387 567 exercitui
421 525 557 566 missa.
621 524 801 565 Siciliam
834 525 897 565 M.
922 523 1165 573 Marcellus,
1194 522 1427 564 Sardiniam
1464 524 1528 563 M.

109 583 282 646 Porcius
313 583 421 623 Cato
454 581 697 628 obtinebat;
737 590 904 622 sanctus
936 590 977 622 et
1013 580 1221 630 innocens,
1252 580 1436 636 asperior
1470 589 1531 621 ta-
1543 594 1592 624 Μ.
1610 595 1700 625 Cato.

106 655 201 681 men
239 639 282 680 in
316 639 475 680 foenore
515 638 742 680 coercendo
781 639 963 679 habitus.
1026 637 1269 694 Fugatique
1304 652 1356 678 6Χ
1394 637 1532 678 insula

104 697 390 746 foeneratores,
412 704 453 737 et
476 695 509 719 ¹4
521 702 700 745 sumtus,
721 711 828 760 quos
854 695 896 735 in
918 695 1080 736 cultum
1100 703 1329 751 praetorum
1353 694 1450 735 socii
1470 694 1532 735 fa-

104 768 197 794 6616
217 752 327 794 soliti
355 761 488 803 erant,
510 752 757 803 circumcisi,
778 760 852 794 aut
883 751 1050 793 sublati.
1114 753 1207 792 Sex.
1225 751 1366 792 AElius
1386 750 1532 792 consul

103 825 156 852 ex
189 810 329 851 Gallia
357 809 624 851 comitiorum
654 824 798 850 caussa
829 810 1009 850 Romam
1040 824 1174 865 quum
1203 808 1392 859 redisset,
1420 823 1532 850 crea-
1545 819 1692 851 Comitia.

103 867 165 908 vit
204 866 394 908 6011511165
434 866 524 908 ¹⁵C.
559 866 802 907 Cornelium
844 865 1081 928 Cethegum
1126 874 1166 906 et
1207 866 1256 915 Q.
1291 865 1531 907 Minucium

107 923 285 965 Rufum.
347 923 488 964 Biduo
516 931 611 986 post
641 932 871 984 praetorum
902 922 1068 963 comitia
1087 920 1245 962 habita.
1310 922 1393 962 Sex
1423 938 1532 987 prae-
1545 933 1606 964 Sex
1592 938 1731 1007 ’pm-to

107 989 217 1022 tores
246 980 319 1022 illo
348 995 456 1021 anno
486 994 670 1044 pnmum
698 978 842 1028 creati,
864 978 1146 1019 crescentibus
1172 978 1261 1033 jam
1291 979 1591 1034 provinciis,res

107 1042 148 1078 et
179 1037 306 1078 latius
339 1044 576 1099 patescente
610 1036 798 1092 imperio.
840 1035 967 1076 creati
1003 1044 1145 1076 autem
1175 1034 1234 1085 hi,
1266 1035 1319 1075 L.
1343 1035 1533 1077 Manlius

107 1094 252 1144 Vulso,
283 1095 330 1135 C.
355 1091 625 1148 Sempronius
658 1092 916 1143 Tuditanus,
946 1091 978 1115 ¹⁶
996 1093 1088 1132 Μ.
1113 1091 1283 1161 Sergius
1316 1091 1441 1142 Silus,
1467 1092 1532 1133 M.

108 1151 302 1200 Helvius,
334 1150 398 1190 M.
422 1149 639 1190 Minucius
676 1149 834 1200 Rufus,
872 1150 923 1189 L.
948 1149 1120 1190 Atilius.
1184 1149 1455 1205 Sempronius
1489 1156 1531 1191 et

107 1206 287 1248 Helvius
315 1222 367 1247 ex
398 1206 448 1247 iis
483 1206 624 1247 aediles
658 1206 793 1262 plebis
823 1215 952 1248 erant.
985 1206 1151 1247 curules
1185 1205 1353 1247 aediles-v
1372 1207 1423 1256 Q.
1448 1206 1534 1247 Mi-

106 1264 255 1305 nucius
278 1264 490 1305 Thermus
510 1272 552 1305 et
575 1263 643 1303 Ti.
670 1263 939 1320 Sempronius
962 1263 1149 1320 Longus.
1211 1263 1329 1304 Ludi
1349 1264 1533 1304 Romani

106 1336 154 1362 eo
174 1335 282 1362 anno
302 1329 453 1376 quater
473 1320 705 1362 instaurati.

163 1378 396 1418 XXVIII.
432 1379 499 1419 C.
521 1377 714 1419 Cornelio
755 1387 795 1419 et
837 1379 886 1428 Q.
920 1378 1114 1419 Minucio
1155 1378 1412 1428 consulibus,
1447 1393 1534 1418 om·
1548 1389 1588 1419 L.
1601 1389 1636 1419 C.
1652 1390 1728 1420 555.

104 1434 222 1476 nium
251 1434 436 1491 primum
466 1434 518 1475 de
548 1434 770 1490 provinciis
790 1435 1011 1476 consulum
1040 1444 1356 1500 praetorumque
1377 1443 1531 1476 actum.
1545 1432 1585 1462 A
1598 1432 1636 1463 C·
1654 1432 1727 1462 197.

1546 1475 1584 1505 C.
1594 1473 1752 1521 Cornelio,
1780 1476 1783 1478 ’

106 1491 232 1533 Prius
259 1491 310 1532 de
344 1492 598 1547 praetoribus
630 1499 838 1532 transacta
867 1507 947 1542 165,
970 1507 1066 1547 quae
1096 1492 1271 1548 transigi
1299 1501 1410 1533 sorte
1440 1497 1587 1556 pot-Q'
1598 1517 1741 1548 Minucio

106 1557 206 1589 erat.
240 1548 399 1589 urbana
432 1549 592 1603 Sergio,
622 1547 842 1603 peregrina
871 1548 1110 1604 jurisdictio
1142 1549 1335 1590 Μ11111610
1364 1549 1530 1604 obtigit.
1546 1561 1633 1591 Coss.

108 1604 343 1646 Sardiniam
379 1605 553 1654 Atilius,
592 1604 774 1645 Siciliam
810 1605 1014 1655 Manlius,
1052 1605 1302 1669 Hispaniam
1341 1606 1534 1661 Sempro·
1545 1602 1729 1635 Provinmae.

106 1661 201 1703 nius
236 1662 485 1712 citeriorem,
516 1661 695 1702 Helvius
727 1661 969 1702 ulteriorem
1001 1670 1063 1703 est
1095 1662 1278 1703 sortitus.
1342 1662 1535 1703 Consuli-

106 1718 188 1760 bus
220 1718 387 1760 Italiam
419 1717 797 1773 Macedoniamque
829 1718 968 1760 sortiri
999 1719 1261 1775 parantibus,
1291 1719 1343 1759 L.
1365 1718 1534 1775 Oppius

105 1783 147 1817 et
169 1774 223 1824 Q.
248 1774 427 1816 Fulvius
448 1775 608 1817 tribuni
629 1775 763 1831 plebis
782 1775 1069 1832 inpedimento
1090 1785 1223 1826 erant,
1244 1777 1354 1830 quod
1369 1777 1534 1830 longin-

103 1847 183 1886 qua
196 1833 414 1885 provincia
437 1833 688 1873 Macedonia
708 1839 828 1873 esset:
858 1847 985 1887 neque
1003 1834 1089 1873 ulba
1111 1835 1198 1874 alia
1219 1848 1284 1875 res
1302 1832 1432 1888 majus
1450 1833 1533 1874 bel-

102 1891 142 1930 bo
163 1890 474 1942 inpedimentum
494 1891 553 1930 ad
576 1904 662 1930 eam
683 1891 790 1930 diem
802 1889 974 1943 fuisset,
993 1904 1113 1945 qnam
1144 1893 1264 1945 quod,
1287 1892 1448 1932 vixdum
1471 1892 1534 1931 in-

103 1947 259 1988 choatis
278 1947 408 1996 rebus,
431 1948 476 1988 in
497 1948 586 2000 ipso
605 1954 752 1988 conatu
766 1949 940 2002 gerendi
958 1948 1056 1988 belli
1074 1950 1198 2001 prior
1218 1950 1355 1990 conmd
1371 1963 1534 1990 revoca-

102 2010 230 2045 retur.
288 2003 491 2053 Quartum
507 2003 601 2058 jam
631 2019 781 2045 annum
802 2019 884 2045 esse
902 2005 955 2045 ab
974 2006 1068 2046 decr
1069 2012 1132 2046 eto
1153 2005 1423 2046 Macedonico
1451 2005 1534 2046 bel-

102 2062 154 2102 lo.
221 2062 346 2109 Quoer
346 2063 447 2102 endo
483 2076 614 2116 regem
646 2069 684 2103 et
718 2063 934 2103 exercitum
968 2078 1050 2117 ejus
1082 2063 1305 2116 Sulpi‘cmm
1344 2061 1533 2117 majorem

96 2124 261 2172 partem
291 2119 396 2159 anni
425 2119 667 2161 absmnsisse.
737 2119 917 2169 Villium,
939 2121 1262 2175 congredientem
1282 2135 1369 2162 cum
1389 2122 1529 2169 hoste;

103 2191 149 2216 re
185 2177 336 2231 irgfecta
367 2183 608 2218 revocatum.
674 2177 921 2228 Quinctium,
943 2178 1057 2218 rebus
1092 2179 1247 2219 divinis
1275 2179 1419 2219 Romae
1447 2192 1533 2218 ma-

92 2232 228 2288 jorem
254 2240 420 2287 partem
455 2235 558 2274 anni
592 2235 801 2283 reten'tum,
836 2236 896 2274 ita
928 2237 1096 2290 gessisse
1130 2242 1277 2282 tamen¹
1299 2250 1376 2286 res,
1408 2242 1466 2287 ut,
1496 2235 1535 2276 si

291 2326 309 2344 ¹
326 2322 381 2353 ΒΓ.
400 2323 497 2355 Gron.
515 2323 608 2354 Crev.
693 2326 709 2351 Υ
725 2323 824 2354 ediles
838 2325 956 2354 curules
971 2324 1057 2356 Eaed.
1143 2328 1161 2345 Ζ
1177 2325 1233 2355 Cn.
1252 2325 1349 2355 Gron.

156 2410 193 2440 13
219 2409 354 2439 Modii‘mz
385 2410 510 2439 ducenta
539 2410 654 2451 millia]
700 2407 802 2440 Modii
844 2418 1009 2440 marmora.
1053 2409 1139 2440 Libri
1159 2409 1280 2441 Liviani
1300 2410 1456 2441 habebant
1479 2410 1535 2441 Cn.

110 2455 261 2483 nostrates
278 2453 416 2483 154166.
847 2452 1026 2483 Ccmaeekium.

159 2495 384 2535 14*Szcmptus,
413 2506 481 2536 quos
512 2496 545 2526 in
574 2496 688 2526 cultum
723 2505 801 2534 proe-
894 2496 930 2526 16
954 2495 1012 2525 Μ’.
1028 2495 1149 2537 Sergms
1170 2497 1265 2537 Silus]
1300 2497 1352 2527 De
1374 2495 1465 2537 hujus
1487 2496 1534 2526 'rn-

113 2538 223 2579 torum]
263 2539 414 2568 Praetoros
453 2538 662 2569 tabernaculis
699 2548 742 2574 56,
772 2543 802 2569 et
847 2537 988 2568 credibili
1012 2538 1190 2570 fortitudine
1210 2550 1311 2581 opem
1336 2539 1468 2581 pretium
1489 2545 1535 2569 est

114 2580 214 2615 lectis,
230 2586 268 2612 'et
290 2585 376 2612 veste
399 2581 538 2622 stragula
565 2581 761 2613 instruendos
786 2592 803 2612 e
847 2591 1031 2622 cognoscere
1053 2592 1122 2623 quae
1144 2589 1297 2613 memorat
1318 2582 1400 2613 Plin.
1417 2583 1440 2612 1.
1454 2582 1484 2611 'k
1487 2582 1536 2611 II

115 2623 240 2664 publico
273 2624 444 2661 curabant,
480 2623 715 2666 sumptibusque
749 2635 803 2666 ap·
848 2634 878 2654 6.
891 2625 944 2655 28.
990 2625 1034 2659 Is,
1061 2624 1168 2655 multis
1192 2626 1398 2666 gravibusque
1425 2634 1536 2665 accep-

114 2671 289 2706 paratorum
312 2666 529 2697 conviviorum
557 2668 730 2698 onerabant
754 2678 802 2698 50-
847 2666 888 2697 tis
912 2667 947 2697 in
972 2667 1055 2698 bello
1081 2667 1271 2704 vulneribus,
1295 2674 1403 2698 neutra
1424 2677 1537 2701 manu,

116 2708 192 2744 cios,
211 2718 275 2739 non
293 2709 354 2751 ipsi
377 2709 488 2745 solum,
508 2709 563 2741 sed
586 2716 617 2741 et
641 2716 806 2759 sequentes
850 2716 958 2741 neutro
981 2709 1059 2757 pede
1081 2710 1156 2741 satis
1169 2712 1265 2745 utilis,
1286 2721 1385 2757 quum
1404 2709 1436 2739 in

116 2753 232 2792 magno
255 2761 380 2783 numero
401 2752 492 2790 servi,
508 2759 538 2784 et
557 2754 668 2785 cohors
690 2754 806 2785 arnico-
844 2759 921 2784 -tura
941 2763 1038 2784 sacns
1060 2760 1224 2790 arceretur,
1238 2761 1274 2784 ut
1293 2752 1415 2787 debilis,
1429 2752 1539 2783 habita

117 2803 198 2825 rum.
224 2795 325 2831 Quae
325 2794 429 2825 omnia
437 2796 566 2827 sustulit
583 2797 676 2828 Cato.
703 2795 807 2828 uid.
852 2796 999 2832 oratione,
1015 2796 1047 2826 in
1061 2807 1124 2837 qua
1146 2796 1267 2837 6816813
1283 2806 1339 2826 5113
1358 2795 1441 2826 sacta
1454 2805 1536 2825 emn-

119 2837 205 2868 Piut.
221 2837 252 2867 in
268 2837 340 2868 Cat.
355 2837 482 2877 majore.
847 2839 1044 2875 memoravit,
1067 2840 1146 2870 hauc
1170 2838 1369 2880 ignominiam
1390 2837 1537 2880 depreca-

169 2880 207 2910 15
242 2880 274 2910 (.
308 2880 491 2920 Cornelium]
545 2880 594 2911 Sic
632 2880 810 2922 Capitolina
850 2888 902 2913 tus
889 2888 973 2912 5.65ῐ
1524 2898 1529 2902 -
