1947 3222
496 138 622 175 LIB.
650 134 847 173 xxxm.
887 135 1014 172 cAP.
1045 135 1155 172 x1v.
1467 141 1543 181 409

122 247 366 301 discerpturi
386 253 522 289 essent.
549 248 687 299 itaque
706 245 778 284 hoe
796 258 837 285 se
851 243 1087 296 Sulpiciam,
1106 243 1176 283 hoc
1196 246 1388 285 consulem
1409 259 1541 294 orare,
1558 253 1599 284 U.
1613 254 1648 283 c.
1665 251 1736 281 566.

124 311 168 345 ut
187 320 229 346 se
247 311 364 346 extra
385 305 556 346 Italiam
584 304 723 356 aliquo
749 301 1035 350 amandarent,
1056 299 1126 340 ubi
1144 301 1340 355 reliquum
1362 303 1457 343 vitce
1477 304 1544 342 de·
1557 295 1649 327 A.C.
1669 294 1740 324 186.

120 377 219 416 gere
238 369 324 403 tuto
337 368 482 416 posset.
537 360 653 400 Bono
673 359 810 399 animo
830 372 911 399 esse
925 357 1077 414 jubere
1099 371 1187 397 eam
1208 359 1366 408 consul,
1389 367 1444 408 et,
1467 359 1546 400 sibi

127 433 234 460 curce
246 421 362 474 fore,
396 419 545 467 dicere,
576 423 620 457 ut
651 416 791 457 Romae
825 422 912 456 tuto
940 415 1157 455 habitaret.
1219 415 1336 455 Tum
1369 415 1547 472 Hispala
1560 423 1715 454 Indicium

126 477 328 533 originem
349 490 558 517 sacrorum
589 473 812 530 expromit.
876 473 1019 513 Primo
1047 471 1272 513 sacrarium
1302 473 1349 512 ia?
1359 472 1545 526 firninw
1561 467 1712 509 Hispstlae·

127 548 214 574 rum
224 535 374 588 juisse,
397 546 467 572 nec
487 545 719 586 quemquam
747 532 875 571 virum
898 544 941 570 eo
962 529 1124 570 admitti
1143 530 1315 570 solitum.
1383 529 1483 570 Tres
1504 531 1548 571 in

126 605 236 631 anno
249 597 373 631 statos
389 591 474 630 dies
493 589 690 638 habuisse,
709 588 849 642 quibus
870 588 1052 628 interdiu
1072 587 1246 628 Bacchis
1267 587 1546 627 initiarentur.

127 648 360 690 Sacerdotes
378 646 413 670 ⁵²
426 648 469 688 in
491 647 608 688 vicem
629 652 837 687 matronas
857 645 993 685 creari
1011 645 1165 686 solitas.
1227 645 1441 685 Pacullam
1465 646 1549 684 An-

127 705 260 745 niamp
283 705 536 758 Campanam
563 705 806 745 sacerdotem
828 703 976 751 omnia,
1000 708 1206 756 tamquam
1227 700 1361 743 Deam
1381 703 1549 752 monitu,

127 763 356 804 inmutasse.
389 776 481 802 nam
504 768 542 803 et
562 762 670 803 viros
690 776 776 802 eam
797 761 975 814 primam
996 774 1086 800 suos
1097 760 1221 814 filios
1241 759 1441 809 initiasse,
1463 759 1552 800 Mi-

125 821 236 862 nium
257 828 296 861 et
319 819 572 860 Herennium
592 820 814 861 Cerrinios.
839 825 877 858 et
899 824 1132 858 nocturnum
1152 830 1307 858 sacrum
1323 831 1372 857 ex
1388 818 1550 867 diurno,
1580 839 1587 883 ί

127 884 166 919 et
177 892 261 932 pro
284 877 411 918 tribus
431 879 475 918 in
495 891 605 917 anno
625 877 763 917 diebus
783 877 927 930 quinos
953 876 1124 930 singulis
1149 874 1347 915 mensibus
1366 875 1451 915 dies
1472 875 1561 915 ini-·

126 937 273 977 tiorum
287 935 451 990 fecisse.
512 935 583 976 Ex
606 949 682 988 quo
712 936 754 974 in
779 934 1005 986 promiscuo
1034 947 1152 974 sacra
1183 933 1280 982 sint,
1301 938 1341 972 et
1352 876 1641 989 permixti?

127 994 213 1034 viri
215 993 405 1046 feminis,
422 999 461 1033 et
480 993 609 1033 noctis
629 992 796 1032 licentia
816 991 1040 1040 accesserit,
1058 990 1166 1030 nihil
1185 989 1245 1030 ibi
1247 989 1474 1043 facinoris,
1493 991 1552 1030 ni-

128 1051 191 1091 lzil
192 1051 367 1107 flagitii
382 1050 704 1102 pra’termissum.
725 1050 853 1102 plura
874 1049 1049 1089 virorum
1067 1048 1176 1087 inter
1191 1061 1284 1095 sese,
1303 1048 1553 1101 quamfemi-

129 1123 287 1156 narum,
310 1122 390 1148 esse
408 1114 562 1161 stupra.
622 1107 670 1148 Si
698 1107 770 1160 qui
794 1107 923 1146 minus
944 1105 1152 1158 patientes
1171 1105 1378 1145 dedecoris
1396 1106 1493 1155 sint,
1515 1111 1553 1145 et

120 1166 333 1220 pigriores
347 1166 404 1205 ad
405 1166 596 1220 facinus,
612 1178 688 1217 pro
703 1164 877 1204 victimis
893 1162 1105 1202 inmolari:
1137 1162 1246 1201 nihil
1259 1161 1377 1216 nefas
1396 1162 1550 1211 ducere,

130 1225 237 1264 lianc
262 1237 449 1263 summam
480 1223 589 1262 inter
617 1235 682 1261 eos
711 1221 946 1274 religionem
978 1233 1070 1260 esse.
1137 1219 1268 1267 Viros,
1291 1220 1396 1260 velut
1425 1226 1554 1260 mente

129 1287 266 1334 capta,
287 1294 371 1320 cum
385 1279 621 1334 jactatione
630 1279 834 1333 fanatica
855 1277 1036 1329 corporis
1066 1277 1290 1317 vaticinari
1296 1300 1312 1322 ,-
1345 1283 1553 1319 matronas

130 1338 383 1379 Baccharum
418 1337 560 1378 habitu·
591 1336 770 1377 crinibus
803 1335 980 1388 sparsisq
1010 1348 1095 1374 cum
1129 1334 1366 1375 ardentibus
1380 1334 1567 1388 facibus

131 1397 342 1436 decurrere
369 1396 426 1435 ad
451 1394 646 1444 Tiberim,
668 1394 935 1446 demissasque
956 1392 1000 1432 in
1022 1405 1167 1445 aquam
1175 1391 1299 1444 faces
1320 1393 1437 1445 (quia
1455 1391 1554 1433 ⁵³vi-

0 1489 1 1502 ἶ
129 1467 217 1495 vum
232 1453 401 1506 sulphur
414 1466 499 1492 cum
514 1453 621 1492 calce
641 1452 757 1505 insit)
782 1451 943 1504 integra
947 1449 1125 1506 flamma
1146 1449 1300 1504 effirre.
1352 1449 1514 1502 Raptos
1529 1465 1555 1489 a

131 1511 237 1552 Diis
257 1511 434 1551 homines
454 1510 549 1558 dici,
573 1522 670 1563 quos
690 1508 887 1548 machinae
907 1507 1102 1561 inligatos
1122 1521 1171 1546 ex
1189 1512 1398 1559 conspectu
1419 1508 1464 1547 in
1484 1507 1556 1547 ab-

0 1569 1 1610 i
130 1569 238 1609 ditos
257 1581 394 1621 specus
412 1566 642 1619 abripiant.
673 1580 738 1606 eos
759 1579 853 1614 esse,
875 1565 946 1618 qui
964 1570 1036 1605 aut
1065 1562 1290 1617 conjurare,
1313 1570 1385 1604 aut
1405 1565 1557 1605 sociari

0 1611 1 1647 ³
114 1625 396 1680 facinoribus,
417 1630 490 1665 aut
508 1630 687 1677 stuprum
703 1623 800 1676 pati
818 1622 1037 1663 noluerint.
1085 1621 1394 1662 Multitudinem
1415 1622 1555 1676 ingen-

0 1649 2 1748 i
132 1689 225 1733 tem,
246 1684 417 1724 alterum
427 1681 522 1736 jam
533 1695 667 1735 prope
688 1681 881 1734 populum
903 1694 999 1720 esse.-
1035 1679 1079 1719 in
1099 1679 1164 1719 lzis
1191 1678 1341 1719 nobiles
1367 1681 1556 1732 quosdam

132 1741 237 1782 viros
249 1740 526 1795 feminasque.
586 1739 767 1779 Biennio
789 1738 979 1791 proximo
1008 1737 1235 1776 institutum
1266 1750 1360 1786 esse,
1392 1750 1442 1776 ne
1468 1738 1557 1790 quis

0 1777 2 1853 f
135 1797 267 1852 major
295 1798 446 1852 viginti
474 1797 596 1837 annis
626 1796 877 1837 initiaretur.
909 1794 1074 1848 captari
1099 1799 1238 1835 oetates
1267 1800 1307 1834 et
1336 1795 1490 1835 erroris
1518 1800 1557 1835 et

133 1856 272 1908 stupri
285 1856 505 1908 patientes.

0 1909 2 1912 ’
194 1913 321 1953 XIV.
360 1913 536 1953 Peracto
574 1910 743 1960 indicio,
784 1909 986 1951 advoluta
1018 1924 1165 1950 rursus
1204 1907 1382 1965 genibus
1416 1924 1559 1965 preces

137 1969 318 2019 easdem,
348 1977 397 2010 ut
429 1984 471 2010 se
502 1967 729 2023 ablegaret,
760 1966 968 2023 repetivit.
1031 1965 1190 2007 Consul
1225 1973 1344 2021 rogat
1378 1981 1557 2015 socrum,

138 2034 186 2068 ut
219 2026 404 2082 aliquam
439 2033 601 2082 partem
640 2024 797 2065 aedium
836 2039 1011 2064 vacuam
1051 2022 1221 2073 faceret,
1258 2038 1344 2078 quo
1380 2023 1559 2077 Hispala

140 2083 394 2139 inmigraret.
427 2082 688 2123 coenaculum
718 2096 843 2137 super
873 2080 983 2121 aedes
1004 2079 1151 2120 datum
1179 2087 1256 2128 est,
1279 2078 1397 2119 scalis
1426 2079 1560 2120 feren-

140 2140 255 2181 tibus
275 2139 318 2180 in
346 2139 565 2196 publicum
594 2138 809 2195 obseratis,
831 2137 950 2179 aditu
971 2137 1014 2177 in
1035 2136 1145 2177 aedes
1175 2151 1305 2176 verso.
1366 2136 1453 2176 Res
1474 2152 1561 2177 om-

141 2212 214 2238 nes
248 2195 437 2238 Feceniae
473 2188 946 2251 extemffi'⁷'t1-anslutae,
982 2201 1023 2234 et
1063 2192 1222 2234 familia
1260 2192 1466 2234 arcessita.
1518 2202 1559 2235 et

141 2253 350 2296 AEbutius
381 2253 561 2309 migrare
592 2252 647 2293 ad
678 2251 857 2293 consulis
888 2251 1081 2292 clientem
1107 2251 1264 2306 jussuS.
1327 2251 1397 2291 Ita
1426 2265 1559 2305 quum
1616 2247 1621 2249 ⁸

140 2312 299 2353 indices
328 2311 452 2351 ambo
480 2310 524 2350 in
559 2318 765 2366 potestate
795 2316 944 2359 essent,
975 2323 1062 2349 rem
1093 2307 1147 2348 ad
1183 2315 1373 2348 senatum
1410 2308 1560 2347 Postu-

142 2369 252 2409 mius
281 2367 432 2417 defert,
463 2367 657 2408 omnibus
691 2365 836 2407 ordine
866 2364 1080 2420 expositis,
1112 2380 1209 2420 quae
1240 2363 1380 2404 delata
1408 2364 1560 2419 primo,

143 2440 240 2481 quae
274 2424 425 2465 deinde
459 2425 513 2465 ab
550 2439 591 2464 se
625 2422 826 2479 inquisita
859 2423 1008 2463 forent.
1070 2422 1217 2462 Patres
1251 2435 1382 2476 pavor
1416 2420 1561 2475 ingens

143 2480 269 2537 cepit,
291 2497 424 2537 quum
453 2481 625 2537 publico
653 2479 833 2530 nomine,
855 2494 906 2519 ne
927 2477 1033 2534 quid
1062 2493 1121 2518 eae
1145 2477 1452 2533 conjurationes
1482 2492 1560 2517 coe-

146 2546 300 2593 tusque
334 2538 527 2579 nocturni
566 2536 728 2578 fraudis
766 2536 941 2577 occultae
971 2543 1045 2576 aut
1077 2534 1252 2590 periculi
1285 2533 1560 2590 inportarent,

486 2621 502 2641 1’
518 2614 647 2644 Minium
664 2612 761 2644 Gron.
777 2611 869 2643 Crev.
1000 2612 1016 2637 q
1027 2611 1116 2650 passis
1131 2609 1219 2640 Eaed.

190 2677 230 2708 52
256 2676 295 2706 In
319 2676 423 2717 vicem]
469 2677 530 2708 Per
556 2675 656 2708 vices:
691 2676 725 2707 in
751 2675 831 2706 ordi·
876 2674 1017 2706 coctione
1052 2678 1189 2715 paratur.
1242 2673 1312 2703 Hoc
1341 2669 1501 2711 glebosum
1530 2675 1561 2700 et

150 2729 231 2750 nem·
876 2717 1009 2749 solidum
1034 2715 1187 2752 effoditur,
1212 2720 1244 2746 et
1271 2713 1445 2745 avidissime
1472 2712 1559 2742 flam-

192 2763 233 2792 53
261 2762 368 2791 Vivum
387 2761 525 2802 sulphur]
556 2763 671 2793 Vivum
694 2761 834 2803 sulphur,
878 2771 959 2791 mam
994 2759 1138 2801 concipit.
1190 2755 1385 2798 ²¹‘Reperitur
1418 2755 1560 2795 frequens

150 2803 252 2835 Plinio
274 2809 362 2839 teste,
380 2803 401 2834 Ι.
416 2804 555 2835 XXXV.
568 2815 596 2835 c.
613 2807 663 2836 15.
685 2810 732 2835 cst
753 2804 831 2834 illud
877 2804 915 2834 ad
932 2803 1052 2834 radices
1067 2801 1216 2832 montium
1233 2799 1466 2840 ignivomorum,
1482 2808 1557 2838 qua-

149 2846 233 2887 quod
255 2846 356 2887 ignem
382 2857 442 2877 non
465 2852 511 2877 est
531 2852 702 2889 expertum,
724 2848 832 2889 ἄπυρον
877 2847 913 2877 lis
929 2851 975 2877 est
993 2845 1147 2876 Vesuvius
1163 2844 1194 2872 in
1209 2840 1395 2883 Campania.
1441 2841 1559 2874 †'1'urn‚

153 2889 272 2921 Graccis
288 2894 440 2921 vocatum.
487 2889 571 2920 Nam
586 2890 706 2931 reliqua
720 2900 832 2931 genera
877 2890 898 2920 l.
916 2890 943 2920 1,
961 2888 1093 2920 Advers.
1108 2898 1135 2918 c.
1151 2886 1203 2916 29.
