1947 3222
227 220 323 254 ,57.

356 100 428 141 162
890 97 1038 138 T1T1
1085 96 1263 137 LIVII

355 223 460 261 nem,
475 210 577 251 duas
595 207 843 250 clarissimas
862 207 991 259 urbes,
1007 208 1161 250 lumina
1182 207 1382 262 quondam
1405 206 1597 258 Grcecia’‚
1619 206 1689 248 sub
1702 221 1779 261 pe-

315 285 324 294 ·
357 267 474 309 dibus
492 267 574 308 tuis
591 266 880 321 relinquemus;
912 265 1026 320 ⁹quoe
1053 266 1214 306 titulum
1243 265 1355 306 nobis
1383 265 1570 306 liberatae
1601 264 1780 305 Groeciae

359 324 577 366 servientes
607 323 856 378 deforment?
899 323 963 364 At
994 322 1096 363 enim
1124 336 1212 363 cum
1241 323 1443 376 Philippo
1472 322 1624 377 Argivi
1651 335 1781 363 sense-

360 387 471 424 runt.
530 381 788 422 Remittimus
808 380 879 420 hoc
898 379 988 426 tibi,
1010 393 1060 420 ne
1080 385 1254 420 nostram
1275 380 1394 421 vicem
1417 380 1626 421 irascaris.
1671 379 1784 420 Satis

359 445 600 492 compertum
621 437 819 486 habemus,
843 437 1020 484 duorum,
1043 443 1113 476 aut
1132 451 1320 477 summum
1348 438 1467 478 trium
1489 437 1534 478 in
1555 451 1602 476 ea
1624 451 1682 486 re,
1703 449 1782 476 non

363 497 559 546 civitatis,
580 496 738 548 culpam
759 508 859 535 esse.-
890 499 988 542 tam,
1012 493 1181 544 Hercle,
1203 492 1359 548 1⁰quam
1379 494 1422 534 in
1451 500 1491 535 te
1510 501 1654 547 tuoque
1675 507 1786 546 prce-

365 554 473 595 sidio
493 553 726 593 arcessendo
746 550 1054 604 accipiendoque
1072 551 1115 591 in
1131 565 1261 592 arcem
1282 551 1389 592 nibil
1407 552 1461 592 sit
1476 551 1639 605 publico
1659 550 1787 591 consi-

366 612 425 652 lio
453 617 595 651 actum.
663 608 885 656 Thessalos,
909 614 947 648 et
976 608 1211 657 Phocenses,
1238 615 1277 649 et
1306 608 1539 659 Locrenses,
1562 608 1788 649 ¹¹consensu

368 669 539 709 omnium
570 666 713 707 scimus
733 665 919 718 partium
951 665 1143 718 Philippi
1154 665 1306 719 fuisse.
1338 664 1510 706 1²tamen
1539 680 1656 720 quum
1686 671 1789 705 cete-

368 739 456 766 ram
472 723 774 765 liberaverimus
793 721 1010 772 Giwciam,
1028 723 1129 776 quid
1142 723 1302 763 tandem
1323 737 1453 764 censes
1468 724 1510 764 in
1527 723 1704 777 Argivis,
1723 722 1792 776 qui

370 784 547 824 insontes
567 780 729 834 publici
755 780 919 820 consilii
946 781 1043 829 sint,
1052 779 1270 830 facturos?
1302 779 1512 821 Servorum
1542 782 1599 821 ad
1625 780 1793 820 liberta-

369 846 446 881 tem
467 844 707 887 vocatorum,
731 843 770 878 et
789 836 998 892 egentibus
1023 836 1248 877 hominibus
1267 837 1361 891 agri
1379 837 1500 878 divisi
1525 838 1698 878 crimina
1716 836 1796 877 tibi

370 895 492 951 objici
511 895 681 936 dicebas.
711 908 792 935 non
817 895 973 948 quidem
1005 907 1076 934 nec
1105 894 1197 947 ipsa
1225 894 1467 935 mediocria:
1495 895 1567 935 sed
1584 895 1685 948 quid
1713 895 1794 935 ista

371 959 464 996 sunt
475 966 570 1007 prce
590 953 656 1002 iis,
673 965 764 1006 quce
783 966 809 991 a
830 958 869 992 te
889 951 1046 1005 tuisque
1065 951 1246 1005 quotidie
1260 952 1349 992 alia
1364 965 1484 1004 super
1499 952 1586 992 alia
1589 952 1794 1006 facinora

372 1012 575 1053 eduntur?
608 1009 771 1051 Exhibe
799 1009 968 1050 liberam
997 1009 1220 1049 concionem
1252 1009 1314 1050 vel
1342 1008 1485 1063 Argis,
1508 1009 1570 1050 vel
1598 1009 1796 1050 Laceda-

373 1068 547 1120 mone‚si
558 1068 705 1108 audire
704 1065 831 1121 juvat
846 1081 941 1107 vera
955 1066 1247 1107 dominationis
1263 1066 1596 1120 inpotentissimae
1607 1067 1796 1107 crimina.

383 1126 439 1169 Ut
452 1125 588 1167 omnia
603 1125 692 1165 alia
705 1125 924 1165 vetustiora
942 1124 1137 1172 omittam,
1151 1137 1271 1177 quam
1286 1124 1429 1164 coedem
1443 1123 1572 1178 Argis
1587 1123 1797 1180 Pythago-

375 1197 448 1225 ras
459 1184 535 1225 iste
541 1196 669 1237 gener
680 1187 770 1222 tuus
780 1195 882 1233 pene
895 1181 939 1221 in
954 1181 1078 1222 oculis
1089 1181 1188 1222 meis
1199 1181 1360 1222 edidit?
1378 1195 1495 1235 quam
1511 1186 1555 1222 tu
1568 1181 1666 1235 ipse,
1680 1195 1798 1235 quum

361 1240 458 1295 jam
481 1253 614 1294 prope
640 1239 683 1280 in
697 1238 858 1292 finibus
885 1238 1279 1279 Lacedaemomorum
1307 1242 1455 1279 essem?
1486 1240 1680 1293 Agedum,
1695 1252 1800 1304 quos

378 1299 422 1340 in
442 1297 630 1339 concione
647 1295 958 1349 comprehensos,
980 1295 1159 1337 omnibus
1188 1295 1444 1337 audientibus
1463 1296 1613 1337 civibus
1639 1296 1732 1345 tuis,
1755 1295 1799 1334 in

352 1374 357 1378 ⁴
377 1356 562 1398 custodia
581 1360 621 1395 te
635 1353 866 1394 habiturum
881 1367 963 1394 esse
976 1353 1273 1418 pronunciasti,
1283 1351 1385 1406 jube
1399 1353 1553 1395 vinctos
1567 1353 1742 1407 pioducz'
1755 1360 1800 1395 ut

376 1413 517 1455 miseri
537 1417 746 1466 parentes,
768 1425 864 1465 quos
875 1410 996 1465 falso
1015 1411 1167 1465 lugent,
1188 1411 1318 1451 vivere
1336 1411 1482 1451 sciant.
1542 1411 1602 1452 At
1621 1408 1800 1461 13εῑφιίπιῐ,

377 1476 423 1511 ut
436 1468 532 1524 Jam
551 1470 614 1510 ita
633 1469 717 1510 sint
743 1467 842 1519 haec,
861 1468 962 1521 quid
988 1468 1046 1508 ad
1073 1481 1153 1518 vos,
1173 1467 1382 1508 Romani?
1414 1467 1511 1508 Hoc
1536 1474 1580 1508 tu
1607 1468 1720 1508 dicas
1749 1468 1801 1508 li-

378 1526 610 1569 berantibus
642 1524 879 1567 Graeciam?
909 1524 982 1565 hoc
1011 1525 1077 1573 iis,
1105 1524 1189 1578 qui,
1211 1530 1256 1565 ut
1284 1525 1462 1565 liberare
1482 1531 1660 1578 possent,
1691 1538 1804 1565 mare

378 1584 639 1639 trajecerunt,
670 1589 784 1624 terra
813 1582 996 1636 marique
1017 1587 1230 1637 gesserunt
1257 1581 1429 1623 bellum?
1466 1582 1545 1624 Vos
1570 1588 1716 1631 tamen,
1739 1583 1803 1623 in-

380 1643 484 1697 quis,
505 1647 753 1694 vestramque
773 1639 995 1680 amicitiam
1016 1653 1065 1679 ac
1084 1639 1310 1680 societatem
1333 1640 1507 1693 proprie
1535 1653 1616 1680 non
1636 1639 1803 1682 violavi.

387 1699 553 1748 Quoties
583 1699 644 1739 vis
674 1704 714 1738 te
749 1697 794 1737 id
823 1710 993 1751 arguam
1007 1697 1194 1749 fecisse?
1239 1697 1320 1738 Sed
1346 1698 1440 1737 nolo
1460 1697 1670 1751 pluribus.-
1698 1711 1802 1739 sum-

380 1770 485 1798 mam
515 1769 597 1797 rem
626 1755 878 1808 complectar.
938 1752 1134 1802 “Quibus
1155 1753 1285 1808 igitur
1313 1753 1429 1796 rebus
1457 1755 1642 1795 amicitia
1673 1756 1804 1796 viola-

939 1873 953 1898 t
968 1877 1056 1908 Enim
1073 1876 1170 1909 Grou.
1185 1878 1276 1909 Crev-

426 1995 564 2031 9·inoe
599 1993 737 2042 titulum]
790 1993 870 2031 Quae
906 1991 1072 2024 servientes

385 2038 558 2070 deforment
583 2036 712 2079 gloriam
741 2046 836 2078 quam
859 2035 947 2067 nobis
974 2046 1012 2068 ex
1035 2036 1071 2067 li-

384 2082 492 2113 berata
505 2080 628 2113 Graecia
643 2080 815 2115 tribuimus,

432 2125 470 2156 10
494 2125 589 2160 Quam
605 2146 614 2155 .
630 2146 639 2154 .
654 2145 663 2154 .
677 2145 686 2153 .
701 2123 776 2153 nihil
798 2122 850 2163 sit]
876 2121 982 2164 Magis
1004 2122 1071 2164 pla-

385 2173 478 2204 ceret,
504 2179 591 2208 quiam
621 2166 697 2197 nihil
723 2177 788 2201 esse,
815 2171 849 2196 ut
877 2165 994 2196 habent
1021 2176 1072 2197 ve·

386 2210 528 2242 iustiores
541 2209 627 2245 editi,
643 2214 719 2240 teste
737 2208 902 2241 Gronovio.

431 2253 657 2284 ll*Consensu
713 2252 858 2293 omnium]
925 2251 1074 2283 Unanimi

386 2306 511 2327 suarum
556 2295 716 2327 civitatum
762 2305 933 2332 consensu3
989 2294 1076 2325 nullo

385 2338 590 2381 discrepante.
633 2337 707 2369 vid.
737 2343 801 2369 not.
830 2339 883 2370 29.
921 2337 960 2368 ad
989 2348 1016 2369 c.
1044 2338 1075 2369 5.

384 2392 489 2424 supra.

435 2426 471 2455 12
497 2425 615 2461 Tamen,
645 2435 736 2465 quum
764 2423 902 2465 ceteram]
946 2423 979 2454 Si
1007 2423 1077 2465 quis

386 2466 453 2498 haec
489 2474 607 2500 attente
644 2467 763 2509 legerit,
802 2467 892 2498 facile
931 2472 1077 2507 agnoscet

385 2519 447 2542 non
476 2509 525 2542 hie
555 2493 762 2552 argumeentari
793 2509 957 2547 Quintium
987 2520 1006 2541 a
1034 2510 1071 2540 li-

385 2553 504 2585 bertate
525 2554 580 2586 toti
607 2553 739 2585 Graeciae
764 2552 896 2589 reddita,
922 2551 978 2584 sed
1003 2558 1073 2584 tan-

385 2596 543 2629 tummodo
588 2606 607 2627 a
650 2594 788 2627 liberatis
831 2595 999 2643 Thessalis,
1043 2601 1075 2627 et

386 2640 609 2676 Phocensibus,
632 2644 665 2670 et
687 2638 903 2674 Locrensibus,
926 2637 978 2679 qui
1002 2648 1074 2669 con-

385 2682 520 2725 spirante
564 2682 724 2714 civitatum
761 2691 885 2712 suarum
923 2691 1074 2712 consensu

385 2735 456 2757 cum
487 2725 632 2769 Philippo
659 2729 829 2756 senserant.
888 2725 1000 2764 Itaque
1028 2724 1073 2755 vi-

385 2768 475 2800 detur
506 2769 672 2809 legendum
700 2778 778 2801 esse,
809 2767 909 2801 Quum
936 2779 957 2797 ι
960 2778 979 2797 ›s
1006 2778 1073 2797 cnm

385 2819 479 2843 celera
531 2813 745 2843 Iil›er·11ve1imns
800 2811 930 2840 Gra-cim
1001 2810 1070 2839 l⁴o-r

387 2864 441 2885 san
467 2855 651 2886 delicatulus
679 2853 806 2894 alicujus
832 2862 918 2883 aures
945 2851 1068 2882 ιι)ἢ“εη1ἰῐ

1115 1993 1282 2035 geminatio
1309 1993 1470 2037 particulae
1498 2004 1576 2029 cum,
1606 1995 1659 2035 qui
1688 1994 1800 2027 deinde

1116 2037 1203 2068 nobis
1227 2037 1308 2069 hanc
1330 2048 1399 2086 quae
1425 2037 1518 2078 vulgo
1540 2031 1674 2069 habetur
1697 2038 1804 2070 lectio-

1116 2090 1186 2111 nem
1212 2079 1373 2112 invexerit.
1428 2080 1489 2111 Sed
1519 2080 1627 2111 Livius
1652 2080 1803 2113 minutam

1116 2123 1220 2154 hanc
1213 2134 1245 2154 in
1258 2123 1456 2155 dimetiendis
1469 2123 1597 2166 syliabis
1611 2124 1804 2164 diligentiam

1116 2166 1298 2208 plerumque
1324 2166 1519 2208 dedignatur.
1564 2167 1596 2197 Si
1623 2167 1673 2198 cui
1699 2174 1805 2199 tamen

1118 2209 1184 2240 haec
1210 2210 1341 2241 mutatio
1364 2210 1510 2241 audacior
1535 2209 1686 2245 videatur,
1709 2211 1803 2251 legat,

1119 2252 1274 2294 quomodo
1299 2253 1444 2285 Andreas
1469 2252 1582 2284 edidit:
1618 2259 1714 2283 tamen
1738 2264 1805 2283 cum

1118 2302 1211 2326 cetera
1228 2296 1366 2338 (supple,
1385 2296 1455 2336 eos)
1471 2297 1654 2326 liberavimus
1678 2296 1807 2327 Groecia.

1121 2339 1201 2374 Quid
1216 2342 1330 2370 tandem
1344 2350 1446 2370 censes.

1167 2382 1202 2413 13
1227 2383 1327 2418 Enim,
1342 2384 1457 2421 utjam
1481 2383 1523 2412 ita
1544 2383 1601 2412 sint
1624 2381 1700 2422 hoec]
1732 2381 1806 2413 Vid.

1121 2429 1185 2456 not.
1201 2425 1276 2456 adl.
1293 2425 1425 2456 XXIII.
1439 2434 1465 2455 c.
1479 2425 1530 2455 45.

1168 2468 1204 2497 14
1229 2467 1341 2502 Quibus
1363 2470 1458 2508 igitur
1482 2468 1565 2498 'rebus
1591 2468 1721 2498 anzir-itia
1747 2469 1805 2498 vio-

1117 2509 1218 2540 latur?
1271 2510 1380 2550 Nempe
1423 2511 1466 2540 his
1509 2511 1622 2541 duabus
1666 2511 1803 2552 maxime]

1118 2552 1180 2583 Hic
1203 2563 1325 2595 quoque
1347 2553 1505 2595 paruimus
1521 2553 1602 2584 Vict.
1627 2553 1736 2589 codici,
1752 2564 1804 2585 ve-

1118 2595 1269 2636 tustisque
1296 2595 1404 2632 editis;
1440 2607 1458 2627 a
1479 2595 1592 2636 quibus
1620 2595 1704 2626 haud
1732 2596 1806 2627 satis

1119 2637 1258 2669 videmus
1289 2649 1343 2670 cur
1378 2638 1561 2670 dissentiant
1597 2639 1803 2670 Gronovianae

1117 2680 1277 2718 editiones,
1301 2691 1370 2723 quae
1395 2681 1488 2724 paulo
1512 2682 1716 2714 obscuriorem
1743 2681 1805 2712 lec-

1117 2724 1231 2755 tionem
1289 2725 1473 2766 praeferunt:
1541 2726 1654 2760 Quibus
1710 2726 1805 2767 igitur

1115 2769 1245 2798 amicicia
1282 2769 1430 2799 violatur?
1476 2768 1584 2808 Nempe
1617 2770 1660 2799 his
1693 2767 1805 2799 duabus

1118 2812 1198 2841 rebus
1212 2812 1342 2841 mraxime.
