1947 3222
559 80 682 118 Lm.
711 78 879 117 xxxv.
925 80 1060 117 CAP.
1092 81 1166 119 111.
1494 89 1560 129 191
1607 58 1610 60 ’

224 187 286 228 H.
310 187 507 229 Nondum
524 187 576 229 ab
597 188 733 228 Roma
747 186 959 243 profectus
975 195 1061 228 erat
1085 189 1132 227 C.
1149 188 1378 232 Flaminius
1396 200 1562 247 praetor,
1579 203 1619 235 U.
1634 204 1668 233 c.
1682 205 1753 235 559.

164 259 297 300 quum
328 245 417 286 haec
451 245 493 285 in
528 243 732 299 Hispania
762 243 1025 299 gerebantur.
1070 243 1212 299 itaque
1249 254 1331 287 tam
1365 247 1615 301 adversae,¹³,·
1631 246 1668 277 C.
1686 247 1755 292 193.

165 316 291 357 quam
313 300 502 343 secundae
527 316 591 341 res
611 315 684 355 per
705 301 841 356 ipsum
863 300 1097 355 amicosque
1127 301 1216 356 ejus
1237 304 1396 356 magnis
1418 320 1565 346 sermo-
1577 290 1752 362 ἓέἓζωῗξ,

164 358 288 399 nibus
308 357 644 399 celebrabantur:
678 366 718 398 et
746 365 991 406 tentaverat,
1013 356 1207 412 quoniam
1239 358 1391 399 bellum
1424 342 1724 416 i11gensmem<¹>³¹i³n

166 413 207 454 in
242 413 452 469 provincia
485 414 717 463 exarsisset,
753 422 793 454 et
833 414 1005 468 exiguas
1040 413 1234 469 reliquias
1270 415 1474 456 exercitus
1514 419 1565 459 ab
1580 417 1775 459 Hispaniam.

167 472 260 511 Sex.
284 470 458 526 Digitio,
480 479 607 525 atque
637 486 703 510 eas
730 470 839 525 ipsas
869 470 1010 525 plenas
1037 470 1200 525 pavoris
1220 486 1266 511 ac
1287 471 1400 526 fugae
1428 488 1567 528 accep-

165 535 286 569 turus
320 535 440 576 esset,
473 537 522 568 ut
554 542 679 567 unam
716 527 792 567 sibi
828 542 879 567 ex
914 526 1081 567 urbanis
1113 526 1344 583 legionibus
1377 528 1568 570 decerne-

164 591 278 624 rent:
311 582 363 623 ad
386 599 511 639 quam
534 599 665 639 quum
693 583 863 624 militem
893 584 945 624 ab
970 599 1011 623 se
1042 583 1130 639 ipso
1161 583 1361 640 scriptun]
1384 600 1434 625 ex
1457 601 1568 626 sena-

164 640 422 681 tusconsulto
451 640 683 697 adjecisset,
704 640 872 695 eligeret
903 656 953 680 ex
984 640 1094 680 omni
1124 655 1297 681 numero
1328 641 1419 682 sexb
1440 642 1569 683 millia

163 703 204 737 et
234 696 484 752 quingentos
510 697 685 753 pedites,
711 706 751 738 et
782 696 942 752 equites
974 705 1188 738 trecentos.
1248 699 1317 738 Ea
1347 713 1386 739 se
1414 699 1570 753 legione

164 751 275 804 (nam
299 755 340 793 in
362 754 451 795 Sex.
469 755 631 808 Digitii
651 755 826 794 eaeercitn
846 755 956 793 haud
975 755 1133 793 mullum
1153 755 1240 806 spei
1261 756 1356 807 esse)
1378 770 1460 795 rem
1479 770 1568 810 ges-

162 816 303 850 turum.
367 812 554 852 Seniores
584 826 748 867 negare,
778 811 847 851 Ad
873 825 1059 852 rumores.
1093 826 1116 850 a
1146 812 1321 863 privatis
1350 819 1496 853 temere
1525 814 1568 854 in

157 869 339 921 gratiam
360 869 659 922 magistratuum
682 869 878 922 confictos,
900 870 1237 908 senatusconsulla
1251 869 1455 922 facienda
1477 884 1567 910 esse.

160 925 244 965 nisi
263 926 369 978 quod
386 932 457 966 aut
470 931 667 978 praetores
687 940 734 964 ex
759 925 983 977 provinciis
1010 924 1240 973 scriberent,
1261 933 1333 965 ant
1359 928 1490 980 legati
1509 942 1570 967 re-

160 983 414 1032 nunciarent,
436 983 543 1022 nihil
559 988 690 1022 ratum
711 981 852 1021 haberi
867 981 1017 1020 debere.
1078 982 1125 1021 Si
1143 983 1330 1022 lmnnltus
1345 983 1385 1022 in
1408 984 1569 1036 Hispa-

162 1040 234 1079 nia
256 1046 365 1089 esset,
380 1040 557 1092 placere,
580 1039 860 1078 tumultuarios
881 1039 1026 1078 milites
1056 1045 1173 1077 extra
1201 1039 1370 1079 Italiam
1400 1041 1524 1080 scribi
1542 1056 1569 1080 a

153 1102 347 1149 praetore.
408 1096 531 1136 Mens
554 1111 600 1135 ea
631 1103 797 1135 senatus
826 1094 922 1144 fuit,
946 1103 992 1136 ut
1013 1093 1054 1133 in
1077 1095 1284 1150 Hispania
1304 1096 1567 1138 tumultuarii

162 1152 312 1194 milites
341 1152 587 1207 legerentur.
650 1151 837 1192 Valerius
859 1152 1010 1192 Antias
1040 1159 1080 1192 et
1112 1151 1151 1191 in
1177 1151 1354 1192 Siciliam
1380 1154 1568 1208 navigas-

162 1224 204 1250 se
234 1209 418 1249 delectus
442 1224 586 1249 caussa
608 1210 654 1249 C.
679 1207 930 1248 Flaminium
962 1207 1126 1249 scribit:
1160 1216 1200 1249 et
1231 1224 1280 1249 ex
1311 1209 1449 1250 Sicilia
1471 1210 1568 1251 His-

160 1265 325 1321 paniam
360 1273 584 1321 petentem,
621 1273 867 1321 tempestate
901 1264 942 1304 in
978 1264 1164 1305 African]
1205 1265 1405 1315 delatum,
1441 1282 1567 1322 vagos

158 1321 311 1365 milites
351 1322 402 1362 de
442 1323 628 1363 exercitu
669 1322 716 1362 P.
754 1321 943 1362 Africani
980 1330 1233 1363 sacramento
1268 1337 1456 1377 rogasse:
1504 1324 1567 1364 his

160 1378 339 1420 duarum
369 1379 677 1435 provinciarum
707 1378 937 1419 delectibus
968 1378 1135 1419 tertium
1159 1379 1201 1419 in
1234 1378 1438 1435 Hispania
1457 1380 1569 1436 adje-

161 1436 275 1477 cisse.

220 1493 310 1533 III.
343 1493 430 1533 Nec
464 1492 506 1532 in
546 1492 670 1533 Italia
704 1491 869 1547 segnius
905 1491 1115 1546 Ligurum
1150 1492 1305 1532 bellum
1346 1493 1646 1537 crescebat.Res
1663 1508 1755 1549 Ligu-

164 1549 280 1589 Pisas
305 1550 391 1605 jam
423 1548 702 1603 quadraginta
724 1547 868 1588 milliac
889 1547 1117 1597 hominum,
1139 1548 1350 1590 adfluente
1380 1549 1566 1604 quotidie
1580 1550 1642 1580 riae.

158 1605 432 1648 ‚multitudine
466 1604 519 1645 ad
554 1605 705 1645 famam
736 1604 832 1644 belli
869 1619 1068 1660 spemque
1097 1605 1265 1660 praedae,
1298 1606 1568 1647 circumsede-

162 1662 275 1703 bant.
336 1661 551 1702 Minucius
581 1661 723 1702 consul
754 1660 971 1701 Arretium
1001 1660 1102 1710 ⁴die,
1139 1676 1263 1717 quem
1295 1661 1480 1703 dixerat‘*
1514 1663 1568 1704 ad

162 1718 488 1759 conveniendum
524 1717 741 1767 militibus,
777 1717 902 1758 venit.
948 1716 1044 1758 inde
1078 1717 1283 1773 quadrato
1315 1719 1478 1773 agmine
1513 1720 1567 1760 ad

163 1775 280 1816 Pisas
311 1775 460 1822 duxit;
505 1783 560 1824 et,
597 1790 730 1830 quum
764 1774 902 1815 hostes
933 1774 1046 1814 mille
1077 1789 1276 1829 passuum
1308 1775 1360 1816 ab
1392 1776 1568 1831 oppidoe

160 1841 274 1873 trans
303 1831 480 1873 fluvium
509 1832 732 1872 movissent
761 1839 908 1879 castra,
939 1830 1082 1871 consul
1112 1831 1273 1881 urbem,
1295 1831 1410 1873 haud
1440 1833 1567 1874 dubie

161 1898 364 1930 servatam
396 1888 579 1929 adventu
613 1904 702 1938 suo,
735 1896 795 1928 est
827 1888 1048 1943 ingressus.
1110 1888 1283 1929 Postero
1313 1888 1381 1929 die
1410 1897 1449 1930 et
1480 1889 1567 1946 ipse
1581 1902 1713 1934 Minucii

161 1953 274 1987 trans
303 1945 479 1986 fiuvium
510 1945 596 1985 fere
623 1944 872 2000 quingentos
902 1943 1066 2000 passusf
1088 1944 1140 1984 ab
1167 1945 1285 1986 hoste
1314 1945 1454 2001 posuit
1484 1962 1568 1987 cas-
1582 1946 1758 1994 Cps.resin

161 2011 238 2043 tra.
269 2001 366 2043 inde
395 2001 556 2043 levibus
586 2001 742 2057 proeliis
766 2017 790 2041 a
816 2000 1156 2056 populationibus
1186 2017 1333 2056 agrum
1365 2002 1567 2044 sociorum
1582 1989 1705 2061 ngpapa

162 2059 394 2100 tutabatur.
425 2058 467 2098 in
498 2058 625 2098 aciem
652 2057 764 2099 exire
790 2072 871 2098 non
902 2057 1098 2106 audebat,
1131 2073 1240 2098 novo
1269 2058 1414 2108 milite,
1445 2067 1486 2100 et
1516 2042 1600 2101 exg
1677 2053 1685 2061 ⁸

160 2115 304 2156 multis
323 2115 544 2171 generibus
573 2115 787 2155 hominum
815 2113 1013 2163 conlecto,
1034 2113 1232 2154 ⁵necdum
1261 2123 1359 2155 noto
1381 2115 1478 2156 satis
1507 2116 1569 2156 in-

162 2180 225 2212 ter
245 2187 301 2222 se,
318 2181 366 2213 ut
386 2171 513 2212 fidere
529 2171 599 2212 alii
620 2171 709 2228 aliis
724 2179 904 2227 possent.
937 2170 1117 2226 Ligures
1132 2171 1402 2212 multitudine
1414 2172 1510 2213 freti
1526 2181 1567 2213 et

159 2228 202 2269 in
224 2228 349 2270 aciem
372 2228 555 2278 exibant,
576 2228 710 2284 parati
731 2228 782 2268 de
813 2241 973 2268 summa
992 2242 1130 2268 rerum
1161 2227 1400 2269 decernere:
1433 2237 1474 2270 et
1495 2230 1567 2270 ab·

162 2285 365 2327 undantes
394 2285 572 2326 militum
600 2300 773 2325 numero
802 2284 952 2340 passim
974 2283 1127 2325 multas
1157 2300 1302 2325 manus
1329 2300 1403 2340 per
1433 2294 1568 2327 extre·

164 2357 230 2382 ma
250 2343 396 2383 finium
417 2341 469 2383 ad
499 2340 773 2397 praedandum
803 2340 1072 2382 emittebant:
1106 2350 1161 2391 et,
1184 2356 1315 2396 quum
1338 2350 1479 2383 coacta
1508 2343 1567 2382 vis

209 2439 224 2463 b
237 2451 282 2471 ser
295 2440 316 2471 l.
331 2443 390 2471 tria
406 2441 503 2471 Gron.
521 2441 611 2472 Crev.
675 2443 688 2460 Ε
705 2440 830 2469 millibus
845 2439 935 2469 (trev.
1004 2439 1019 2462 d
1036 2440 1163 2469 adherat
1180 2439 1276 2469 Gron.
1295 2442 1384 2470 Crev.
1451 2443 1466 2460 e
1482 2441 1569 2470 hostes

165 2493 222 2512 ησπ
234 2485 299 2522 plus
310 2495 446 2524 passuum
464 2485 556 2514 tribus
569 2484 697 2513 millibus
711 2484 745 2513 ab
759 2483 859 2522 oppido
875 2481 962 2512 Eaed.
1047 2477 1164 2522 fferme
1178 2483 1256 2512 mille
1267 2493 1364 2521 passus
1380 2482 1469 2513 Eaed.

210 2587 229 2616 4
254 2587 310 2618 Die
323 2600 405 2629 quem
425 2590 568 2630 edixerat]
598 2587 728 2619 Plurimi
750 2587 845 2629 scrip·
889 2588 987 2629 magis
1012 2586 1125 2618 Latina
1150 2586 1240 2616 lectio
1263 2586 1393 2617 videtur.
1438 2585 1570 2615 Necdum

168 2629 343 2665 ti‚di1erat:
365 2631 448 2672 quod
463 2632 560 2673 magis
582 2632 693 2673 placet.
889 2637 954 2660 noto
982 2632 1059 2665 satis,
1088 2629 1121 2660 id
1148 2634 1204 2665 est,
1233 2639 1342 2671 parum
1371 2628 1471 2659 adhuc
1499 2634 1570 2658 noto

208 2673 228 2702 5
253 2671 383 2703 Necdum
408 2680 472 2704 noto
500 2676 570 2705 satis
592 2676 670 2704 inter
691 2684 729 2708 se,
752 2672 844 2712 ulfi·
889 2675 966 2703 inter
988 2685 1026 2711 se,
1049 2673 1092 2704 ita
1114 2678 1147 2703 ul
1171 2674 1217 2702 vix
1230 2672 1327 2713 fidere
1348 2672 1401 2701 alii
1422 2671 1489 2701 aliis
1506 2681 1569 2710 pos-

166 2716 232 2744 dere
252 2715 305 2745 alii
329 2717 394 2746 aliis
416 2717 540 2757 possent]
571 2716 656 2748 Editi
682 2720 752 2746 ante
780 2715 843 2746 Ge·
888 2723 958 2747 sent.

164 2756 289 2791 lenium,
317 2765 350 2788 ut
380 2759 426 2788 υὶτ
440 2759 553 2798 fidere:
589 2770 660 2800 quae
690 2756 785 2789 verior
814 2764 843 2787 et
