1947 3222
356 145 428 181 152
531 138 680 179 T1T1
709 137 905 186 111V11¹
930 138 1054 176 Lm.
1083 111 1287 177 xXxm.
1324 138 1456 176 cAP.
1484 138 1632 177 xmx.

357 251 505 293 scisset.
563 248 669 290 ¹⁶Ne
700 249 765 290 his
798 248 937 289 debere
966 248 1116 301 inpune
1143 261 1236 297 esse,
1271 248 1308 289 si
1340 246 1373 275 ¹⁷
1383 247 1619 302 satisfacere
1651 248 1763 289 Kar-

358 307 631 363 thaginienses
642 307 796 360 populo
811 306 998 346 Romano
1017 305 1174 351 vellent,
1191 304 1298 345 nihil
1316 319 1446 345 eorum
1462 318 1534 344 sua
1549 305 1762 353 voluntate,

359 379 430 406 nec
449 363 613 418 publico
632 363 799 404 consilio
811 362 975 416 factum
1005 375 1095 401 esse.
1157 361 1523 417 Karthaginienses
1543 361 1764 418 responde-

358 427 473 471 runt,
501 419 706 476 quicquid
736 432 906 474 aequum
939 418 1192 458 censuissent
1223 418 1418 468 Romani,
1448 417 1632 459 facturos
1661 433 1760 459 esse.

363 476 579 518 Hannibal
608 491 705 532 pros
736 490 806 516 ero
835 488 959 514 cursu
986 474 1152 528 Tyrum
1182 475 1392 529 pervenit:
1426 483 1709 530 exceptusque
1738 489 1764 514 a

361 533 644 575 conditoribus
673 490 956 586 Kizirthaginiffi
977 538 1026 571 ut
1047 529 1127 570 alia
1155 530 1304 586 patria,
1326 530 1389 571 vir
1410 539 1494 573 tam
1523 530 1657 572 clarus
1676 546 1764 571 om-

360 590 402 631 ni
421 604 570 646 genere
599 589 819 636 honorum,
839 601 994 642 paucos
1013 594 1197 628 moratus
1226 586 1328 636 dies,
1350 587 1618 629 Antiochiam
1648 587 1762 628 navi-

358 654 444 701 gat.
476 646 532 686 ibi
553 644 787 700 profectum
805 643 894 698 jam
914 657 1053 698 regem
1083 657 1215 698 quum
1236 642 1433 694 audisset,
1454 643 1650 685 ⁴⁸filium¹¹
1671 645 1761 699 ejus

361 703 554 744 sollemne
588 700 784 741 ludorum
811 699 844 725 4⁹
856 699 910 740 ad
940 699 1148 755 Daphnen
1177 698 1450 741 celebrantem
1480 698 1758 742 convenisset:

360 759 530 799 comiter
565 757 619 798 ab
657 772 706 798 eo
744 764 958 812 exceptus,
993 755 1150 796 nullam
1189 770 1345 796 moram
1384 757 1479 797 navi
1511 756 1607 797 andi
1646 757 1759 799 fecit.

150 825 294 857 Pervenit
361 814 519 870 Ephesi
558 828 697 869 regem
732 821 794 854 est
828 820 1086 862 consecutus,
1121 811 1394 853 fluctuantem
1433 813 1486 853 ad
1518 829 1570 854 uc
1609 813 1760 863 animo,

150 867 190 898 ad
205 868 315 899 Antio·
359 872 649 926 incertumque
678 869 730 911 de
759 870 948 910 Romano
977 868 1101 918 bello,
1130 867 1202 908 sed
1230 867 1345 909 haud
1374 883 1550 923 parvum
1580 884 1761 911 momen-

147 910 250 944 chum.
361 935 452 969 tum
481 927 618 968 animo
648 927 737 983 ejus
767 925 821 967 ad
849 924 1101 966 moliendum
1137 924 1341 966 adventus
1372 925 1620 966 Hannibalis
1648 926 1758 968 fecit.

361 983 600 1026 AEtolorum
621 998 791 1039 quoque
811 982 956 1023 eodem
986 989 1170 1036 tempore
1199 981 1365 1022 alienati
1386 982 1439 1022 ab
1461 981 1653 1023 societate
1675 983 1760 1023 Ro-

359 1055 482 1081 mana
507 1039 632 1080 animi
656 1047 776 1080 sunt:
808 1038 1043 1094 ⁵⁰quorum¹
1068 1038 1227 1094 legatos
1258 1037 1504 1079 Pharsalum
1532 1046 1572 1080 et
1603 1037 1760 1080 Leuca-

360 1097 469 1147 dem,
492 1104 533 1137 et
559 1095 760 1151 quasdam
787 1095 887 1137 alias
913 1094 1099 1136 civitates
1129 1109 1179 1135 ex
1210 1094 1345 1149 primo
1373 1095 1529 1136 foedere
1559 1103 1760 1151 petentes,

360 1161 525 1195 senatus
544 1152 598 1193 ad
620 1151 861 1203 Quinctium
880 1151 1033 1208 rejecit.

147 260 189 334 ἒς

296 259 327 334 stu<

743 1236 760 1261 h
775 1242 802 1267 et
806 1236 911 1278 filium
927 1236 1017 1267 Crev.
1104 1233 1114 1256 ¹
1128 1236 1262 1276 quoniam
1277 1235 1365 1266 Eaed.

396 1311 437 1341 46
465 1309 510 1340 Ne
538 1308 596 1349 his]
641 1308 748 1340 Forte:
788 1309 850 1340 Nec
876 1311 908 1341 id
937 1310 1035 1340 debere
1077 1313 1181 1350 sorpta
1207 1307 1300 1339 fuisse
1330 1309 1369 1339 ab
1395 1308 1503 1339 ultima
1529 1308 1650 1350 syllaba
1676 1309 1758 1340 verbi

354 1353 472 1391 impune
486 1363 551 1387 esse,
566 1361 676 1394 nempe
689 1351 850 1383 Annibali.
1076 1350 1278 1392 praecedentis
1294 1353 1430 1382 audisset.

397 1395 436 1425 47
468 1394 642 1436 Satisfacere
671 1417 680 1425 .
708 1416 717 1424 .
744 1395 849 1435 populo
887 1394 1032 1434 Romano]
1121 1394 1244 1424 49¹*Ad
1260 1394 1420 1435 Daphnen]
1450 1393 1584 1436 Daphne
1598 1392 1684 1425 vicus
1698 1393 1756 1424 fuit

354 1437 542 1478 Satisfacere,
571 1437 603 1467 id
633 1443 689 1471 est,
718 1438 858 1478 probare.
901 1437 951 1467 Sic
980 1436 1032 1467 Ci-
1075 1446 1169 1477 prope
1184 1435 1392 1472 Antiochiam,
1407 1437 1468 1467 imo
1483 1436 1659 1467 Antiochiae
1681 1437 1753 1467 sub-

354 1489 425 1510 cero
437 1480 457 1509 l.
472 1479 518 1509 ΙΙ.
534 1479 565 1508 in
579 1479 708 1510 Verrem
721 1489 752 1509 n.
766 1481 819 1510 20.
848 1480 929 1510 Vobis
942 1481 1037 1517 priore
1080 1478 1211 1514 urbium,
1236 1489 1306 1509 cum
1329 1478 1445 1520 ingenti
1464 1479 1554 1516 luco;
1588 1484 1620 1509 et
1640 1477 1672 1509 in
1692 1489 1756 1509 me-

355 1523 467 1552 actione
497 1520 680 1562 satisfactum
710 1528 761 1557 est,
792 1522 950 1553 sestertium
979 1532 1036 1551 un-
1081 1520 1132 1551 dio
1154 1521 1301 1562 templum
1316 1521 1470 1564 Apollinis
1489 1531 1524 1552 ac
1538 1521 1650 1552 Dianae
1673 1521 1755 1552 cele*

357 1566 448 1594 decies
462 1571 650 1594 numeratum
664 1575 730 1594 esse.
1079 1563 1255 1595 berrimum.

399 1608 439 1636 48
472 1607 511 1636 Et
531 1607 635 1647 filium
664 1607 740 1648 ejus]
794 1606 894 1637 Recte
926 1605 1038 1647 adjecit
1122 1607 1162 1637 50
1195 1606 1338 1640 Quoniam
1380 1606 1485 1648 legatos
1520 1606 1695 1638 Pharsalum
1728 1613 1757 1641 ες

357 1649 497 1680 Clericus
520 1649 661 1681 voculam
684 1656 722 1685 et,
749 1659 817 1690 quae
843 1648 961 1682 videtur
982 1649 1035 1680 ab-
1082 1647 1261 1693 Leucadem]
1284 1647 1359 1681 Vid.
1375 1659 1477 1692 supra,
1492 1659 1519 1680 c.
1534 1649 1586 1680 34.
