1947 3222
563 102 682 140 LIB.
712 100 903 139 XXXIV.
944 101 1078 139 CAP.
1107 101 1216 140 XLI.
1527 103 1601 150 169

185 210 359 258 audivit.
421 212 563 253 Prima
581 211 714 253 oratio
743 210 826 252 fuit
847 209 985 251 omnia
1013 209 1293 266 permittentis
1322 211 1494 254 arbitrio
1515 214 1601 255 Ro-
1613 223 1655 256 U.
1669 223 1706 255 C.
1718 224 1794 256 557.

185 282 426 310 manorum:
459 268 585 318 dein²,
609 267 784 323 ³8quum
815 282 862 308 ea
890 267 1004 308 velut
1036 282 1143 308 vana
1171 275 1212 308 et
1244 268 1329 308 sine
1359 269 1508 311 effectu
1541 267 1702 311 ni-A·C·
1717 268 1790 299 195.

184 324 244 365 hil
264 326 525 381 proficerent,
547 340 595 365 eo
616 324 799 366 deducta
819 340 883 366 res
903 332 979 373 est,
1002 332 1049 365 ut
1077 323 1142 364 his
1162 323 1483 376 conditionibus,
1505 342 1601 382 quae
1613 311 1768 384 ξζῖἰᾚῗῃ

185 396 236 422 ex
259 383 412 438 scripto
440 381 584 437 paucis
608 389 704 423 ante
734 381 882 423 diebus
912 381 1036 422 editae
1066 389 1199 431 erant,
1220 380 1400 421 induciae
1429 382 1598 425 fierent:

182 439 443 494 pecuniaque
464 447 505 479 et
525 438 689 479 obsides
710 438 881 494 accepti.
943 439 1058 479 Dum
1090 438 1362 494 obpugnatur
1383 446 1601 493 tyrannus,

183 496 352 550 Argivi,
373 495 535 536 nunciis
555 495 646 536 aliis
675 510 806 551 prope
828 510 953 551 super
983 495 1084 535 alios
1114 494 1414 545 adferentibus,
1437 502 1602 537 tantum
1615 502 1723 551 'Argiyi
1738 512 1805 534 sese

183 566 265 591 non
294 552 383 607 jam
418 560 582 607 captam
611 552 954 593 Lacedaemonem
987 567 1087 602 esse,
1119 550 1244 593 erecti
1279 559 1320 592 et
1352 551 1448 608 ipsi,
1480 551 1603 593 simul
1614 556 1672 586 1Ρ81
1685 547 1763 578 hbe-

183 623 232 649 eo
252 608 368 664 quod
394 609 657 665 Pythagoras
687 624 783 650 cum
818 617 937 666 parte
968 608 1220 649 validissima
1252 608 1438 665 praesidii
1467 595 1695 651 exces-mm'

183 673 306 715 serat,
339 674 549 708 contemta
588 666 800 722 paucitate
833 681 992 716 eorum,
1014 665 1088 721 qui
1122 666 1166 706 in
1201 681 1294 706 arce
1333 673 1466 717 erant,
1497 665 1605 707 diice

181 722 404 779 Archippo
425 723 623 779 quodam,
646 723 888 779 praesidium
909 723 1176 779 expulerunt.
1210 722 1494 764 Timocratem
1512 722 1607 764 Pel-

181 778 405 829 lenensem,
427 780 527 836 quia
551 780 773 821 clementer
802 780 1044 837 praefuerat,
1070 780 1211 820 vivum
1240 779 1323 820 fide
1345 779 1445 821 data
1464 779 1607 821 emise-

181 844 293 877 runt.
346 837 462 878 Huic
482 837 641 878 laetitiae
659 837 881 887 Quinctius
903 836 1157 892 supervenit,
1176 851 1277 892 pace
1295 836 1396 878 data
1410 844 1606 893 tyranno,

183 892 446 949 dimissisque
486 894 539 935 ab
581 894 882 935 Lacedaemone
923 894 1128 944 Eumene,
1165 901 1206 934 et
1248 893 1441 944 Rhodiis,
1474 902 1516 936 et
1552 894 1604 935 L.

185 950 382 999 Quinctio
402 951 531 993 fratre
552 951 606 992 ad
627 951 809 991 classem.

243 1007 372 1048 XLI.
412 1009 535 1049 Laeta
572 1007 718 1049 civitas
757 1007 1072 1049 celeberrimum
1111 1007 1315 1049 festorum
1355 1006 1518 1049 dierum
1559 1023 1606 1050 ac

183 1063 321 1105 nobile
350 1064 560 1105 ludicrum
590 1063 900 1114 ³⁹Neme0rum,
933 1064 999 1105 die
1030 1071 1139 1106 stata
1168 1072 1340 1120 propter
1368 1064 1468 1105 belli
1497 1065 1607 1107 mala
1619 1075 1742 1106 Nemea
1755 1086 1806 1107 ce-

182 1121 522 1175 praetermissum‚
544 1121 587 1162 in
616 1121 845 1163 adventum
868 1120 1048 1162 Romani
1078 1121 1286 1162 exercitus
1313 1121 1517 1177 ducisque
1546 1118 1746 1164 in-lebrata.

181 1176 394 1228 dixerunt,
415 1179 780 1234 praefeceruntque
801 1178 912 1219 ludis
935 1179 1075 1233 ipsum
1096 1177 1401 1233 imperatorem.
1464 1179 1609 1222 Multa

180 1242 313 1285 erant,
335 1250 431 1291 quae
461 1235 665 1291 gaudium
696 1235 970 1277 cumularent.
1001 1234 1166 1276 reducti
1196 1235 1306 1277 cives
1335 1236 1389 1277 ab
1411 1236 1609 1279 Lacedae-

181 1305 304 1338 mone
339 1300 471 1343 erant,
494 1308 601 1348 quos
634 1307 769 1348 nuper
806 1292 1085 1348 PythagoraS,
1113 1308 1306 1348 quosque
1343 1301 1439 1334 ante
1475 1294 1608 1335 Nabis

181 1347 469 1391 abduxerant:
516 1349 740 1399 redierant,
772 1350 847 1405 qui
881 1358 977 1405 post
1012 1357 1267 1405 compertam
1303 1365 1327 1391 a
1363 1349 1609 1406 Pythagora

181 1406 525 1461 conjurationem,
553 1415 595 1448 et
629 1406 743 1447 caede
772 1407 861 1462 jam
897 1414 1048 1461 coepta,
1081 1406 1338 1462 effugerant:
1371 1406 1607 1449 libertatem

182 1477 234 1510 ex
260 1462 385 1518 longo
413 1463 647 1513 intervallo,
669 1463 958 1518 libertatisque
989 1471 1180 1505 auctores
1201 1464 1428 1514 Romanos,
1451 1464 1608 1519 quibus

183 1534 329 1560 caussa
351 1520 533 1561 bellandi
555 1535 651 1561 cum
672 1528 850 1575 tyranno
870 1520 951 1575 ipsi
972 1519 1163 1570 fuissent,
1186 1521 1421 1562 cernebant.
1454 1529 1608 1564 testata

184 1591 354 1631 quoque
384 1576 474 1633 ipso
496 1578 751 1617 Nemeorum
777 1576 844 1618 die
871 1592 972 1617 voce
1006 1577 1211 1632 praeconis
1240 1576 1410 1619 libertas
1439 1586 1500 1619 est
1522 1579 1607 1619 Ar-

182 1632 388 1687 givorum.
449 1633 619 1675 Achaeis
653 1642 861 1689 quantum
897 1633 930 1657 ‘¹⁰
941 1633 1126 1674 restituti
1162 1634 1273 1689 Argi
1308 1633 1351 1674 in
1386 1649 1606 1677 commune

183 1689 358 1732 Achaiae
387 1691 607 1732 concilium
636 1690 797 1732 laetitiae
827 1689 1100 1738 adferebant3
1133 1697 1300 1732 tantum
1331 1706 1449 1732 serva
1477 1691 1607 1733 Lace-

183 1746 348 1788 daenion
388 1747 546 1797 relicta,
586 1747 618 1771 ‘³¹
631 1746 752 1789 lateri
795 1747 1013 1789 adhaerens
1054 1747 1236 1803 tyranni,
1270 1762 1354 1788 non
1398 1748 1606 1791 sincerum

179 1804 386 1858 gaudium
409 1805 656 1860 praebebatss.
717 1803 854 1846 AEtoli
874 1820 974 1845 vero
994 1819 1084 1845 earn
1105 1819 1192 1845 rem
1208 1804 1403 1846 omnibus
1424 1805 1606 1848 conciliis

179 1860 370 1903 lacerare.
433 1863 531 1903 Cum
552 1863 752 1915 Philippo
781 1875 863 1902 non
890 1867 986 1903 ante
1008 1862 1175 1903 desitum
1205 1862 1366 1911 bellari,
1388 1877 1506 1917 quam
1527 1878 1606 1904 om-
1619 1871 1762 1919 Querela
1777 1871 1810 1903 in

179 1917 294 1960 nibus
313 1920 518 1961 excederet
541 1920 714 1960 Graeciae
740 1919 915 1960 urbibus.
982 1919 1177 1973 Tyranno
1207 1920 1388 1960 relictam
1409 1921 1605 1963 Lacedae.
1618 1915 1814 1951 Qumcuum.

179 1989 351 2017 monem.-
382 1976 415 2000 42
427 1991 557 2031 regem
587 1984 717 2018 autem
747 1978 982 2031 legitimum,
1013 1975 1046 2000 ‘¹³
1059 1978 1131 2031 qui
1160 1977 1204 2017 in
1233 1978 1434 2019 Romanis
1449 1978 1604 2032 ficerat

178 2034 336 2083 castris,
358 2040 583 2088 ceterosque
602 2035 865 2075 nobilissimos
885 2035 984 2075 cives
1005 2035 1048 2074 in
1069 2035 1214 2075 exsilio
1234 2034 1419 2075 victuros.
1471 2035 1604 2077 Nabi-

180 2091 245 2131 dis
260 2092 507 2133 dominantis
526 2091 945 2146 ⁴⁴¹satellitemfiictum
959 2092 1154 2144 populum
1170 2091 1414 2132 Romanum.
1450 2092 1604 2142 Quinc-

179 2148 264 2189 tius
284 2148 337 2190 ab
359 2149 490 2205 Argis
513 2148 709 2200 Elatiam,
727 2149 838 2190 unde
858 2149 913 2190 ad
931 2148 1090 2190 bellum
1115 2149 1367 2205 Spartanum
1388 2149 1603 2205 profectus

316 2229 328 2249 t
343 2228 446 2258 deinde
459 2226 556 2258 Gron.
572 2221 661 2257 Creit.
797 2229 813 2247 ¹¹
827 2233 854 2257 et
869 2227 1189 2268 lateri-tyrannus-
1197 2228 1362 2267 praebebant
1378 2226 1467 2259 Eaed.

224 2304 265 2334 38
291 2303 391 2337 Quum
418 2314 452 2333 ea
479 2325 488 2334 .
511 2325 520 2334 .
543 2324 551 2332 .
578 2303 652 2332 nihil
676 2302 865 2343 prqficerent]
912 2300 1000 2332 addit
1027 2300 1091 2332 vim
1121 2301 1262 2333 orationi.
1323 2302 1482 2342 Tyrannus
1509 2309 1556 2334 est
1585 2315 1604 2336 a

184 2345 281 2376 Malit
295 2346 470 2377 Gronovius
489 2346 651 2387 proficeret,
666 2355 778 2387 nempe
800 2355 868 2376 ora·
913 2343 1056 2376 Gelenio.

183 2388 237 2419 tio.
956 2388 997 2418 42
1023 2387 1133 2429 Regem
1152 2410 1160 2418 .
1184 2409 1193 2418 .
1216 2409 1225 2418 .
1248 2387 1427 2430 legitimum]
1452 2388 1602 2431 Agesipo-

225 2432 266 2462 39
300 2431 490 2473 Nemeorum]
536 2430 611 2463 Vid.
655 2435 720 2462 not.
763 2429 804 2461 ad
847 2429 869 2461 l.
912 2429 979 2466 lim,
995 2429 1034 2461 de
1049 2441 1111 2471 quo
1125 2440 1229 2473 supra,
1245 2440 1271 2460 c.
1287 2431 1341 2462 26.

184 2472 328 2505 XXVII.
343 2485 371 2504 e.
386 2476 439 2506 30,
956 2474 996 2503 43
1023 2473 1083 2507 Qui
1112 2475 1142 2504 in
1174 2474 1313 2503 Romanis
1338 2472 1450 2515 fuerat
1484 2474 1602 2515 castris]

227 2517 268 2546 40
291 2517 433 2548 Restituti
461 2518 537 2556 Argi
566 2519 596 2547 in
624 2516 788 2557 commune]
821 2515 871 2546 Sic
915 2515 998 2556 Lege
1014 2526 1085 2547 cum
1101 2515 1375 2557 Gronoviojicerit.

188 2558 304 2590 Victor.
328 2560 437 2597 codex,
453 2561 566 2591 omissa
579 2559 732 2602 particula
745 2566 783 2595 et,
800 2569 869 2600 quae
957 2560 998 2589 44
1021 2560 1180 2590 Satellitem
1206 2559 1328 2600 suctum
1365 2560 1505 2598 populum
1541 2559 1602 2591 Ro-

186 2601 269 2633 male
288 2603 414 2644 praefixa
440 2603 668 2645 inquibusdam
690 2601 781 2633 editis
804 2608 871 2633 erat
913 2602 1048 2643 manum]
1081 2602 1151 2633 Hoc
1178 2602 1308 2633 debetur
1337 2601 1478 2633 Gelenio.
1506 2602 1603 2634 MSS.

187 2645 245 2678 τοῖς
262 2646 292 2674 in
306 2656 462 2677 commune.
913 2654 967 2685 pro
993 2646 1134 2685 populum
1158 2645 1324 2675 Romanum
1347 2644 1463 2674 habent
1491 2644 1524 2675 T.
1541 2644 1601 2675 Ro-

192 2687 200 2691 '
229 2688 267 2716 41
293 2687 394 2718 Lateri
415 2690 564 2720 adhaerens
586 2688 747 2729 tyrannus]
785 2687 871 2718 Libri
913 2688 1061 2718 maleum.-
1085 2698 1147 2729 qua
1173 2688 1205 2718 in
1227 2698 1302 2718 voce
1326 2686 1435 2726 nugari
1462 2686 1603 2719 librarios

187 2729 282 2760 MSS.
305 2736 336 2760 et
361 2731 530 2772 antiquitus
554 2731 630 2763 editi
654 2731 801 2762 exhibent
822 2737 870 2772 ty·
914 2729 1005 2771 hujus
1024 2731 1103 2761 Livii
1125 2731 1221 2773 partis
1239 2730 1306 2771 jam
1329 2729 1545 2760 admonuimus
1560 2731 1601 2762 ad

185 2774 286 2803 ἰ-ιιηιιί.
346 2774 437 2804 Unde
478 2785 540 2805 non
577 2775 659 2805 male
698 2774 871 2817 suspicatur
913 2773 936 2804 l.
962 2774 1126 2804 XXXIII.
1153 2785 1182 2805 c.
1212 2775 1264 2804 42.
1311 2772 1444 2803 Utamur
1475 2772 1601 2805 Gelenii

186 2815 204 2846 J
210 2825 256 2846 ac.
272 2815 445 2846 Gronovius
467 2819 612 2858 tyrannis,
628 2817 660 2847 id
684 2823 741 2853 est,
765 2823 869 2859 tyran·
913 2816 1141 2852 emendatione,
1158 2816 1255 2848 donec
1279 2815 1392 2846 certius
1410 2814 1485 2857 quid
1499 2820 1531 2848 et
1544 2826 1598 2857 ap-

186 2857 257 2889 nica
279 2857 457 2891 dominatio.
500 2859 605 2901 Atque
627 2859 682 2891 illa
697 2859 870 2892 emendatio
914 2859 975 2890 tius
989 2859 1167 2901 reperiatur.
