1947 3222
523 124 646 161 Llss.
675 123 828 160 xxm.
871 122 1006 160 cAP.
1036 123 1107 160 ix.
1473 130 1499 169 9

83 232 147 273 M.
184 231 349 274 Valerio
385 232 566 282 Faltoni,
599 232 673 288 qui
708 240 865 288 praetor
899 230 1036 294 priore
1075 245 1184 293 anno
1226 232 1498 288 Campaniam
1514 246 1692 280 0.C.552.

82 290 337 345 provinciam
365 290 877 354 habuerat,·prorogatum
909 302 951 328 in
981 303 1137 328 annum
1166 288 1387 343 1mperium
1408 290 1693 339 est3A·C·200·

83 346 147 387 uti
167 354 399 403 propraetor
419 346 460 386 in
484 346 718 387 Sardiniam
739 345 963 402 trajiceret,
980 353 1109 400 atque
1130 344 1181 385 de
1202 345 1403 396 exercitu,
1426 346 1501 402 qui

83 402 141 444 ibi
163 412 282 454 oeset,
303 403 492 459 quinque
511 403 641 444 millia
662 403 820 444 socium
840 402 1019 443 nominis
1041 401 1200 451 Latini,
1221 400 1337 457 ³⁶qui
1357 417 1502 444 eorum

84 460 252 501 minime
272 459 406 501 multa
426 460 634 516 stipendia
653 459 842 510 haberet,
864 459 1032 515 legeret.
1092 459 1154 499 Et
1183 458 1371 499 consules
1398 459 1503 500 duas

85 517 264 558 urbanas
295 516 477 572 legiones
508 518 686 558 scribere
715 517 848 573 jussi:
886 531 997 572 quae,
1029 515 1062 556 si
1090 531 1176 571 quo
1206 530 1271 556 res
1299 525 1503 571 posceret,

84 572 226 614 multis
254 574 299 614 in
331 573 455 615 Italia
483 573 723 616 ”contactis
757 573 954 630 gentibus
984 572 1135 614 Punici
1163 572 1263 613 belli
1294 573 1504 622 societate,

84 629 228 686 iraque
247 629 344 672 inde
364 631 640 682 tumentibus,
661 631 942 672 mitterentur.
995 631 1076 671 Sex
1096 629 1331 686 legionibus
1352 630 1508 671 Romae
1521 642 1671 684 Legiones
1683 646 1714 675 6.

84 687 149 728 nis
178 702 227 728 eo
246 702 354 729 anno
374 703 505 729 usura
523 688 761 744 respublica
779 695 880 728 erat.

144 744 230 785 IX.
265 746 315 786 In
337 745 429 801 ipso
458 746 665 802 adparatu
694 744 793 786 belli
824 744 951 800 legati
981 744 1034 785 ab
1063 759 1161 800 rege
1191 743 1421 785 Ptolemaeo
1440 759 1509 785 ve·
1523 759 1633 801 Legati
1649 759 1722 790 Pto-

86 809 254 853 nerunt,
288 800 406 858 ³⁸qui
440 803 710 853 nunciarunt,
745 802 1011 843 Athenienses
1045 802 1235 842 adversus
1267 801 1508 855 Philippum
1523 803 1638 834 lemaei.

81 859 229 910 petisse
248 859 300 899 ab
320 874 414 914 rege
433 861 646 900 auxilium.
676 865 860 906 ceterum,
878 859 956 898 etsi
973 872 1191 898 communes
1210 859 1309 899 socii
1327 859 1424 908 sint,
1445 865 1511 900 ta·-

86 929 188 966 men,
210 917 294 957 nisi
321 932 371 958 ex
401 919 643 957 auctoritate
654 917 803 969 populi
822 916 1013 964 Romani,
1034 929 1160 968 neque
1188 915 1366 966 classem,
1387 930 1514 970 neque

87 974 305 1014 exercitum
325 975 566 1030 defendendi
585 979 657 1013 aut
678 973 942 1027 obpugnandi
969 971 1198 1026 cujusquam
1219 986 1361 1013 caussa
1381 988 1514 1028 regem

89 1030 135 1069 in
158 1029 360 1073 Graeciam
389 1031 594 1072 missurum
624 1044 718 1071 esse.
784 1030 857 1071 Vel
876 1029 1096 1084 quietumm
1126 1043 1212 1070 eum
1243 1030 1288 1069 in
1317 1044 1456 1085 regno,
1477 1032 1515 1072 si

80 1089 234 1141 populo
249 1089 436 1129 Romano
454 1089 577 1129 socios
596 1088 811 1142 deffendere
829 1088 952 1128 liceat
960 1110 976 1134 ,·
999 1088 1062 1128 vel
1076 1087 1283 1128 Romanos
1298 1089 1512 1141 quiescere,

87 1145 126 1185 si
144 1146 304 1195 malint,
319 1160 549 1199 passurum,
572 1152 694 1200 atque
716 1146 846 1199 ipsum
868 1145 1044 1195 auxilia,
1067 1158 1156 1199 quae
1167 1143 1308 1198 facile
1327 1146 1516 1187 adversus

88 1201 330 1256 Philippum
350 1204 460 1244 tueri
480 1203 663 1245 Athenas
687 1209 861 1256 possent,
883 1203 1104 1243 missurum.
1167 1201 1329 1244 Gratiae
1348 1202 1438 1259 regi
1460 1203 1513 1245 ab

90 1266 236 1301 senatu
257 1268 375 1311 actae,
397 1276 753 1317 responsumque;
784 1260 827 1301 T
821 1261 936 1300 utari
953 1260 1078 1300 socios
1089 1260 1246 1313 populo
1262 1260 1449 1301 Romano
1470 1262 1515 1301 in

89 1316 225 1358 animo
244 1332 344 1359 esse:
365 1317 442 1359 ³⁹si
462 1332 542 1372 qua
562 1333 607 1358 re
626 1320 684 1358 ad
703 1319 748 1358 id
767 1317 908 1358 bellum
931 1331 1029 1370 opus
1048 1318 1115 1366 sit,
1139 1318 1391 1358 indicaturos
1410 1319 1514 1372 regi.

90 1376 284 1429 regnique
297 1374 379 1429 ejus
400 1390 492 1428 opes
507 1377 610 1416 scire
629 1375 946 1428 subsidiafirma
963 1389 1012 1415 ac
1012 1375 1171 1428 fidelia
1186 1389 1268 1415 sure
1282 1375 1517 1429 reipublicae

90 1444 182 1472 esse.
245 1433 429 1474 Munera
458 1432 608 1473 deinde
639 1433 787 1489 legatis
816 1433 860 1473 in
881 1431 1067 1488 singulos
1088 1431 1306 1488 ‘¹⁰quinfim
1336 1432 1514 1473 millium

91 1487 185 1529 aeris
217 1505 269 1531 ex
303 1489 662 1531 senatusconsulto
696 1490 832 1530 missa.
905 1490 1049 1538 Quum
1084 1489 1294 1530 delectum
1329 1489 1518 1530 consules

91 1545 308 1596 haberent,
330 1555 624 1602 pararentque,
647 1562 743 1602 quae
768 1546 823 1586 ad
851 1545 1009 1586 bellum
1039 1561 1145 1601 opus
1176 1554 1337 1586 essent:
1371 1545 1518 1587 civitas

94 1602 299 1658 religiosa,
325 1602 367 1642 in
397 1602 611 1659 principiis
641 1603 821 1643 maxime
842 1617 1047 1642 novorum
1066 1602 1289 1652 bellorum,
1312 1602 1521 1658 supplicae

93 1659 278 1701 tionibus
297 1659 451 1701 habitis
466 1660 570 1716 jam,
593 1668 635 1700 et
664 1659 947 1700 obsecratione
977 1658 1086 1699 circa
1114 1658 1253 1699 omnia
1282 1658 1520 1714 pulvinaria

93 1717 219 1766 facta,
241 1731 292 1757 ne
313 1715 417 1772 quid
446 1716 855 1772 praetermitteretur,
877 1715 994 1771 quod
1023 1715 1250 1771 aliquando
1270 1716 1431 1757 factum
1459 1732 1521 1757 es-

95 1781 171 1823 set,
206 1772 329 1814 ludos
358 1774 458 1813 Jovi
489 1773 733 1830 donumque
762 1787 913 1813 vovere
949 1773 1175 1822 consulem,
1207 1772 1274 1813 cui
1305 1773 1520 1829 provincia

95 1830 346 1872 Macedonia
374 1830 589 1880 evenisset,
605 1830 746 1887 jussit.
808 1830 975 1870 Moram
1009 1838 1104 1871 voto
1133 1829 1305 1886 publico
1329 1829 1519 1872 Licinius

95 1887 286 1967 pontifex
317 1886 528 1928 maximus
557 1887 727 1938 adtulit,
761 1887 836 1943 qui
870 1887 1055 1943 negavit,
1077 1902 1127 1927 εκ
1157 1888 1313 1927 incerta
1340 1890 1520 1940 pecunia

117 1943 274 1987 lvovere
294 1945 448 1994 debere,
469 1943 547 1985 ‘¹²82'
567 1959 615 1985 ea
632 1946 806 1998 pecunia
826 1958 907 1984 non
929 1950 1068 1998 posset
1089 1946 1132 1985 in
1153 1944 1294 1985 bellum
1316 1946 1406 1986 usui
1427 1960 1521 1987 esse.

142 2070 184 2100 36
208 2070 268 2104 Qui
293 2081 389 2100 eorum
417 2072 532 2101 minime
557 2071 648 2100 multa
677 2072 786 2109 stipen-

100 2113 151 2143 ‹lia
167 2113 296 2153 haberet]
323 2113 406 2154 Lege
421 2114 567 2144 haberent.
591 2113 775 2144 Mrnmrs.

144 2156 212 2187 37*
226 2156 373 2186 Contuctis
391 2180 396 2186 .
415 2179 423 2187 .
440 2179 448 2186 .
464 2159 595 2186 societate
618 2158 719 2196 iraque
742 2158 787 2185 in-

830 2081 939 2101 roveri.

875 2114 915 2143 42
939 2114 970 2143 Si
998 2125 1030 2143 ea
1053 2113 1196 2153 pecunia]
1222 2113 1365 2143 Fortasse
1387 2112 1436 2143 hic
1462 2112 1520 2143 ali·

832 2155 908 2197 quid
930 2156 1035 2187 mendi
1057 2155 1173 2186 subest.
1220 2156 1388 2186 Possumus
1416 2162 1522 2186 tamen

101 2200 137 2229 de
165 2199 356 2240 tumentibus]
396 2199 446 2229 Ita
483 2209 514 2228 se
541 2199 727 2239 habentibus
755 2205 789 2228 ut

102 2241 143 2272 ad
169 2252 221 2272 eas
243 2242 385 2283 contagio
407 2242 562 2272 societatis
585 2252 656 2272 cum
680 2242 787 2272 Poenis

102 2284 136 2315 'm
156 2284 240 2315 bello
261 2285 438 2327 pertineret,
451 2291 482 2315 et
507 2285 588 2315 hanc
608 2286 646 2316 ob
663 2295 788 2316 causam

101 2327 148 2359 ira
161 2327 257 2359 tacita
272 2328 487 2364 semu-antibus,
503 2339 574 2369 quae
596 2328 790 2359 occasionem

104 2371 286 2413 erumpendi
302 2377 463 2413 quaereret.

146 2416 186 2445 38
213 2415 274 2449 Qui
288 2415 488 2455 nunciarunt]
517 2414 586 2444 Has
607 2425 699 2445 voces
721 2414 789 2455 pla-

103 2467 142 2489 ne
156 2467 362 2499 supervacuas
375 2457 506 2489 libenter
520 2466 736 2488 resecaremus.

148 2501 189 2531 39
211 2502 248 2531 Si
270 2513 326 2541 qua
348 2512 380 2531 re
401 2503 440 2531 ad
462 2502 493 2531 id
513 2500 618 2530 bellum
645 2512 714 2540 opus
735 2500 788 2540 sit]

108 2543 179 2574 MS.
208 2543 291 2574 Vict.
318 2545 342 2574 si
370 2554 434 2583 quoe
460 2554 504 2573 res
529 2545 567 2572 ad
592 2544 696 2574 bellum
723 2554 791 2582 apua·

106 2586 180 2615 sint:
209 2591 321 2626 rectae3
349 2586 407 2616 nisi
428 2585 519 2616 malis
537 2587 562 2616 si
585 2598 641 2627 qua
663 2597 708 2617 res
728 2608 736 2616 .
755 2609 763 2616 .
783 2609 790 2616 .

102 2638 173 2666 opus
185 2630 232 2659 sit.

152 2671 193 2701 40
217 2672 350 2706 Quinum
376 2673 504 2703 millium
528 2672 610 2713 oeris]
645 2672 793 2713 Quinque

108 2712 208 2744 millia
221 2715 290 2745 aeris
307 2715 409 2756 gravis
423 2721 494 2745 sunt
516 2714 676 2757 quingenti
698 2715 792 2746 dena-

109 2755 156 2791 rii,
181 2767 258 2797 quos
279 2768 370 2799 pares
392 2758 522 2789 facimus
540 2757 652 2789 marcis
673 2757 791 2799 argenti

110 2798 295 2847 nostratibus
321 2801 350 2831 7.
373 2811 443 2832 cum
466 2800 565 2832 unciis
587 2811 638 2832 sex
661 2806 691 2832 et
713 2811 793 2832 sem-

111 2851 212 2873 uncia.

153 2885 190 2915 41
224 2885 325 2916 l'overe
348 2887 461 2928 debere]
507 2886 612 2928 Magis
639 2887 792 2929 placeret:

832 2206 991 2240 utcunque
1021 2208 1185 2240 exponere,
1216 2198 1396 2240 accipiendo
1425 2199 1521 2240 parti-

832 2242 934 2272 culam
957 2244 980 2272 δι’
1003 2252 1056 2283 pro
1076 2243 1226 2281 siquidem,
1242 2241 1299 2272 hoc
1322 2252 1433 2283 nempe
1456 2253 1521 2272 mo-

833 2284 883 2315 do.
930 2284 1066 2326 Negavit
1081 2284 1219 2326 pontifex
1242 2284 1396 2315 maximus
1419 2285 1521 2315 voveri

834 2326 945 2358 debere
960 2327 1049 2358 ludos
1064 2338 1102 2357 ex
1118 2327 1236 2357 incerta
1257 2328 1400 2368 pecunia,
1416 2327 1448 2357 id
1463 2333 1520 2363 est,

834 2381 896 2401 non
919 2377 1035 2402 statuta
1058 2369 1198 2411 pecuniae
1222 2380 1353 2405 summa,
1371 2381 1465 2411 quam
1488 2371 1522 2400 in

833 2424 939 2444 eorum
962 2420 1144 2455 apparatum
1167 2413 1285 2453 erogari
1308 2414 1455 2454 placeret,
1481 2414 1520 2443 si-

834 2456 961 2498 quidem
974 2466 1011 2487 ea
1022 2456 1165 2498 pecunia,
1182 2455 1215 2485 id
1230 2462 1286 2491 est,
1303 2457 1435 2498 pecunia
1450 2463 1523 2486 vota

835 2499 866 2530 in
894 2499 984 2530 ludos
1011 2499 1075 2541 jam
1108 2509 1170 2529 non
1197 2504 1316 2540 poterat
1344 2499 1376 2528 in
1403 2499 1522 2530 bellum

835 2542 904 2573 usui
941 2552 1020 2575 esse.
1078 2542 1155 2572 Haec
1183 2541 1310 2572 fortasse
1341 2546 1407 2572 erat
1436 2551 1523 2571 mens

834 2584 1004 2627 pontificis:
1043 2584 1205 2615 Voventur
1229 2584 1296 2614 ludi
1321 2595 1359 2615 ex
1380 2584 1522 2625 pecunia,

835 2639 905 2670 quae
928 2638 965 2659 ex
980 2627 1088 2659 aerario
1110 2627 1261 2658 sumenda
1282 2632 1338 2658 est.
1382 2627 1412 2657 N
1417 2626 1453 2656 isi
1468 2626 1525 2666 igi-

836 2679 885 2702 tur
926 2677 1042 2701 statuta
1082 2670 1173 2700 fuelit
1214 2670 1355 2711 pecuniae
1391 2679 1523 2705 summa,

837 2724 935 2756 eaque
961 2713 1105 2757 seposita,
1129 2712 1195 2753 jam
1221 2718 1284 2743 tota
1307 2710 1407 2758 aerarii
1427 2722 1523 2753 pecu-

834 2757 887 2788 nia
908 2757 979 2788 huic
1000 2756 1064 2788 voti
1085 2755 1265 2796 obligationi
1287 2755 1421 2785 obnoxia
1434 2754 1522 2786 vide-

834 2800 927 2831 bitur.
980 2799 1118 2832 Pecunia
1145 2804 1259 2832 autem,
1288 2797 1319 2827 in
1348 2807 1441 2837 quam
1468 2808 1521 2828 vo-

837 2850 902 2874 tum
926 2843 1020 2879 cadit,
1048 2853 1111 2873 non
1136 2846 1238 2883 potest
1259 2840 1291 2870 in
1313 2839 1429 2870 bellum
1453 2840 1521 2871 usui

838 2897 916 2918 esse.
961 2887 1082 2927 Itaque,
1111 2884 1168 2915 nisi
1197 2888 1279 2914 certa
1308 2882 1441 2926 pecunia
1469 2892 1522 2913 vo-
