1947 3222
128 202 172 234 U.
181 202 221 234 C.
235 203 308 234 558.

127 245 170 277 A.
180 245 219 277 C.
236 246 308 278 194.

125 1629 218 1662 Cives
232 1629 298 1660 Ro-

124 1673 209 1704 mani
223 1672 277 1714 qui

125 1716 299 1747 serviebant

127 1758 211 1800 apud
228 1759 316 1789 Grae-

128 1811 181 1832 cos
195 1800 316 1833 liberati

343 84 416 129 176
868 80 1015 120 ΤῙΤῙ
1054 81 1226 119 L1V11

339 207 420 235 mos
440 198 537 235 esset
544 207 560 241 ‚-
590 190 662 247 qui
681 192 784 232 male
803 191 1043 232 commissam
1064 191 1287 231 libertatem
1300 191 1456 244 populo
1473 191 1656 232 Romano
1670 199 1753 233 ser-'-

339 250 518 292 monibus
539 248 828 299 ⁷⁵distulerint,
855 255 892 289 et
922 253 1093 288 mutatos
1115 262 1198 300 pro
1229 248 1520 289 Macedonibus
1551 248 1754 289 Romanos

339 308 529 349 dominos.
579 307 660 348 Sed
678 306 774 355 illis,
797 320 868 346 nec
888 307 987 358 quid
1006 306 1199 354 dicerent,
1216 319 1287 345 nec
1306 306 1406 358 quid
1413 307 1617 360 facerent,
1636 305 1753 359 quid-

339 364 458 419 quam
477 378 660 418 umquam
685 363 806 416 pensi
817 363 969 416 fuisse.
1028 362 1227 415 Reliquas
1247 364 1431 403 civitates
1453 376 1620 411 monere,
1642 367 1686 402 ut
1705 376 1755 401 εκ

319 423 473 477 sactis,
504 435 583 462 non
614 435 663 461 ex
692 420 825 468 dictis,
859 419 1010 458 amicos
1032 425 1223 470 pensent.-
1258 420 1583 473 intelligantqzce‚
1615 418 1755 473 quibus

338 479 587 527 credendum,
609 484 648 517 et
669 490 694 516 a
715 476 856 530 quibas
874 475 1090 516 cavendum
1109 476 1176 516 sit.
1241 476 1447 517 Libertate
1468 477 1617 517 modice
1635 482 1754 516 utan-

338 542 419 577 tur.
449 540 712 589 temperatam
736 547 838 584 eam,
859 531 1056 573 salubrem
1077 538 1116 572 et
1135 533 1322 586 singulis,
1343 539 1381 574 et
1401 534 1635 574 civitatibus
1655 547 1755 574 esse:

338 593 506 634 nimiam
519 598 557 632 et
570 592 668 632 aliis
678 603 856 644 gravem,
873 595 911 630 et
925 590 1039 642 ipsis,
1055 590 1126 642 qui
1140 589 1330 640 habeant,
1345 590 1584 646 effi-enatam
1597 597 1636 631 et
1644 604 1754 644 prae.

337 651 501 704 cipitem
513 663 607 690 esse.
641 647 877 689 Concordiae
890 647 933 686 in
945 646 1189 696 civitatibus,
1199 648 1408 700 principes
1423 654 1461 688 et
1473 649 1634 689 ordines
1647 649 1755 688 inter

337 722 392 758 se,
409 713 448 748 et
468 707 510 747 in
527 718 725 746 commune
743 717 874 744 omnes
894 704 1091 750 civitates,
1108 705 1366 744 consulerent.
1392 706 1582 746 adversus
1593 719 1754 746 consen-

336 766 483 805 tientes
501 777 573 803 nec
591 776 722 816 regem
742 774 973 815 quemquam
994 761 1096 801 satis
1116 761 1307 810 validum,
1329 775 1399 801 nec
1418 762 1753 816 tyrannumsore.

338 821 603 862 Discordiam
615 826 654 860 et
667 819 903 860 seditionem
917 818 1053 858 omnia
1065 823 1292 870 opportuna
1306 817 1591 859 insidiantibus
1590 819 1752 874 facere,

338 893 455 933 quum
468 891 582 931 pars,
600 890 690 931 quae
703 876 914 916 domestico
929 875 1148 915 certamine
1163 875 1339 929 inferior
1352 876 1419 923 sit,
1437 882 1602 916 externo
1616 877 1755 929 potius

336 949 379 977 se
398 936 588 989 adplicet,
611 948 729 988 quam
758 933 840 973 civi
863 933 992 973 cedat.
1053 931 1215 973 Alienis
1234 933 1359 973 armis
1381 939 1564 985 partam,
1587 940 1755 973 eaeterna

318 993 415 1046 fide
433 993 635 1034 redditam
656 990 884 1031 libertatem
904 1003 976 1029 sua
996 1002 1095 1029 cura
1114 990 1360 1030 custodirent
1378 996 1680 1044 servarentque:
1711 997 1756 1031 ut

329 1051 507 1104 populus
524 1049 729 1090 Romanus
748 1047 876 1101 dignis
891 1048 1028 1087 datam
1048 1046 1288 1096 libertatem,
1306 1061 1354 1087 ac
1373 1060 1513 1088 munus
1531 1061 1640 1089 suum
1660 1047 1758 1088 bene

332 1107 508 1162 positum
528 1107 662 1148 sciret.

396 1164 447 1205 L.
481 1164 574 1204 Has
594 1162 711 1204 velut
740 1160 923 1218 parentis
941 1175 1063 1202 voces
1092 1176 1227 1216 quum
1250 1160 1459 1213 audirent,
1481 1176 1648 1202 manare
1667 1177 1754 1203 om-

336 1221 462 1262 nibus
481 1219 639 1277 gaudio
667 1219 865 1268 lacrimae,
887 1218 992 1259 adeo
1013 1225 1061 1258 ut
1081 1217 1219 1274 ipsum
1250 1232 1422 1274 quoque
1450 1218 1754 1260 confunderent

337 1277 557 1319 dicentem.
631 1275 867 1332 Paullisper
906 1274 1100 1315 fremitus
1139 1274 1464 1330 adprobantium
1503 1275 1617 1316 dicta
1654 1275 1752 1325 fuit,

337 1334 682 1389 monentiumque
717 1332 894 1373 aliorum
934 1331 1050 1382 alios,
1085 1339 1135 1372 ut
1167 1346 1236 1372 eas
1269 1347 1405 1383 voces,
1436 1331 1553 1373 velut
1585 1331 1754 1373 oraculo

337 1391 496 1442 missas,
517 1390 561 1431 in
590 1397 760 1446 pectora
789 1389 1031 1444 animosque
1060 1387 1339 1430 demitterent.
1403 1387 1575 1430 Silentio
1605 1387 1756 1430 deinde

336 1448 463 1498 facto,
494 1446 616 1504 petiit
646 1446 699 1487 ab
728 1445 793 1495 iis,
821 1454 871 1486 ut
901 1444 1009 1486 cives
1044 1444 1269 1496 Romanos,
1297 1445 1331 1485 si
1361 1446 1435 1502 qui
1466 1445 1582 1501 apud
1611 1459 1680 1485 eos
1708 1445 1753 1485 in

335 1504 537 1546 servitute
558 1511 709 1554 essent,
731 1501 987 1557 conquisitos
1016 1501 1128 1542 intra
1158 1500 1264 1542 duos
1284 1516 1445 1543 menses
1464 1501 1680 1543 mitterent
1700 1501 1756 1543 ad

335 1577 378 1602 se
397 1561 440 1602 in
463 1559 737 1602 Thessaliam.
790 1559 857 1599 Ne
877 1559 976 1612 ipsis
996 1559 1154 1612 quidem
1173 1558 1377 1599 honestum
1398 1573 1490 1608 esse,
1514 1559 1557 1599 in
1577 1558 1756 1599 liberata

335 1624 448 1659 terra
478 1618 715 1659 liberatores
744 1615 827 1670 ejus
855 1616 1018 1656 servire.
1079 1616 1234 1656 Omnes
1263 1615 1566 1664 adclamarunt,
1590 1617 1756 1670 gratias

335 1690 376 1717 se
406 1677 514 1716 inter
541 1680 675 1716 cetera
705 1675 827 1714 etiam
854 1673 901 1713 ob
927 1673 1000 1712 hoc
1028 1686 1163 1725 agere,
1186 1673 1293 1725 quod
1320 1673 1522 1713 admoniti
1549 1679 1690 1722 essent,
1711 1679 1756 1715 ut

337 1739 417 1773 tam
431 1734 521 1786 pio,
543 1738 625 1772 tam
647 1730 871 1772 necessario
887 1729 1318 1785 ‹fficiofimgerentur.
1380 1731 1535 1786 Ingens
1554 1745 1755 1771 numerus
1795 1774 1800 1778 ,

320 1798 426 1832 .erat
454 1789 565 1831 bello
598 1787 760 1829 Punico
789 1795 1023 1843 captorum,
1053 1801 1160 1842 quos
1191 1786 1420 1835 Hannibal,
1449 1801 1583 1842 quum
1613 1802 1638 1827 a
1667 1787 1754 1829 suis

337 1862 419 1888 non
449 1846 768 1894 redimerentur,
789 1843 1130 1884 venumdederat.
1193 1842 1488 1884 Multitudinis
1518 1858 1663 1884 eorum
1689 1858 1753 1884 ar-

337 1913 587 1959 gumentum
609 1898 692 1952 siff,
710 1900 827 1957 quod
849 1900 1054 1955 Polybius
1075 1899 1232 1950 scribit,
1247 1898 1455 1941 ⁷⁴centum
1476 1899 1643 1941 talentis
1663 1916 1753 1942 eam

338 1975 426 2001 rem
456 1959 627 2001 Achaeis
657 1958 840 1999 stetisse:
886 1971 1018 2012 quum
1050 1955 1322 2012 ⁷⁵quingenos
1351 1956 1541 1997 denarios
1570 1958 1755 2012 pretium

339 2017 381 2058 in
416 2016 567 2073 capita,
604 2015 721 2071 quod
760 2014 1007 2055 redderetur
1047 2013 1238 2063 dominis,
1275 2013 1528 2055 statuissent.
1590 2013 1754 2056 7-6Mille

339 2073 447 2115 enini
470 2073 673 2115 ducentos
694 2087 742 2113 ea
761 2071 919 2112 ratione
945 2070 1109 2111 Achaia
1136 2070 1297 2111 habuit.
1354 2070 1507 2126 Adjice
1536 2085 1647 2112 nunc
1676 2086 1754 2127 pro

339 2131 545 2186 portione,
567 2137 672 2186 quot
693 2127 914 2169 verisimile
935 2128 988 2168 sit
1009 2134 1141 2169 totam
1163 2128 1372 2168 Graeciam
1392 2126 1598 2168 habuisse.
1640 2129 1753 2169 Non-

341 2187 443 2228 dum
468 2194 697 2227 conventus
727 2185 922 2226 dimissus
951 2192 1055 2234 erat,
1077 2199 1210 2240 quum
1240 2183 1466 2240 respiciunt
1497 2183 1753 2240 praesidium,

341 2243 394 2285 ab
416 2242 722 2285 Acrocorintho
749 2241 1015 2291 descendens,
1036 2240 1228 2297 protinus
1248 2241 1301 2282 ad
1322 2249 1486 2297 portam
1507 2241 1604 2282 duci
1625 2250 1754 2297 atque

912 2322 922 2347 i
938 2333 977 2358 est
993 2326 1091 2358 Gron.
1107 2327 1199 2358 Crev.

386 2404 427 2434 73
453 2402 648 2443 Distulerint]
680 2401 800 2433 Passim
815 2402 1025 2444 proclamave-
1069 2399 1308 2431 tiesenimmille
1319 2399 1749 2431 ducentaefficiuntssooooo.

343 2446 413 2477 rint„
1070 2453 1140 2485 quae
1157 2443 1181 2473 si
1199 2442 1376 2473 dividantur
1399 2453 1453 2484 per
1474 2450 1598 2474 centum
1621 2443 1751 2479 talenta,

386 2489 428 2519 74
452 2489 577 2520 Centum
601 2487 733 2528 talentis]
764 2486 884 2518 Marcis
906 2486 1027 2528 argenti
1071 2486 1233 2528 apparebit
1255 2485 1495 2526 unumquodque
1522 2486 1673 2516 talentum
1696 2486 1750 2516 ha-

343 2533 438 2564 9375.
1070 2529 1173 2559 buisse
1187 2539 1240 2559 sex
1255 2528 1353 2558 millia
1369 2528 1575 2559 denariorum.
1621 2531 1750 2560 Constat

388 2576 429 2606 75
454 2573 622 2615 Quingenos
649 2573 796 2612 denarios]
833 2572 956 2609 Quinas
981 2582 1029 2601 ar·
1072 2578 1176 2602 autem
1213 2571 1363 2601 talentum
1393 2571 1499 2602 itidem
1527 2572 1669 2603 habmsse
1698 2582 1752 2603 sex

344 2617 430 2658 genti
458 2616 553 2647 libras
578 2616 740 2646 Romanas
762 2614 873 2655 pondo.
920 2616 1027 2662 Septe-
1072 2614 1171 2645 millia
1201 2613 1428 2644 drachmarum.
1479 2615 1619 2655 *ltaque
1656 2625 1749 2655 quum

345 2671 401 2691 nas
415 2669 537 2690 marcas
559 2663 709 2690 nostrates
731 2668 802 2688 cum
818 2668 871 2687 sex
886 2658 985 2688 unciis
999 2663 1029 2688 et
1073 2656 1220 2698 quingeni
1235 2655 1352 2686 denarii
1366 2656 1397 2686 in
1413 2657 1515 2698 capita
1531 2657 1663 2699 pretium
1683 2657 1750 2688 sue-

344 2702 515 2734 semuncia.
1073 2700 1143 2734 rint,
1173 2710 1210 2730 ex
1247 2710 1308 2729 uno
1342 2699 1460 2730 talento
1496 2701 1646 2742 redempti
1681 2711 1738 2731 sun

387 2747 428 2776 76
455 2745 540 2775 Mille
554 2746 629 2775 enim
643 2743 794 2784 ducentos]
826 2743 872 2773 Ex
889 2742 944 2772 hoc
960 2742 1026 2773 loco
1071 2741 1233 2773 duodecim
1251 2742 1402 2779 Romani,
1417 2754 1453 2773 ex
1469 2749 1592 2774 centum
1614 2743 1752 2774 talentis

345 2789 462 2819 dudum
499 2792 681 2818 annotatum
717 2791 763 2817 est
800 2785 959 2817 denarium
997 2792 1026 2815 et
1071 2786 1155 2817 mille
1170 2785 1308 2816 ducenti.

345 2831 524 2861 drachmam
542 2830 713 2873 promiscue
730 2829 821 2859 sumi.
867 2827 1025 2869 Quingen-
