1947 3222
144 263 186 295 U.
197 263 236 294 C.
248 262 322 297 557.

142 306 183 336 A.
195 306 233 338 C.
252 305 323 337 195.

144 487 268 535 Bellum
280 485 334 535 de-

143 535 277 562 cernitur
291 540 323 560 m

143 572 313 605 Nabidem.

145 769 311 807 Quinctius

142 813 243 854 Argos
254 823 340 844 exer-

144 855 240 887 citum
255 855 313 886 du—

142 898 196 931 cit.

360 149 434 183 154
730 142 733 143 ⁷
878 144 1029 186 ΤΙΤΙ
1074 143 1259 182 LIVII

356 253 411 294 tis
440 252 628 308 undique
657 251 968 309 increpantibus
991 251 1174 304 AEtolos‚
1194 267 1470 307 responsurum
1489 267 1532 294 se
1543 253 1682 307 fuisse
1699 255 1775 304 iis,

356 309 480 361 dixit,
502 310 584 350 m'si
604 310 664 351 ita
685 310 860 364 infensos
881 324 1011 351 omnes
1032 311 1076 350 in
1096 324 1160 351 eos
1178 312 1345 360 videret,
1368 316 1412 351 ut
1430 311 1601 351 sedandi
1613 311 1766 364 potius,

356 381 473 421 quam
496 368 710 417 irritandi,
726 373 868 408 essent.
904 368 1140 407 Contentum
1160 367 1297 421 itaque
1317 369 1509 421 opinione
1527 382 1589 416 ea,
1612 381 1700 421 quae
1716 369 1769 408 de

356 424 556 465 Romanis
584 424 817 477 AEtolisque
845 429 957 473 esset,
982 423 1137 477 referre
1163 439 1217 472 se,
1240 424 1362 475 dixit,
1384 426 1482 478 quid
1510 426 1559 465 de
1589 424 1770 465 Nabidis

358 480 461 521 bello
475 482 671 534 placeret,
689 482 772 521 nisi
786 481 972 521 redderet
989 481 1147 521 Achaeis
1169 482 1333 534 Algos?
1361 481 1509 530 Quum
1529 497 1671 523 omnes
1685 481 1772 523 bel-

358 537 447 579 lum
468 538 726 584 decressent3
759 536 917 577 auxilia
936 544 984 578 ut
1005 552 1082 593 pro
1103 537 1262 579 viribus
1283 539 1368 579 suis
1383 554 1564 595 quaeque
1580 538 1771 580 civita-tes

359 595 586 644 mitterent,
615 602 677 635 est
707 594 912 634 hortatus.
972 594 1046 635 Ad
1067 594 1234 635 AEtolos
1264 594 1449 650 legatum
1479 597 1603 637 etiam
1631 595 1768 637 misit:

358 651 491 707 magis
512 659 559 692 ut
587 650 766 691 nudaret
795 650 969 700 animos,
990 650 1036 691 id
1066 651 1182 707 quod
1208 652 1364 702 evenit,
1385 667 1512 707 quam
1543 667 1614 708 spe
1643 652 1773 708 impe-

360 708 461 750 trari
482 722 612 763 posse.

416 765 560 805 XXV.
595 763 799 806 Tribunis
828 763 1026 815 militum,
1049 771 1096 805 ut
1128 764 1357 806 exercitum
1388 766 1441 806 ab
1472 765 1613 807 Elatia
1641 781 1772 807 arces-

361 829 512 871 serent,
532 820 766 877 imperav-it.
829 822 912 862 Per
940 821 1107 862 eosdem
1135 820 1223 862 dies
1242 828 1285 862 et
1306 821 1506 862 Antiochi
1537 823 1699 878 legatis,
1721 821 1774 864 de

359 878 553 920 societate
593 878 830 934 agentibus,
863 877 1095 934 respondit,
1137 878 1262 918 Nihil
1295 893 1349 928 se,
1384 879 1610 920 absentibus
1644 881 1774 920 decem

357 936 519 990 legatis,
536 937 745 976 sententiae
764 935 923 976 habere.
970 935 1140 975 Romam
1156 936 1329 975 eundum
1343 937 1402 975 ad
1413 942 1592 976 senatum
1615 937 1667 977 iis
1682 950 1774 977 esse.

360 993 459 1049 Ipse
480 991 618 1048 copias
638 992 843 1034 adductas
867 993 923 1034 ab
945 992 1088 1034 Elatia
1114 992 1266 1033 ducere
1287 993 1429 1048 Argos
1449 993 1613 1049 pergit,
1645 1000 1774 1048 atque

357 1049 396 1091 ei
430 1049 540 1090 circa
580 1049 756 1090 Cleonas
791 1050 1031 1091 Aristaenus
1070 1057 1241 1105 praetor,
1277 1065 1374 1090 cum
1405 1049 1552 1091 deceni
1591 1049 1776 1091 millibus

358 1106 630 1156 Achaeorum,
652 1106 866 1161 equitibus
895 1106 1023 1156 mille,
1045 1105 1256 1148 obcurrit:
1289 1114 1328 1147 et
1351 1106 1467 1147 haud
1486 1106 1635 1162 procul
1664 1105 1777 1157 inde,

352 1163 514 1220 junctis
544 1162 811 1212 exercitibus,
842 1171 1074 1219 posuerunt
1103 1171 1250 1204 castra.
1313 1164 1487 1204 Postero
1516 1163 1584 1204 die
1605 1163 1647 1204 in
1669 1178 1777 1204 cam-

358 1236 462 1276 pum
478 1219 738 1276 Argivorum
751 1219 1070 1270 descenderunt,
1084 1227 1125 1260 et
1142 1227 1326 1275 quatuor
1340 1220 1470 1261 ferme
1484 1220 1614 1261 millia
1624 1220 1678 1261 ab
1695 1221 1779 1260 Ar-

359 1277 424 1332 gis
445 1277 582 1318 locum
598 1276 742 1318 castris
759 1276 942 1333 capiunt.
987 1276 1220 1318 Praefectus
1234 1276 1430 1333 praesidio
1450 1278 1665 1318 Laconum
1687 1285 1778 1318 erat

361 1334 640 1390 Pythagoras,
662 1348 790 1389 gener
818 1333 930 1374 idem
960 1333 1142 1390 tyranni,
1164 1342 1206 1374 et
1227 1333 1370 1376 uxoris
1400 1334 1490 1389 ejus
1515 1334 1668 1375 frater:
1702 1333 1777 1389 qui

362 1391 441 1432 sub
462 1391 690 1432 adventum
709 1391 997 1432 Romanorum
1016 1399 1060 1432 et
1081 1398 1282 1446 utrasque
1299 1406 1426 1440 arces,
1446 1390 1561 1442 (nam
1582 1391 1687 1432 duas
1707 1391 1780 1432 ha-

360 1448 462 1489 bent
476 1448 605 1503 Argi)
618 1455 662 1488 et
675 1447 765 1488 loca
776 1447 874 1497 alia,
889 1463 985 1504 quae
994 1456 1072 1489 >aut
1086 1456 1340 1503 opportuna,
1353 1455 1428 1489 aut
1442 1455 1634 1503 suspecta
1646 1455 1778 1498 erant,

361 1504 510 1545 validis
540 1503 746 1559 praesidiis
779 1504 975 1546 firmavit.
1017 1504 1091 1545 sed
1121 1505 1228 1545 inter
1263 1504 1426 1560 agenda
1458 1504 1549 1547 haec
1582 1518 1780 1559 pavorem

362 1561 563 1618 injectum
603 1560 789 1603 adventu
825 1561 1114 1603 Romanorum
1148 1560 1409 1602 dissimulare
1447 1560 1780 1617 haudquaquam

361 1626 551 1675 poterat:
585 1626 626 1660 et
647 1617 701 1660 ad
721 1626 942 1659 externum
962 1626 1163 1660 terrorem
1183 1618 1381 1659 intestina
1401 1618 1526 1660 etiam
1547 1617 1696 1660 seditio
1710 1633 1782 1660 ac-

363 1676 497 1717 cessit.
557 1674 780 1716 Damocles
810 1683 899 1716 erat
928 1675 1133 1731 Argivus,
1166 1674 1403 1718 adolescens
1438 1675 1606 1731 majoris
1637 1674 1781 1725 animi,

364 1747 493 1787 quam
523 1730 706 1772 consilii:
739 1731 813 1787 qui
834 1732 985 1788 primo,
1011 1731 1290 1788 jurejurando
1319 1732 1580 1787 interposito,
1603 1730 1655 1772 de
1675 1746 1783 1788 prae„

365 1788 472 1830 sidio
492 1787 740 1844 expellendo
760 1803 857 1829 cum
887 1787 1047 1831 idoneis
1070 1788 1331 1838 conlocutus,
1353 1788 1456 1829 dum
1477 1787 1585 1829 vires
1605 1788 1784 1845 adjicere

365 1845 643 1901 conjurationi
676 1845 834 1896 studet,
855 1844 1102 1888 ⁷⁷1'ncauti01·
1130 1844 1228 1885 fidei
1260 1844 1488 1886 aestimator
1516 1845 1611 1886 fuit.
1675 1847 1784 1888 Con-

364 1902 607 1958 loquentem
631 1917 728 1944 eum
760 1917 855 1945 cum
885 1903 972 1944 suis
1003 1902 1164 1944 satelles
1185 1916 1210 1942 a
1238 1902 1439 1958 praefecto
1467 1901 1617 1943 missus
1646 1918 1780 1958 quum

364 1967 602 2008 arcesseret,
644 1960 771 2001 sensit
815 1959 1032 2015 proditum
1068 1957 1288 2000 consilium
1338 1974 1450 2006 esse;
1501 1958 1780 2016 hortatusque

363 2017 620 2071 conjuratos,
643 2016 721 2071 qui
750 2015 940 2067 aderant,
969 2024 1017 2058 ut
1046 2016 1204 2072 potiuS,
1235 2031 1362 2072 quam
1391 2015 1547 2057 extorti
1577 2031 1784 2060 moreren-

366 2081 453 2123 tur,
475 2088 590 2114 arma
619 2087 759 2117 secum
791 2082 1009 2130 caperent:
1042 2081 1170 2129 atq-ue
1190 2072 1250 2115 ita
1272 2088 1368 2113 cum
1398 2072 1542 2129 paucis
1571 2073 1615 2114 in
1643 2073 1783 2117 forum

363 2129 427 2170 ire
454 2130 608 2186 pergit,
637 2130 867 2181 clamitans,
900 2139 964 2180 ut,
995 2130 1071 2186 qui
1103 2129 1257 2170 salvam
1284 2128 1584 2185 rempublicam
1614 2129 1784 2182 vellent,

367 2195 580 2227 auctorem
611 2195 653 2228 et
682 2187 832 2228 ducem
863 2203 905 2228 se
936 2187 1143 2229 libertatis
1179 2194 1464 2242 sequerentur.
1526 2186 1659 2229 Haud
1690 2203 1786 2229 sane

367 2243 499 2283 movit
520 2259 791 2299 quemquam,
809 2244 911 2300 quia
925 2244 1029 2285 nihil
1050 2259 1228 2300 usquam
1245 2243 1330 2299 sp'ei
1346 2243 1610 2299 propinquae,
1626 2243 1783 2286 nedum

369 2299 468 2340 satis
506 2300 616 2341 firmi
656 2301 856 2364 praesidii,
893 2302 1128 2342 cernebant.
1201 2301 1307 2341 Haec
1352 2299 1646 2340 vociferantem
1687 2316 1783 2343 eum

369 2356 693 2407 Laeedaemoni1,
715 2357 1049 2400 circumventum
1079 2372 1174 2399 cum
1205 2356 1305 2407 suis,
1332 2356 1643 2398 interfecerunt.
1674 2373 1783 2400 com-

364 2413 561 2470 prehensi
582 2414 733 2455 deinde
753 2415 927 2471 quidam
948 2424 989 2457 et
1011 2415 1092 2456 alii.
1125 2430 1175 2455 ex
1196 2414 1246 2454 iis
1265 2413 1387 2455 occisi
1417 2412 1573 2468 plures,
1595 2415 1718 2468 pauci
1739 2416 1784 2457 in

368 2470 599 2511 custodiam
632 2471 819 2528 conjecti.
850 2472 974 2514 multi
1003 2472 1195 2526 proxima
1223 2478 1359 2520 nocte,
1386 2469 1561 2510 funibus
1589 2483 1664 2525 per
1694 2487 1785 2513 niu-

369 2543 464 2568 rum
486 2527 669 2576 demissi,
691 2528 743 2569 ad
768 2528 976 2570 Romanos
997 2529 1326 2583 transfugerunt.

429 2583 607 2626 XXVI.
643 2584 885 2635 Quinctius,
917 2585 1236 2627 adfirmantibus
1269 2584 1334 2634 iis,
1366 2583 1399 2624 si
1434 2583 1488 2624 ad
1521 2591 1665 2639 portas
1697 2580 1783 2622 Ro-

366 2657 520 2682 manus
549 2641 756 2682 exercitus
783 2642 948 2692 suisset,
970 2657 1051 2684 non
1078 2643 1163 2683 sine
1184 2641 1337 2682 effectu
1367 2640 1562 2681 futurum
1583 2655 1678 2680 eum
1698 2653 1785 2679 mo-

374 2707 462 2739 tum
493 2697 636 2750 fuisse,
658 2706 715 2748 et,
737 2697 769 2739 si
790 2698 963 2754 propius
983 2707 1119 2741 castra
1147 2697 1482 2747 admoverentur,
1503 2711 1586 2738 non
1617 2696 1784 2752 quietu-

415 2819 648 2850 772111cantior
674 2819 751 2861 fidei
787 2821 941 2849 estimatur
966 2817 1054 2860 fnit]
1099 2823 1200 2849 caret:
1227 2823 1320 2860 atque
1339 2816 1384 2849 ita
1407 2827 1454 2849 res
1474 2815 1641 2852 emanavit.
1661 2813 1781 2859 prodita

367 2860 446 2891 Non
472 2867 520 2891 sut
546 2868 637 2893 caute
660 2861 809 2905 expendit
833 2861 925 2893 fidem
947 2871 1055 2893 corum
1100 2862 1140 2891 ab
1167 2860 1283 2904 aliquo,
1309 2860 1357 2893 cui
1384 2866 1498 2893 temere
1524 2860 1691 2892 commissa
1710 2857 1778 2888 fue-

372 2903 555 2944 quibuscum
582 2905 745 2938 consilium
770 2915 860 2937 suum
884 2905 1054 2937 communi-
1100 2910 1157 2936 rat.
1474 2919 1476 2921 ·
1763 2915 1768 2919 ·
