1947 3222
182 1180 349 1223 Amphissa

180 1225 367 1266 obpugnata.

183 1699 254 1730 Cos.
270 1699 300 1729 in
311 1709 380 1741 pro-

180 1752 312 1773 vinciam
329 1753 380 1773 ve-

134 1811 138 1813 .
182 1791 237 1817 nit.

187 2379 285 2410 AEtoli
301 2389 354 2421 pa-

185 2433 250 2452 cem
266 2433 349 2463 quae-

186 2470 266 2495 runt.

388 165 462 199 282
857 158 862 161 ’
908 161 1058 200 ΤΙΤΙ
1103 162 1277 200 LIVII

446 269 495 310 V.
529 267 714 334 Magnus
743 284 873 327 pavor
902 286 949 312 ac
979 271 1201 335 tumultus,
1228 278 1276 312 ut
1305 270 1348 311 in
1378 286 1423 312 re
1452 269 1676 326 inprovisa,
1697 268 1795 313 fuit.

346 351 354 360 ·
388 326 644 369 constantius
664 335 816 378 tamen,
838 343 964 393 quam
985 328 1080 384 quis
1106 329 1290 370 facturos
1310 328 1509 377 crederet,
1530 341 1572 367 111
1593 335 1678 368 tam
1700 328 1797 368 sub-

388 383 449 424 ito
481 383 680 439 periculo,
711 399 843 447 quum
878 385 957 425 viri
991 393 1318 447 propugnarent,
1349 385 1514 426 feminae
1546 383 1629 424 tela
1662 385 1797 425 omnis

388 441 550 496 generis
579 455 762 496 saxaque
791 456 830 480 m
857 456 997 481 muros
1027 449 1230 493 gererent,
1247 443 1360 497 Jam⁸
1381 441 1649 482 multifariam
1679 440 1797 481 scalis

388 497 603 563 adpositis,
625 498 771 538 urbem
798 512 846 537 eo
873 497 940 537 die
962 497 1251 539 defenderunt.
1311 498 1489 547 Acilius,
1512 498 1629 552 signo
1658 512 1798 553 recep-

388 555 453 595 tui
483 554 596 605 dato,
619 569 714 594 suos
743 554 786 593 in
816 561 950 594 castra
979 554 1116 594 medio
1149 555 1278 595 ferme
1308 555 1375 596 die
1403 554 1597 596 reduxit:
1631 561 1671 595 et
1696 561 1798 595 tunc

389 610 482 651 cibo
512 619 553 651 et
588 610 730 666 quiete
764 610 928 651 refectis
958 611 1216 666 corporibuS,
1238 612 1479 667 priusquam
1510 611 1542 635 ¹⁸
1554 610 1798 676 praetorium

390 667 633 731 dimitteret,
653 666 934 717 denunciavit,
950 674 995 707 ut
1014 674 1109 707 ante
1124 669 1243 708 lucem
1260 670 1412 708 armati
1424 670 1648 722 paratique
1663 674 1801 708 essene.

389 724 473 763 nisi
492 729 723 778 erpugnata
744 723 853 773 urbe,
874 738 915 764 se
935 739 999 765 eos
1019 725 1061 764 in
1082 731 1216 764 castra
1239 739 1316 765 non
1338 727 1600 766 reductwum.
1637 724 1800 765 Eodem

392 788 592 836 tempore,
615 795 703 843 quo
734 781 883 836 pridie,
914 781 1108 837 pluribus
1135 781 1234 822 10015
1264 782 1498 847 adgressus,
1519 797 1652 836 quum
1682 781 1800 837 oppi-

391 836 519 877 danos
547 837 636 893 jam
666 852 788 887 vlres,
811 838 899 893 jam
932 838 1028 888 tela,
1054 839 1142 894 jam
1173 846 1268 880 ante
1297 840 1436 879 omnia
1464 838 1625 879 animus
1655 838 1804 879 defice-

389 901 469 943 ret,
499 892 608 935 intra
648 909 801 958 paucas
835 895 956 936 horas
991 895 1137 935 urbem
1173 895 1294 958 cepit.
1358 895 1440 945 Ibi,
1471 894 1623 951 partim
1658 895 1801 935 diven-

390 949 493 1000 dita,
515 951 667 1006 partim
696 950 828 992 divisa
856 952 1014 1007 praeda,
1043 951 1259 992 consilium
1289 952 1496 1002 habitum,
1518 951 1622 1007 quid
1651 951 1801 992 deinde

389 1006 556 1048 faceret.
617 1008 785 1049 Nemini
825 1009 878 1049 ad
913 1010 1182 1064 Naupactum
1216 1009 1266 1049 iri
1306 1008 1478 1065 placuit,
1514 1016 1717 1063 occupato
1748 1007 1803 1049 ad

393 1064 591 1105 Coracem
612 1065 664 1106 ab
686 1064 838 1106 AEtolis
869 1065 991 1107 saltu.
1022 1081 1073 1106 ne
1097 1073 1236 1106 tamen
1268 1081 1408 1121 segma
1428 1065 1572 1106 aestiva
1591 1073 1739 1115 essent,
1761 1073 1813 1106 et>

392 1120 525 1161 AEtoli
560 1136 643 1162 non
677 1122 941 1185 impetratam
977 1137 1121 1179 pacem
1157 1123 1210 1163 ab
1246 1132 1389 1164 senatu
1425 1121 1693 1163 nihilominus
1727 1137 1802 1177 per

392 1192 509 1217 suam
543 1178 849 1219 cunctationem
884 1179 1097 1229 haberent,
1128 1179 1372 1235 obpugnare
1404 1179 1568 1219 Acilius
1603 1178 1803 1234 Amphis-

392 1249 479 1274 sam
511 1235 671 1276 statuit.
708 1235 761 1276 ab
794 1236 998 1276 Heraclea
1031 1251 1105 1291 per
1136 1236 1283 1276 O'e‘tam
1319 1235 1523 1277 exercitus
1555 1251 1603 1275 eo
1635 1235 1800 1277 ductus.

393 1292 535 1354 Quum
569 1291 623 1332 ad
657 1292 810 1333 moenia
845 1301 978 1334 castra
1011 1292 1231 1348 posuisset,
1262 1308 1343 1333 non
1379 1307 1542 1340 corona,
1580 1293 1686 1332 sicut
1723 1293 1804 1333 La-

391 1347 531 1397 miam,
546 1348 626 1388 sed
647 1348 842 1404 operibus
862 1349 1105 1405 obpugnare
1126 1349 1271 1390 urbem
1292 1358 1352 1391 est
1374 1349 1476 1390 ador
1480 1357 1558 1389 tus.
1605 1348 1806 1390 Pluribus

392 1404 515 1444 simul
542 1404 641 1445 locis
668 1421 772 1447 aries
801 1406 1128 1452 a<hnov3ebatur
1161 1414 1202 1446 et
1220 1421 1356 1481 quum
1378 1414 1650 1461 quaterentur
1679 1406 1804 1456 muri,

391 1461 495 1501 nihil
525 1461 724 1502 adversus
744 1463 776 1486 1⁹
790 1463 871 1503 tale
900 1461 1231 1503 machinationis‘
1251 1478 1382 1517 genus
1411 1477 1572 1526 parale,
1594 1471 1667 1504 aut
1698 1478 1807 1503 com-

391 1517 550 1580 minisci
578 1519 776 1574 oppidani
804 1520 1073 1560 conabantur.
1105 1519 1237 1559 omnis
1269 1534 1360 1582 spes
1389 1520 1432 1560 in
1463 1533 1586 1559 armis
1608 1528 1647 1560 et
1678 1519 1805 1560 audae

392 1574 455 1615 cia
484 1583 583 1616 erat.
602 1576 928 1638 eruptionibus=
948 1576 1100 1617 crebris
1131 1584 1172 1617 et
1208 1578 1403 1617 stationes
1438 1575 1637 1626 hostium,
1665 1583 1706 1617 et
1736 1592 1805 1617 005

392 1631 517 1686 ipsos,
540 1632 613 1687 qui
634 1633 743 1673 circa
762 1649 888 1689 opera
908 1642 948 1674 et
970 1633 1179 1674 machinas
1200 1642 1331 1683 erant,
1355 1633 1593 1675 tulbabant.

451 1689 526 1728 VI.
561 1688 712 1729 Multis
738 1698 876 1731 tamen
906 1690 1004 1730 10015
1035 1705 1182 1730 murus
1213 1689 1411 1731 decussus
1441 1698 1543 1739 erat,
1571 1705 1703 1745 quum
1733 1690 1805 1731 ad-

393 1744 524 1785 latum
565 1754 641 1795 est,
679 1761 966 1797 successorem,
1002 1746 1240 1809 Apollonia«2
1273 1747 1462 1802 exposito
1494 1747 1694 1795 exercitu,
1731 1762 1806 1803 per

394 1801 575 1857 Epirum
610 1818 656 1843 ac
690 1803 948 1843 Thessaliam
983 1818 1134 1843 v.en1re
1195 1803 1228 1825 2⁰
1244 1804 1353 1843 Cum
1387 1803 1584 1844 tredecim
1619 1803 1806 1845 milh‘bus

393 1858 584 1914 peditum
615 1867 655 1900 et
681 1860 922 1915 quingentis
952 1860 1166 1915 equitibus
1195 1860 1339 1900 consul
1372 1860 1573 1901 veniebat
1633 1860 1770 1900 Jam
1763 1876 1805 1901 111

395 1915 529 1955 simui
563 1894 812 1957 MaliacumD
815 1925 1009 1957 veneiat:
1042 1925 1084 1957 et
1114 1917 1335 1972 praemissis
1364 1918 1597 1972 Hypatam,
1619 1916 1693 1972 qui
1724 1925 1807 1958 tra-

393 1971 489 2012 dere
524 1972 671 2014 urbem
701 1973 915 2029 juberent,
946 1982 1168 2029 postquam
1200 1988 1442 2029 responsum
1474 1982 1551 2023 est,
1581 1972 1700 2023 nihil,
1727 1973 1807 2015 nisi

395 2044 444 2068 ex
466 2030 676 2070 communi
699 2029 866 2071 AEtolor
870 2045 940 2071 um
968 2030 1148 2080 decreto,
1170 2031 1379 2078 factm-305
1412 2045 1463 2071 ne
1493 2038 1651 2072 teneret
1673 2045 1714 2071 se
1730 2031 1808 2093 ob-

394 2086 598 2140 pugnatio
639 2087 840 2143 Hypatae,
881 2087 1068 2128 nondum
1110 2087 1334 2143 Amphissa
1375 2093 1555 2143 recepta,
1596 2086 1809 2143 praemisso

395 2141 524 2183 fratre
555 2143 773 2195 Africano,
795 2144 1066 2200 Amphissam
1096 2144 1225 2185 ducit.
1290 2144 1377 2185 Sub
1407 2144 1634 2185 adventum
1665 2158 1808 2184 eorum

396 2198 610 2253 oppidani,
641 2200 785 2242 relicta
817 2201 932 2250 urbe,
967 2201 1074 2256 (jam
1104 2200 1212 2241 enim
1242 2216 1394 2256 magna
1420 2216 1471 2242 ex
1502 2209 1620 2256 parte
1649 2199 1810 2241 nudata

398 2256 606 2296 moenibus
646 2260 754 2320 erat)
796 2257 836 2297 111
877 2272 1028 2307 arcem,
1065 2273 1191 2313 quam
1233 2257 1597 2313 inexpugnabilem
1637 2256 1809 2307 habent,

399 2326 540 2352 omnes
561 2313 706 2354 armati
730 2322 857 2370 atque
886 2315 1062 2355 inermes
1082 2329 1331 2355 0000055010.
1394 2313 1548 2355 Consul
1581 2328 1650 2353 sex
1683 2312 1812 2353 millia

399 2367 528 2409 ferme
562 2385 761 2425 passuum
798 2371 894 2411 inde
929 2371 1068 2426 posuit
1104 2379 1248 2411 castra.
1291 2386 1339 2411 eo
1374 2369 1498 2425 legati
1534 2369 1812 2411 Athenienses

398 2425 581 2479 primum
612 2426 666 2467 ad
698 2428 745 2467 l‘.
771 2427 1018 2483 Scipionem,
1049 2442 1325 2484 praegressum
1361 2441 1524 2482 agmen,
1556 2425 1681 2477 (sicut
1717 2434 1813 2467 ante

460 2523 548 2560 ejam
564 2521 626 2553 del.
641 2522 739 2553 Gron.
755 2523 846 2553 Crev.
933 2523 948 2547 f
958 2524 1180 2564 oppugnacimiis
1193 2524 1281 2552 Crev.
1369 2524 1386 2549 Β
1401 2522 1563 2559 eruptionib
1566 2531 1652 2561 usque
1666 2519 1748 2552 Ead-

443 2606 511 2636 18·
526 2606 695 2637 Proetm-inm
719 2607 893 2648 dimitteret]
922 2607 996 2638 vid.
1020 2612 1082 2637 not.
1127 2612 1172 2637 tro
1190 2606 1308 2637 Victor.
1330 2605 1485 2640 exhibent,
1505 2607 1555 2646 qai
1576 2606 1654 2636 circa
1677 2615 1761 2644 opera
1782 2611 1810 2636 et

398 2649 450 2679 47.
465 2649 504 2679 ad
520 2650 620 2680 XXI.
636 2651 687 2680 54.
1127 2650 1350 2679 machinationes
1365 2655 1460 2683 eram,
1476 2658 1536 2678 non
1552 2650 1708 2680 machinas.
1749 2648 1811 2679 Sed

444 2692 483 2722 19
520 2692 589 2722 'lale
623 2693 844 2734 oppugnatamis
879 2692 987 2733 genus]
1034 2691 1083 2722 Sic
1127 2702 1234 2733 parum
1250 2692 1387 2722 interest.

400 2733 512 2765 habere
558 2735 684 2777 scriptos
728 2740 856 2765 testatur
899 2734 1083 2765 Gronovius.
1169 2736 1211 2764 20
1236 2736 1310 2764 Cam
1340 2736 1475 2764 tredecim
1509 2735 1636 2764 millibus
1664 2733 1810 2774 peditum]

403 2777 504 2816 Xulgn
524 2779 760 2808 machinationis:
783 2788 853 2819 quae
875 2788 931 2807 vox
958 2777 1015 2807 etsi
1039 2783 1084 2807 to·
1129 2776 1179 2807 Sic
1205 2777 1381 2808 emendavit
1404 2776 1556 2819 Sigonius.
1599 2777 1702 2807 Antea
1728 2776 1810 2816 lege-

403 2819 489 2850 letari
528 2825 657 2862 poterat,
694 2821 795 2851 minus
829 2826 932 2850 tamen
975 2819 1086 2850 idonea
1130 2819 1219 2849 batur
1260 2831 1324 2850 man
1365 2822 1456 2850 tribas
1496 2821 1621 2851 millibus
1663 2821 1811 2859 peditam.-

402 2861 471 2892 huic
495 2862 560 2893 loto
584 2864 646 2895 visa
669 2863 870 2895 es1.Paulo
894 2863 971 2893 infra
993 2862 1085 2892 iidem
1131 2862 1222 2899 male,
1243 2869 1272 2893 ut
1298 2863 1449 2894 constabit
1474 2862 1627 2903 superiora
1652 2860 1812 2903 relegenti-

402 2904 522 2935 cedices·
552 2907 751 2942 (uionoxiani,
780 2905 987 2937 consentu-nu·
1020 2916 1086 2935 nos.
1132 2905 1198 2936 bus.
