1947 3222
328 138 402 172 500
856 136 1002 175 TITI
1040 136 1210 175 LIVII

286 271 295 280 .
329 242 626 299 Hispanorum.
686 244 850 287 Audita
870 261 1040 287 suorum
1064 246 1194 296 clade,
1217 246 1363 296 missis,
1385 246 1458 302 qui
1479 247 1602 288 fidem
1624 244 1738 288 veni-

283 313 291 322 ·
327 300 412 340 enti
451 300 493 341 in
527 309 662 343 castra
695 301 748 342 ad
785 302 1024 343 Gracchum
1058 311 1263 358 peterent,
1299 303 1421 344 venit.
1472 312 1514 344 et
1551 303 1736 359 primum

326 355 562 411 ⁷⁸quaesivit
582 358 636 399 ab
656 373 718 408 eo,
741 373 790 399 ne
809 359 884 399 sibi
912 360 1050 399 liceret
1069 374 1118 399 ac
1136 361 1218 400 suis
1237 361 1397 400 vivere?
1429 375 1561 416 quum
1581 368 1736 415 praetor

327 413 515 454 victurum
554 414 858 471 respondissem
911 415 1104 470 quaesivit
1143 415 1310 466 iterum,
1345 418 1382 457 εἰ
1415 431 1499 456 cum
1539 416 1738 456 Romanis

327 470 508 511 militare
539 471 705 512 liceret?
748 471 791 512 id
826 486 997 526 quoque
1034 471 1225 512 Graccho
1258 473 1540 528 permittente,
1575 486 1734 526 sequar,

327 525 480 582 inquit,
502 541 568 568 vos
597 529 785 568 adversus
805 534 950 568 veteres
978 529 1101 568 socios
1130 543 1245 577 meos,
1271 531 1456 582 quoniam
1487 531 1577 570 illos
1601 531 1658 569 ad
1675 544 1737 569 me

327 581 558 636 7⁹pr0piunt
593 585 800 637 suspicere.
863 585 1040 625 Secutus
1071 592 1134 625 est
1167 585 1265 626 inde
1298 585 1521 636 Romanos,
1551 585 1736 642 fortique

328 654 375 680 ac
395 639 507 681 fideli
526 655 653 696 opera
671 640 815 682 multis
834 640 933 681 locis
953 656 1041 681 rem
1062 641 1294 682 Romanam
1314 642 1488 698 adjuvit.

385 696 437 736 L.
470 696 655 752 Ergavia
683 697 794 747 inde,
815 697 965 738 nobilis
994 706 1036 738 et
1065 706 1213 754 potens
1242 698 1401 748 civitas,
1423 699 1597 741 aliorum
1626 700 1736 740 circa

327 753 580 807 populorum
607 753 795 795 cladibus
819 754 978 804 territa,
999 762 1140 809 portas
1169 756 1334 810 aperuit
1356 755 1567 796 Romanis.
1626 757 1734 797 Eam

327 808 581 850 deditionem
607 810 858 866 oppidorum
887 811 1003 852 haud
1022 826 1115 851 cum
1138 811 1220 851 fide
1248 812 1415 860 factam,
1438 811 1610 867 quidam
1639 827 1735 853 auc-

327 872 436 906 tores
457 875 565 908 sunt.
591 882 613 907 e
629 882 714 922 qua
731 867 898 923 regione
919 867 1176 918 abduxisset,
1193 868 1387 923 legiones,
1410 868 1619 924 extemplo
1639 868 1735 909 inde

325 921 586 973 rebellatum,
608 939 843 979 magnoque
864 939 959 964 eum
980 932 1123 980 postea
1150 925 1298 980 proelio
1317 925 1371 966 ad
1392 933 1573 966 montem
1596 925 1734 966 Chau-

324 979 439 1018 num*
460 994 555 1020 eum
578 980 797 1021 Celtiberis
817 996 842 1021 a
861 981 996 1036 prima
1015 981 1107 1021 luce
1128 980 1181 1021 ad
1203 990 1359 1033 sextam
1386 982 1530 1022 horam
1551 981 1632 1023 diei
1655 982 1735 1037 sig-

323 1034 388 1075 nis
407 1036 580 1077 conlatis
598 1051 832 1092 pugnasse3
859 1037 1013 1079 multos
1026 1038 1240 1093 utrimque
1260 1038 1464 1079 cecidisse.
1490 1038 1603 1079 ⁸⁰nec
1619 1038 1733 1079 aliud

323 1105 588 1148 magnopere,
610 1108 660 1133 ne
691 1094 821 1134 victos
852 1094 1052 1143 crederes,
1073 1094 1215 1135 fecisse
1247 1095 1492 1146 Romanos&
1513 1095 1591 1136 nisi
1616 1095 1733 1151 quod

322 1156 490 1201 postero
524 1149 590 1189 die
630 1149 879 1190 lacessierint
919 1150 1066 1205 proelio
1101 1150 1351 1192 ⁸¹manentes
1389 1151 1499 1193 intra
1532 1151 1728 1198 vallum¹;

323 1203 454 1258 spolia
482 1219 556 1260 per
587 1213 725 1247 totum
754 1206 865 1246 diem
894 1206 1126 1262 legerintm3
1159 1207 1282 1248 tertio
1302 1208 1369 1248 die
1398 1209 1546 1263 proelio
1575 1209 1730 1264 majore

320 1257 471 1301 iterum
499 1271 760 1317 pugnatum3
793 1270 834 1303 et
855 1271 946 1304 tum
967 1263 1136 1303 demum
1165 1263 1281 1304 haud
1301 1264 1428 1305 dubie
1448 1265 1579 1306 victos
1602 1264 1731 1306 Celti-

317 1315 451 1366 beros,
474 1326 691 1373 castraque
721 1334 864 1360 eorum
894 1328 1016 1375 capta
1036 1328 1077 1360 et
1098 1319 1262 1376 direpta
1290 1336 1387 1361 esse.
1450 1321 1610 1377 Viginti
1641 1322 1728 1362 duo

315 1372 446 1413 millia
473 1373 657 1415 hostium
678 1391 726 1416 eo
747 1375 814 1416 die
844 1391 930 1417 esse
960 1391 1078 1425 caesa,
1100 1376 1196 1432 plus
1225 1385 1429 1418 trecentos
1459 1386 1624 1434 captos:
1656 1393 1728 1434 pa-

312 1442 400 1469 rem
424 1429 510 1471 fere
531 1446 735 1487 equorum
755 1447 1002 1479 numerum;
1035 1444 1076 1474 et
1099 1433 1216 1488 signa
1235 1433 1430 1475 militaria
1463 1435 1728 1490 septuaginta

310 1484 407 1526 duo.
451 1486 547 1528 inde
582 1487 852 1539 debellatum,
893 1489 1156 1544 8⁶2veramque
1194 1505 1353 1546 pacem,
1388 1505 1470 1532 non
1510 1490 1638 1541 fluxa,
1672 1499 1721 1533 ut

309 1549 419 1592 ante,
453 1543 549 1593 fide,
586 1544 815 1586 Celtiberos
844 1545 997 1586 fecisse.
1060 1546 1221 1587 Eadem
1251 1555 1394 1588 aestate
1423 1556 1463 1589 et
1496 1548 1546 1588 L.
1570 1549 1722 1589 Postu-

307 1597 437 1639 mium
468 1599 509 1640 in
536 1600 740 1656 Hispania
769 1601 965 1643 ulteriore
994 1603 1059 1643 bis
1089 1618 1185 1644 cum
1207 1603 1390 1645 Vaccaeis
1419 1604 1583 1660 egregie
1612 1619 1720 1668 pug-

306 1667 424 1696 nasse
454 1657 652 1698 scribunt.
684 1658 737 1698 ad
759 1658 931 1713 triginta
952 1667 992 1700 et
1014 1659 1200 1715 quinque
1230 1660 1360 1700 millia
1388 1661 1592 1702 hostiumn
1611 1676 1716 1702 occl-

306 1709 427 1761 disse,
450 1712 530 1754 ⁸³et
554 1722 687 1755 castra
716 1714 990 1771 obpugnasse.
1050 1715 1272 1772 8“Propius
1299 1732 1396 1758 vero
1426 1725 1502 1767 est,
1526 1717 1654 1759 serius
1674 1717 1738 1759 in'

347 1799 358 1822 ἦ
376 1804 511 1835 Caunum
529 1806 625 1837 Gron.
642 1807 735 1838 Crev.
819 1807 838 1830 k
854 1819 1024 1849 magnopere
1040 1808 1260 1850 zvictsrresfuisse
1278 1809 1429 1846 Romanos,
1448 1810 1545 1841 Gron.
1631 1810 1641 1834 ¹
1657 1823 1717 1841 ma·

304 1853 402 1876 nentes
416 1849 497 1878 iutra
512 1850 620 1879 vallum
634 1850 739 1888 proelio
755 1851 937 1880 lacessierint.
957 1851 1053 1881 Gron.
1071 1851 1161 1882 Crev.
1272 1855 1295 1872 ¹¹¹
1310 1852 1423 1893 legisse:
1447 1853 1535 1885 Eaed.
1637 1861 1652 1875 ¹¹
1667 1855 1716 1885 ho-

306 1890 418 1918 minum
434 1890 520 1920 Eaetl.

354 1974 394 2004 78
430 1974 571 2008 Qnoesirit
600 1978 635 2006 ab
662 1989 702 2013 ea,
732 1989 766 2008 ne
798 1980 850 2008 sibi
878 1980 990 2021 liceret]
1037 1984 1065 2009 et
1097 1979 1225 2015 clerico,
1256 1980 1286 2010 in
1315 1986 1491 2012 contextum
1526 1981 1715 2014 admittenda

312 2016 386 2046 Non
398 2016 607 2058 improbabilis
618 2025 664 2050 est
678 2020 789 2051 Clerici
799 2022 990 2063 conjectura:
1036 2022 1102 2053 visa
1124 2029 1180 2056 est.
1197 2034 1291 2063 quum
1308 2028 1338 2053 et
1353 2033 1474 2054 sensum
1497 2025 1646 2066 optimum
1669 2025 1713 2056 ef-

312 2061 450 2098 φιττςίυἰτ,
466 2071 541 2090 anne
553 2063 604 2092 sibi
621 2063 728 2093 liceret.
1037 2064 1131 2099 ficiat,
1162 2076 1216 2096 nec
1252 2066 1356 2106 procul
1394 2066 1522 2097 abludat
1559 2078 1577 2098 a
1605 2068 1714 2099 veteris

356 2103 396 2132 79
435 2103 581 2142 Propium
608 2106 764 2146 suspicere]
820 2107 994 2138 Gronovius
1037 2107 1192 2149 scriptume
1210 2108 1351 2149 vestigiis.

310 2145 491 2185 suspicatur.
535 2148 635 2186 piguit
678 2151 831 2187 respicere:
883 2161 990 2191 parum
1077 2152 1114 2180 81
1144 2151 1294 2181 Manentes
1316 2153 1392 2181 intra
1416 2153 1542 2193 vallum]
1577 2153 1712 2185 Celtibe-

310 2186 402 2217 clare.
449 2188 546 2218 Nobis
576 2190 671 2220 satius
704 2190 822 2221 videtur
850 2192 881 2222 in
910 2193 989 2233 ejus·
1035 2203 1082 2223 ros
1097 2194 1383 2232 prffliolaeessferint
1400 2194 1543 2226 Romani.

310 2229 393 2259 modi
423 2230 496 2260 locis
524 2231 622 2266 silere,
653 2243 746 2273 quam
774 2234 906 2265 incertas
935 2236 990 2266 :xd-
1076 2236 1116 2266 82
1143 2236 1299 2276 Verumque
1320 2248 1417 2275 pacem
1443 2261 1450 2267 .
1473 2261 1480 2267 .
1502 2261 1509 2268 .
1526 2261 1534 2268 .
1560 2238 1712 2269 Celtiberos

310 2271 434 2301 modum
460 2278 577 2304 tentare
603 2276 804 2316 conjecturas.
850 2279 990 2308 *Sensus
1023 2277 1146 2320 fecisse]
1194 2280 1343 2320 Reposuit
1369 2279 1510 2320 Sigonius
1530 2280 1636 2319 secisse
1657 2292 1711 2323 pro

308 2319 410 2353 patet:
438 2315 582 2355 quoniam
605 2316 672 2347 illos
695 2328 801 2359 parum
825 2325 878 2350 aut
900 2321 987 2356 fidos,
1021 2320 1130 2361 fuisse.

308 2362 361 2386 aut
373 2362 512 2397 potentes
524 2366 667 2400 expertus
681 2371 757 2392 sum.
1074 2365 1114 2393 83
1140 2364 1177 2393 Et
1193 2371 1287 2394 castra
1310 2366 1503 2406 njymgmzsse]
1542 2365 1624 2406 Lege
1639 2377 1709 2398 cum

350 2400 490 2431 80*Nec
517 2402 601 2431 alind
631 2414 811 2443 magnopere,
839 2416 874 2435 ne
902 2407 988 2435 Netos
1031 2406 1187 2437 Gronovio
1199 2418 1381 2447 expugnasse.

306 2443 443 2477 crederes,
461 2443 567 2483 jecisse
597 2444 752 2487 Romanos]
808 2447 873 2477 Noc
901 2448 984 2478 aliud
1071 2449 1112 2478 84
1143 2449 1267 2488 Propius
1296 2461 1358 2479 reru
1385 2457 1435 2484 est,
1463 2452 1554 2480 serius
1583 2453 1612 2481 in
1639 2463 1707 2490 pro-

306 2482 368 2513 fero
394 2484 500 2515 secisse
532 2487 699 2523 Romanos,
729 2488 809 2518 unde
841 2497 985 2531 appareat
1027 2492 1152 2521 vinciam
1180 2493 1351 2533 pervenisse]
1406 2493 1477 2522 Non
1510 2493 1708 2534 intelligimus

306 2536 357 2556 eos
378 2537 437 2558 non
462 2527 553 2558 fuisse
576 2530 680 2561 victos.
726 2534 751 2570 ἢ·
761 2532 856 2561 Totus
870 2533 917 2563 hic
941 2534 984 2563 lo-
1029 2533 1182 2573 quomodo
1204 2534 1235 2565 id
1258 2544 1275 2564 a
1301 2534 1386 2565 Livio
1408 2535 1467 2565 dici
1490 2535 1630 2576 potuerit,
1654 2539 1707 2579 qui

305 2578 359 2598 cus
382 2569 585 2600 miserandum
614 2572 644 2601 in
668 2572 790 2603 modum
811 2574 933 2605 luxatus
957 2582 986 2605 et
1030 2576 1221 2606 Postumium
1245 2577 1395 2618 superiore
1424 2587 1504 2607 anno
1533 2579 1651 2610 venisse
1673 2580 1706 2611 in

307 2610 494 2643 deformatus
523 2618 587 2644 erat
613 2614 644 2644 in
672 2616 854 2646 Germanico
883 2628 985 2648 cxcm-
1031 2618 1214 2659 Hispaniam
1237 2609 1416 2649 mem'oravit
1438 2631 1528 2661 supra
1550 2631 1577 2651 c.
1601 2622 1652 2652 39.
1675 2629 1706 2653 et

308 2654 398 2693 plari.
443 2655 492 2686 Sic
529 2666 636 2698 nempe
665 2667 696 2687 se
734 2657 877 2693 habebat,
908 2666 984 2691 teste
1031 2660 1086 2691 hoc
1107 2661 1171 2703 ipso
1197 2672 1277 2692 anno
1300 2672 1357 2692 non
1381 2663 1506 2693 obscure
1529 2663 1645 2694 indicat
1669 2664 1706 2696 il-

310 2696 484 2728 Gronovio:
528 2709 579 2729 vec
610 2701 693 2729 aliud
718 2711 888 2741 magnopere
923 2704 984 2731 her-
1029 2703 1090 2734 lum
1107 2704 1213 2734 eodem
1230 2710 1364 2744 temporo
1379 2704 1410 2734 in
1427 2706 1572 2737 necatos
1588 2707 1705 2748 profec-

307 2740 367 2768 biee
393 2743 520 2771 crederes
537 2742 636 2782 fuisse
669 2742 816 2776 Romanos.
848 2745 900 2773 nisi
933 2748 982 2784 qni
1026 2751 1089 2776 tum
1109 2756 1185 2779 esse.
1202 2757 1262 2786 quo
1282 2747 1441 2778 (iram—hus
1456 2748 1486 2778 in
1502 2749 1608 2779 ultima
1633 2750 1705 2780 Cel-

307 2788 414 2819 ymsrero
440 2785 486 2813 die
510 2785 687 2815 arm-sierint
714 2793 858 2816 manentes
884 2789 983 2825 prrrlio
1027 2788 1141 2817 tiberin!
1163 2789 1315 2829 profectus
1337 2796 1391 2819 est.
1438 2791 1504 2821 Hoc
1527 2797 1556 2821 ct
1573 2792 1704 2822 Glarea—

306 2825 395 2862 spolia
416 2827 494 2856 intra
524 2829 632 2857 vallum
659 2839 709 2866 per
734 2835 822 2858 totum
846 2831 918 2859 diem
943 2831 980 2859 Ie-
1027 2840 1083 2859 nus
1097 2832 1319 2863 observaverat.
1354 2833 1399 2863 Ex
1415 2833 1550 2873 ejusdem
1568 2834 1704 2865 adhunc

304 2867 398 2906 gissa.
445 2869 626 2900 Emendatio
649 2871 806 2905 Gronovii.
832 2870 927 2905 nobis.
951 2878 983 2903 ut
1027 2873 1125 2904 locum
1143 2881 1212 2905 nota
1237 2882 1362 2917 apparet
1377 2875 1408 2905 in
1430 2875 1465 2905 iis
1486 2886 1554 2917 quae
1570 2877 1704 2919 proxime
