1947 3222
165 205 205 235 U.
219 207 255 235 C.
269 206 343 236 557.

165 247 204 279 A.
219 248 256 279 C.
274 248 342 278 195.

164 421 246 459 Yicti
259 432 278 452 a
293 424 334 458 Q.

160 464 301 494 Minucio

164 506 304 549 Hispani.

383 91 452 124 128
902 85 1040 124 TITI
1093 85 1258 123 LIVII

377 204 480 235 tuin.
542 194 622 235 Per
662 195 825 236 eosdem
866 195 953 237 dies
995 197 1042 237 C.
1074 195 1292 245 Claudius,
1336 196 1419 251 Ap.
1447 194 1570 244 filius,
1608 195 1790 236 Pulcher

376 265 512 306 augur
532 250 574 292 in
596 252 644 301 Q.
669 251 789 293 Fabii
812 253 990 293 Maximi
1023 252 1174 303 locum,
1197 252 1270 307 qui
1300 251 1435 308 priore
1465 260 1791 293 anno‘mortuus

376 315 480 358 erat,
502 306 634 349 lectus
662 308 1024 364 inauguratusque
1044 316 1117 350 est.
1180 308 1436 350 Mirantibus
1460 308 1549 364 jam
1569 308 1698 364 vulgo
1717 308 1792 349 ho-

376 363 570 415 minibus,
595 365 710 421 quod
742 365 948 420 Hispania
976 365 1185 415 movisset,
1213 365 1369 406 bellum
1401 364 1579 420 neglegi,
1605 365 1738 405 literae
1767 380 1793 405 a

377 422 425 471 Q.
446 420 635 461 Minucio
656 422 807 462 adlatae
829 429 940 470 sunt,
963 423 1013 463 Se
1032 423 1089 461 ad
1114 422 1288 462 Turbam
1309 423 1497 475 oppidum
1518 436 1601 461 cum
1627 421 1794 461 Budare

375 484 413 518 et
443 478 650 526 Besasicle,
681 478 990 530 imperatoribus
1010 479 1233 531 Hispanis,
1253 480 1377 532 signis
1407 480 1577 519 conlatis
1601 492 1795 531 prospere

367 549 591 589 pugnasse.-
624 536 826 574 duodecim
852 536 982 575 millia
1013 536 1181 576 hostium
1201 550 1324 577 ccesa:
1356 537 1559 576 Budarem
1583 537 1795 588 imperato-

374 607 455 632 rem
475 597 655 644 captum:
686 598 833 632 ceteros
846 591 970 645 fusos
981 592 1245 647 fugatosque.
1308 592 1388 633 His
1418 592 1548 634 literis
1568 592 1698 642 lectis,
1720 591 1795 632 mi-

376 664 454 689 nus
475 647 642 689 terroris
663 648 716 688 ab
739 648 940 704 Hispanis
970 658 1072 699 erat,
1096 649 1207 690 unde
1227 650 1374 704 ingens
1402 649 1559 690 bellum
1581 656 1794 704 exspecta-

377 714 466 746 tum
488 704 638 744 fuerat.
702 706 855 746 Omnes
885 721 1012 756 curae,
1034 714 1126 761 post
1157 705 1384 746 adventum
1408 706 1555 761 utique
1576 706 1718 746 decem
1739 705 1795 745 le-

374 770 584 816 gatorum,
625 761 669 801 in
709 762 969 803 Antiochum
1017 777 1157 818 regem
1197 777 1416 802 conversae.
1478 762 1553 812 Hi,
1595 761 1794 818 expositis

375 818 506 873 prius,
528 832 625 873 quae
645 833 741 858 cum
764 818 963 875 Philippo
982 827 1076 860 acta
1101 828 1250 868 essent,
1273 826 1314 859 et
1336 818 1491 873 quibus
1511 818 1674 874 legibus
1696 818 1796 859 data

375 889 473 930 pax,
496 889 578 915 non
609 874 809 915 minorem
839 876 937 916 belli
968 876 1118 917 molem
1151 883 1306 916 restare
1335 875 1388 915 ab
1410 875 1622 916 Antiocho
1647 875 1797 916 docue-

374 939 486 972 runt.
548 932 713 985 Ingenti
741 933 878 982 classe,
901 934 1062 987 egregio
1091 933 1276 973 terrestri
1305 934 1496 980 exercitu,
1521 933 1565 972 in
1585 933 1795 984 Europam

375 1002 463 1028 eum
493 988 709 1042 trajecisse.
742 990 824 1030 nisi
857 991 1067 1030 avertisset
1102 1004 1208 1030 vana
1237 1003 1337 1041 spes,
1361 1004 1409 1029 εει)
1443 990 1610 1029 vaniore
1642 1003 1798 1029 rumore

375 1051 480 1093 orta,
504 1045 686 1101 AEgypti
705 1047 956 1095 invudendae,
980 1062 1070 1087 mox
1099 1047 1198 1087 bello
1222 1046 1425 1086 Graeciam
1449 1060 1631 1086 arsuram
1644 1046 1793 1099 fuisse.

375 1116 500 1156 neque
520 1105 624 1143 enim
645 1117 695 1143 ne
716 1103 877 1144 AEtolos'
901 1105 1057 1158 quidem
1078 1106 1290 1158 quaenam,
1314 1117 1430 1157 quum
1452 1104 1616 1157 ingenio
1637 1104 1796 1157 inquie-

374 1165 471 1208 tam,
494 1166 574 1200 tum
597 1162 746 1200 iratam
768 1161 966 1202 Romanis
986 1168 1157 1215 gentem.
1217 1161 1394 1201 Hoerere
1414 1167 1451 1200 et
1472 1162 1589 1200 aliud
1609 1161 1652 1200 in
1673 1161 1796 1201 visce-

373 1217 484 1257 ribus
508 1216 684 1258 Grcecice
714 1219 858 1272 ingens
887 1220 1046 1267 malum,
1071 1218 1227 1267 Nabin,
1250 1231 1354 1257 nunc
1382 1218 1794 1265 Lacedoemoniormm

374 1288 476 1322 mox,
498 1276 535 1315 si
554 1275 687 1324 liceat,
712 1276 908 1316 universae
931 1275 1108 1317 Grcecice
1120 1275 1313 1329 ficturum
1343 1281 1579 1329 tyrannum:
1612 1275 1796 1315 avaritia

374 1337 412 1371 et
431 1333 671 1372 crudelitate
690 1333 951 1386 omnessama
971 1333 1187 1373 celebratos
1207 1339 1398 1386 tyrannos
1419 1337 1652 1385 aequantem.
1716 1332 1796 1374 Cui

373 1388 407 1428 si
427 1388 570 1442 Argos,
594 1390 699 1429 velut
719 1404 849 1430 arcem
870 1391 1146 1442 Peloponneso
1166 1390 1396 1442 inpositam,
1419 1395 1552 1429 tenere
1571 1390 1706 1437 liceat,
1728 1390 1796 1429 de-

366 1447 550 1497 portatis
584 1447 626 1485 in
652 1447 823 1486 Italiam
842 1447 1041 1487 Romanis
1070 1447 1319 1496 exercitibus,
1347 1447 1614 1499 nequidquam
1644 1445 1794 1486 libera-

373 1508 485 1542 tama
506 1503 708 1555 Philippo
731 1504 933 1543 Graeciam
951 1502 1062 1555 sore,
1082 1518 1159 1556 pro
1179 1517 1285 1557 rege,
1307 1503 1343 1543 si
1363 1503 1466 1542 nihil
1485 1503 1615 1552 aliud,
1637 1503 1796 1556 longin-

374 1573 448 1613 quo
469 1561 641 1600 vicinum
663 1566 878 1614 tyrannum
901 1561 1094 1601 dominum
1115 1560 1360 1600 habituram.

432 1616 573 1657 XLV.
595 1616 628 1640 2⁵
644 1618 750 1658 Haec
771 1632 905 1672 quum
924 1618 1013 1672 jam
1033 1618 1087 1659 ab
1107 1617 1308 1673 gravibus
1328 1615 1583 1665 auctoribus,
1608 1623 1699 1657 tum
1720 1616 1794 1671 qui

373 1672 511 1713 omnia
539 1688 614 1728 per
645 1689 686 1714 se
716 1673 826 1729 ipsos
861 1673 1078 1729 explorata
1108 1674 1325 1723 referrent,
1354 1672 1571 1714 audirentd
1590 1673 1793 1728 majores;

373 1729 501 1785 quodv
524 1730 579 1771 ad
610 1730 869 1771 Antiochum
910 1730 1131 1780 adtineret,
1160 1729 1411 1771 maturanda
1444 1729 1523 1778 his,
1552 1744 1682 1784 quum
1720 1744 1792 1771 rex

373 1801 640 1842 quacumque
676 1787 728 1827 de
759 1802 905 1828 caussa
943 1788 985 1827 in
1021 1788 1184 1843 Syriam
1219 1786 1497 1835 concessisset,
1531 1785 1582 1826 de
1617 1793 1795 1841 tyranno

373 1843 623 1891 consultatio
655 1843 744 1884 visa
777 1852 850 1885 est.
913 1845 1054 1894 Quum
1090 1844 1164 1885 diu
1195 1843 1473 1899 disceptatum
1505 1850 1626 1891 esset,
1648 1850 1793 1883 utrum

367 1898 457 1955 jam
478 1915 634 1941 caussae
664 1901 764 1942 satis
785 1901 1013 1951 videretur,
1034 1900 1068 1925 ²⁶
1084 1916 1158 1941 cur
1179 1900 1485 1949 decerneretur,
1507 1914 1558 1939 an
1580 1898 1794 1954 permitte-

373 1964 465 1997 rent
498 1957 551 1997 Τ.
577 1957 799 2007 Quinctio:
833 1957 948 2013 quod
979 1958 1033 1999 ad
1064 1957 1204 1998 Nabin
1233 1955 1600 1997 Lacedaemonium
1634 1955 1795 1997 adtine-

374 2021 452 2063 ret,
488 2013 657 2064 faceret,
692 2030 788 2070 quae
823 2029 846 2054 e
884 2015 1101 2070 republica
1135 2021 1318 2056 censeret
1352 2029 1454 2063 esse,
1487 2011 1792 2068 permiserunt3

373 2085 464 2110 cam
494 2085 580 2111 rem
612 2086 698 2111 esse
728 2071 824 2121 rati,
846 2086 942 2127 quae
974 2079 1184 2113 maturata
1210 2070 1390 2112 dilatave
1420 2085 1503 2110 non
1532 2077 1618 2110 tam
1652 2070 1793 2125 magni

375 2128 572 2169 momenti
594 2128 648 2169 ad
677 2143 880 2169 summam
911 2143 998 2169 rem
1028 2128 1175 2184 populi
1198 2127 1377 2168 Romani
1407 2135 1524 2168 esset.
1586 2126 1728 2182 blagis
1748 2126 1794 2167 id

161 2191 320 2240 Hanniba-l
332 2197 364 2240 et
375 2184 791 2226 animadvertendum
823 2201 924 2236 esse,
953 2185 1058 2241 quid
1088 2184 1303 2226 Hannibal
1333 2192 1373 2225 et
1407 2183 1791 2238 Karthaginienses,

162 2235 362 2276 Karthag1m-
377 2240 409 2281 si
431 2255 525 2281 cum
548 2241 760 2282 Antiocho
780 2250 920 2283 ortum
940 2242 1049 2284 foret
1069 2242 1241 2290 bellum,
1265 2241 1399 2283 acturi
1421 2247 1566 2281 essent.
1627 2239 1793 2280 Adver-

159 2288 248 2309 enSeS
262 2289 327 2309 SUS—

111 2353 120 2362 ,
162 2320 253 2363 pecti.

376 2312 431 2338 sae
463 2298 691 2339 Hannibali
723 2298 914 2340 factionis
943 2299 1130 2340 homines
1159 2298 1417 2355 principibus
1449 2296 1662 2345 Romanis,
1691 2297 1793 2337 ami-

376 2353 433 2394 cis
463 2354 642 2410 quisque
678 2355 776 2405 suis,
805 2355 1047 2397 idemtidem
1083 2356 1331 2405 scribebant,
1359 2354 1540 2394 Nuncios
1574 2355 1793 2407 literasque

376 2411 426 2451 ab
448 2412 692 2453 Hannibale
720 2414 777 2452 ad
798 2413 1036 2454 Antiochum
1057 2414 1209 2462 missas,
1232 2419 1270 2453 et
1299 2412 1351 2452 ab
1380 2425 1472 2465 rege
1493 2411 1548 2451 ad
1576 2425 1660 2451 eum
1690 2411 1791 2451 clam

926 2496 941 2519 ‘¹
955 2498 1135 2528 audirentur
1149 2496 1240 2527 Crev.

417 2572 459 2602 25
487 2570 563 2600 Haec
589 2581 677 2610 quum
699 2573 766 2609 jam
794 2594 801 2601 .
825 2593 834 2601 .
865 2572 1059 2613 audirentur]
1103 2577 1221 2606 rentur,
1243 2572 1335 2610 major
1362 2581 1417 2607 res,
1448 2571 1523 2610 qaod
1549 2571 1587 2599 ad
1616 2571 1792 2601 Antiochum

376 2614 482 2655 Vulgo
497 2614 646 2644 audirent.
690 2613 899 2654 Reposuimus
921 2616 1059 2645 audiv-en·
1104 2616 1241 2645 attineret
1251 2625 1261 2650 ,-
1319 2614 1495 2644 maturanda
1548 2614 1650 2653 nmgis,
1701 2625 1791 2654 quum

377 2664 428 2687 tur
455 2667 492 2688 ex
523 2655 702 2687 auctoritate
732 2662 869 2687 veterum
898 2657 1062 2689 editorum.
1104 2668 1152 2687 rex
1195 2667 1365 2697 quacunque
1406 2658 1441 2686 «Ie
1478 2666 1565 2686 cauma
1606 2657 1636 2686 in
1673 2656 1791 2696 Syriam

378 2701 490 2731 Cetera
515 2699 559 2730 sic
587 2698 706 2740 refingit
735 2698 911 2729 felicissima
939 2701 1059 2741 conjcc-
1102 2701 1285 2733 concessisset,
1317 2700 1351 2728 ‹ie
1377 2705 1502 2740 tyranno
1533 2700 1703 2729 consultatio
1731 2701 1791 2730 visa

377 2748 443 2773 tura
475 2741 670 2773 Perizonius:
708 2741 781 2772 Ha'c
815 2754 905 2782 quum
937 2749 996 2772 lam
1025 2745 1060 2772 ab
1103 2749 1154 2773 est.

373 2787 512 2824 gravibus
555 2785 729 2819 ‹1u‹·tm·i1'›us,
768 2791 830 2815 tum
871 2786 921 2824 qui
964 2788 1058 2815 ovinia
1145 2785 1187 2815 ‘26
1212 2784 1274 2813 Cur
1296 2785 1516 2824 decerneretur]
1552 2783 1612 2815 Vel
1641 2782 1787 2823 intellige,

375 2837 425 2865 per
461 2830 557 2866 seipsos
595 2829 739 2866 erplmula
779 2827 934 2867 referrem,
972 2830 1058 2858 ‹nudi—
1105 2826 1378 2858 veladnlclwilum.
