1947 3222
131 270 176 344 ἑῆς

187 271 216 344 00

217 271 258 344 ‘aa

280 270 313 344 ,οφ

134 491 201 522 Res
216 490 247 520 in
263 490 315 521 Li-

130 534 216 573 guria
229 540 335 575 gestae.

346 149 421 190 492
882 141 1028 180 TITI
1066 142 1238 181 L·1V11

347 253 432 304 dia,
454 268 562 310 quos
581 251 856 302 dimitterent,
878 266 1070 308 quosque
1089 251 1317 294 retinerent
1337 252 1505 304 milites,
1526 268 1766 310 composue-

346 319 459 352 runt.
522 309 629 351 Inde
650 308 843 359 Fulvius,
865 309 1147 350 exauctoratis
1177 309 1381 351 militibus
1404 310 1449 351 in
1468 325 1593 352 naves
1613 311 1766 367 inposi-

347 368 416 417 tis,
443 368 623 408 Romam
653 374 715 408 est
745 365 970 422 profectus.

347 425 491 480 giones
512 423 648 465 duxit.

407 481 536 522 XLI.
571 479 773 522 Consules
813 478 936 519 ambo
971 478 1012 519 in
1051 478 1231 535 Ligures
1265 481 1472 523 exercitus
1507 480 1766 522 induxerunt

348 537 522 580 diversis
542 537 746 594 partibus.
808 536 1054 576 Postumius
1082 537 1219 592 prima
1239 545 1281 578 et
1301 538 1426 579 tertia
1453 538 1614 593 legione
1636 537 1768 579 Balis-

347 603 434 637 tam
457 593 847 647 Suismontiumque
876 601 1038 634 montes
1067 593 1256 634 obsedit:
1289 601 1346 643 et,
1369 595 1597 650 premendo
1625 594 1769 650 praesi-

347 653 427 694 diis
458 659 658 707 angustos
693 649 824 691 saltus
858 664 1018 700 eorum,
1047 658 1303 692 commeatus
1332 650 1580 702 interclusit,
1611 651 1770 708 inopia-

347 725 430 766 que
465 707 653 749 omnium
687 722 829 748 rerum
860 721 930 747 eos
968 706 1221 763 perdomuit.
1283 707 1477 758 Fulvius,
1510 709 1692 750 secunda
1726 716 1768 750 et

348 776 499 822 quarta
528 763 690 820 legione
710 763 884 805 adortus
904 779 930 804 a
950 763 1058 804 Pisis
1080 765 1286 820 Apuanos
1307 764 1504 820 Ligures,
1525 765 1599 820 qui
1624 781 1767 807 eorum

347 824 457 864 circa
488 823 677 863 Macram
712 820 891 862 fluvium
926 820 1175 871 incolebant,
1207 821 1249 862 in
1277 821 1532 864 deditionem
1563 829 1767 878 acceptos,

347 879 402 920 ad
443 887 601 935 septem
640 877 771 919 millia
808 877 1028 919 hominum
1067 877 1110 918 in
1148 893 1275 919 naves
1312 877 1347 902 ⁵⁸
1359 878 1575 935 inpositos,
1615 886 1769 935 praeter

347 952 464 978 oram
489 936 662 977 Etrusci
690 934 815 976 maris
837 935 1058 991 Neapolim
1090 935 1328 977 transmisit.
1361 935 1458 977 inde
1485 935 1528 977 in
1551 935 1767 979 Samnium

348 992 549 1042 traducti,
571 1007 756 1049 agerque
785 991 851 1032 his
880 991 988 1033 inter
1017 992 1242 1048 populares
1262 992 1388 1034 datus
1408 1001 1483 1034 est.
1545 993 1771 1035 Montano-

347 1065 443 1092 rum
475 1050 687 1104 Ligurum
722 1049 775 1090 ab
808 1050 863 1089 A.
888 1049 1107 1090 Postumio
1141 1049 1274 1091 vineae
1308 1065 1441 1100 caesae,
1471 1049 1768 1105 frumentaque

347 1107 520 1149 deusta:
553 1106 685 1147 donec
712 1106 903 1147 cladibus
932 1106 1127 1151 omnibus
1156 1106 1254 1148 belli
1285 1106 1416 1148 coacti
1446 1107 1491 1147 in
1515 1105 1770 1149 deditionem

346 1172 567 1212 venerunt,
598 1178 798 1218 armaque
831 1162 1110 1205 tradiderunt.
1173 1163 1364 1204 Navibus
1395 1163 1493 1205 inde
1524 1163 1770 1209 Postumius

344 1221 400 1262 ad
430 1220 643 1262 visendam
675 1235 791 1261 oram
816 1220 1106 1275 Ingaunorum
1133 1220 1534 1276 Intemeliorumque
1557 1220 1770 1277 Ligurum

345 1278 558 1333 processit.
621 1277 876 1332 Priusquam
910 1276 955 1317 hi
990 1276 1180 1317 consules
1214 1277 1403 1319 venirent
1432 1277 1486 1318 ad
1522 1277 1768 1327 exercitum,

344 1335 419 1395 qui
444 1335 562 1376 Pisas
580 1333 615 1358 ³⁹
628 1333 811 1375 indictus
832 1341 935 1383 erat,
957 1341 1165 1389 praeerant
1191 1336 1241 1374 A.
1269 1333 1510 1375 Postumius
1531 1342 1572 1375 et
1593 1332 1626 1357 4⁰
1638 1333 1769 1379 frater

346 1395 395 1442 Q.
420 1391 563 1433 Fulvii
595 1392 659 1432 M.
684 1390 864 1432 Fulvius
889 1390 1093 1432 Nobilior.
1159 1390 1362 1432 Secundae
1392 1389 1567 1446 legionis
1587 1389 1769 1432 Fulvius

345 1448 541 1490 tribunus
568 1448 752 1489 militum
773 1455 875 1489 erat.
906 1446 937 1471 ⁴²¹
954 1447 989 1488 is
1009 1448 1222 1490 mensibus
1252 1448 1337 1489 suis
1358 1447 1516 1489 dimisit
1546 1446 1767 1503 legionem,

338 1505 618 1562 jurejurando
639 1505 799 1546 adactis
819 1505 1148 1553 centurionibus,
1170 1504 1203 1528 ‘¹²
1217 1521 1272 1546 aes
1302 1505 1344 1546 in
1367 1504 1560 1546 aerarium
1581 1504 1636 1546 ad
1655 1501 1771 1560 quae-

345 1571 477 1604 stores
511 1578 598 1604 esse
630 1561 856 1603 delaturos.
918 1563 1015 1603 Hoc
1048 1562 1122 1603 ubi
1160 1562 1410 1603 Placentiam
1435 1561 1550 1604 (nam
1579 1577 1628 1602 eo
1660 1561 1769 1610 forte

344 1628 434 1661 erat
464 1620 698 1675 profectus)
721 1617 878 1659 4³Aulo
907 1618 1152 1661 nunciatum
1175 1628 1251 1669 est,
1274 1620 1371 1660 cum
1400 1618 1614 1675 equitibus
1644 1633 1769 1674 expe-

346 1676 447 1718 ditis
469 1684 637 1718 secutus
658 1676 862 1726 dimissos,
880 1691 987 1731 quos
1007 1691 1151 1718 eorum
1172 1676 1313 1732 potuit
1334 1675 1524 1731 adsequi,
1545 1674 1578 1699 ‘¹⁴
1591 1673 1770 1716 deduxit

346 1733 570 1789 castigatos
603 1733 731 1774 Pisas.
764 1733 816 1773 de
850 1733 997 1774 ceteris
1032 1733 1243 1775 consulem
1279 1733 1497 1774 certiorem
1528 1733 1640 1773 fecit.
1702 1732 1769 1773 Eo

347 1791 567 1841 referente,
600 1790 1008 1831 senatusconsultum
1043 1790 1203 1831 factum
1238 1799 1315 1839 est,
1347 1798 1395 1831 ut
1428 1790 1491 1829 M.
1517 1789 1696 1830 Fulvius
1725 1789 1769 1829 in

1035 366 1304 422 ,Sempronius
1335 367 1378 408 in
1411 367 1683 416 Celtiberiam
1709 367 1765 416 le-

350 1847 601 1903 Hispaniam
626 1847 883 1902 relegaretur
904 1846 1016 1888 ultra
1045 1861 1194 1892 novam
1218 1846 1533 1902 Karthaginem.
1596 1844 1769 1891 Literae-

348 1919 431 1959 quc
459 1904 496 1944 ci
527 1904 637 1945 datae
668 1912 766 1945 sunt
798 1918 823 1944 a
851 1903 1019 1946 consulo
1047 1904 1101 1946 ad
1133 1905 1181 1945 P.
1205 1903 1416 1945 Manlium
1447 1903 1490 1944 in
1520 1901 1767 1959 Hispaniam

393 2045 433 2073 38
459 2043 621 2084 Impositos]
667 2042 813 2073 Affirmat
837 2040 982 2083 Sigonius
1007 2040 1038 2071 in

350 2086 448 2127 primo
475 2086 643 2128 exemplari
674 2085 861 2118 Germanico
889 2084 1040 2116 exstitisse

350 2131 492 2168 imposita.
538 2129 638 2161 Recte
669 2129 742 2160 fecit
770 2128 908 2170 quisquis
938 2133 1039 2158 muta-

351 2178 405 2203 vit.

1082 2042 1149 2073 vice
1174 2041 1328 2073 semestris
1351 2041 1442 2084 spatii
1469 2051 1590 2072 menses
1612 2040 1689 2071 duos
1714 2039 1769 2072 im-

1083 2091 1234 2127 perarent.
1280 2086 1386 2122 Quum
1401 2084 1494 2126 igitur
1506 2082 1772 2126 imperandivices

1085 2129 1125 2159 ad
1147 2128 1291 2159 Fulvium
1316 2129 1534 2170 pervenissent,
1551 2128 1577 2158 is
1599 2126 1662 2157 suis
1683 2136 1770 2157 men-

1084 2171 1180 2207 sibus,
1197 2171 1228 2202 id
1249 2179 1305 2206 est,
1321 2182 1376 2202 suo
1397 2170 1533 2202 bimestri
1556 2170 1708 2208 legionem
1723 2167 1769 2198 di-

393 2217 433 2245 39
462 2215 593 2245 indictus
621 2215 700 2256 erat]
733 2215 835 2245 Proba
862 2214 1039 2245 emendatio
1083 2215 1177 2245 misit.
1222 2215 1301 2244 Ilaec
1334 2214 1397 2245 fere
1429 2204 1598 2244 Turnebus
1617 2213 1638 2244 1.
1666 2211 1770 2243 XXX.

350 2258 479 2299 Sigonii,
497 2267 593 2298 quum
616 2258 769 2297 legeretur
792 2259 940 2288 inductus.
986 2257 1038 2287 In·-

350 2303 472 2331 ducitm·
501 2300 652 2331 exercitus
683 2300 713 2330 in
742 2300 882 2331 hostilem
913 2310 1037 2340 agrum:

351 2346 506 2378 indicitur,
523 2354 618 2384 quum
642 2343 669 2373 ei
691 2343 756 2374 dies
771 2349 802 2374 et
825 2344 910 2373 locus
932 2343 1042 2374 statui„

353 2392 399 2417 tur
416 2388 454 2417 ad
470 2386 725 2417 conveniendum.

395 2431 436 2460 40
465 2430 568 2459 Frnwr
596 2429 633 2464 Q.
657 2429 774 2469 lv'utuii]
809 2428 868 2459 llic
897 2429 946 2459 M.
963 2429 1036 2459 Ful-

352 2473 420 2502 vius
437 2472 577 2503 Nobilior
592 2472 684 2503 frater
699 2482 864 2512 germanus
883 2470 940 2501 fuit
956 2471 1039 2502 illius

353 2518 395 2552 Q.
417 2514 515 2545 Fulvii
546 2515 660 2550 Flacci,
691 2515 743 2555 qui
777 2515 883 2545 consul
918 2514 1039 2549 futurus

352 2565 399 2589 est.
422 2557 558 2600 proximo
582 2567 674 2592 anno,
691 2563 721 2588 et
740 2558 949 2598 quinquennio
972 2562 1040 2599 post

352 2612 470 2635 censor,
501 2611 520 2631 a
553 2610 613 2641 quo
644 2606 675 2631 et
704 2606 813 2631 senatu
847 2606 948 2630 motus
979 2605 1037 2631 est.

357 2645 428 2674 vid.
452 2644 531 2674 infra
554 2647 617 2673 not.
641 2645 693 2674 31.
715 2643 753 2673 ad
781 2643 802 2673 l.
824 2643 913 2672 XLI.
937 2653 964 2673 c.
984 2644 1037 2673 27.

357 2687 443 2718 Idem
458 2687 548 2717 frater
559 2685 706 2727 patruelis
718 2685 774 2716 fuit
787 2688 828 2722 Q.
840 2685 938 2715 Fulvii
951 2685 1036 2716 Flac-

353 2730 392 2764 ci,
408 2730 461 2770 qui
476 2729 582 2761 consul
597 2735 643 2759 est
658 2729 714 2759 hoc
731 2728 796 2770 ipso
812 2738 903 2758 aiulo.

398 2774 433 2802 41
464 2773 492 2803 Is
506 2773 647 2804 mensibus
667 2773 742 2813 suis]
768 2772 866 2802 Docet
892 2769 1039 2812 Polybius

356 2815 376 2845 Ι.
396 2816 454 2845 vi.
478 2815 614 2846 tribunos
640 2815 773 2847 militum
800 2814 878 2845 inter
900 2823 932 2845 se
955 2824 1037 2844 com-

356 2868 463 2897 parare
488 2858 603 2893 solitos.
620 2864 654 2889 ut
668 2870 684 2889 e
698 2868 749 2890 sex
773 2856 913 2892 tribunis,
931 2856 984 2897 qui
1009 2857 1038 2886 in

357 2911 512 2943 quamque
538 2901 687 2943 legionem
712 2907 810 2938 eraut,
831 2899 894 2931 bini
923 2900 1039 2932 alterna

1082 2257 1213 2288 Advers.
1231 2268 1258 2288 c.
1273 2258 1326 2288 24.

1127 2302 1167 2331 42
1191 2300 1243 2330 AEs
1266 2301 1296 2329 in
1312 2299 1465 2339 ‹rw-arium]
1492 2298 1636 2339 Intellige
1653 2296 1766 2339 stipen-

1084 2343 1170 2374 dium
1186 2343 1328 2378 militare,
1346 2342 1427 2383 quod
1447 2342 1511 2383 jam
1529 2352 1548 2372 a
1567 2340 1771 2382 quaestoribus

1084 2393 1278 2417 numeratum
1303 2385 1394 2426 jubet
1419 2384 1544 2415 Fulvius
1572 2384 1603 2414 in
1629 2382 1770 2414 aerarium

1081 2429 1197 2466 referri,
1215 2434 1364 2469 tanquam
1387 2427 1463 2458 nihil
1485 2427 1640 2469 pertinens
1655 2426 1697 2458 ad
1717 2435 1770 2457 eos

1082 2472 1194 2503 milites
1211 2472 1263 2512 qui
1278 2471 1524 2502 dimittebantur.

1126 2517 1167 2547 43
1190 2516 1267 2544 Aulo
1298 2516 1471 2544 nunciatum
1500 2513 1555 2553 est]
1592 2512 1632 2542 Α.
1657 2513 1770 2543 Postu-

1083 2557 1156 2595 mio,
1172 2557 1224 2598 qui
1239 2557 1381 2588 tribunus
1394 2555 1524 2585 militum
1546 2565 1616 2585 cum
1634 2556 1679 2585 M.
1696 2554 1770 2585 Ful-

1082 2601 1130 2631 vio
1155 2599 1299 2631 exercitui
1327 2604 1467 2640 praeerat.
1512 2598 1596 2629 Olim
1620 2597 1670 2629 hic
1695 2597 1768 2628 ede-

1082 2643 1171 2674 batur
1198 2643 1301 2673 Fulvio
1322 2644 1496 2672 ¹›auncialmn
1521 2648 1572 2672 cst.
1616 2640 1660 2671 At
1683 2644 1768 2683 patet

1081 2696 1118 2715 ex
1148 2686 1214 2727 ipsa
1247 2685 1290 2716 rei
1323 2684 1507 2719 narratione,
1537 2694 1592 2716 nec
1625 2682 1766 2714 Fulvium

1082 2729 1238 2759 tribunum
1263 2727 1407 2761 militum.
1437 2738 1493 2758 nec
1523 2725 1664 2758 Fulvium
1693 2735 1766 2757 con-

1083 2772 1180 2802 sulem
1195 2769 1244 2801 hic
1260 2770 1389 2809 intelligi
1414 2780 1512 2813 posse.
1556 2771 1668 2810 ltaque
1688 2773 1768 2800 recte

1083 2813 1259 2845 emendavit
1273 2812 1418 2854 Sigonius
1433 2814 1518 2844 Aulo.

1127 2858 1165 2887 44
1192 2857 1321 2888 Datami
1344 2879 1353 2886 .
1377 2878 1386 2887 .
1409 2879 1417 2888 .
1443 2856 1542 2897 Pisas]
1587 2856 1668 2896 Lege
1698 2864 1767 2885 cum

1085 2900 1241 2933 Gronovio
1258 2901 1382 2932 redime.
