1947 3222
475 123 508 159 L
524 123 540 159 I
556 124 600 159 B.
626 120 797 158 XXXV.
843 122 873 157 C
890 122 920 158 A
937 121 976 158 P.
1007 122 1198 159 XXXIV.
1474 125 1549 166 219

139 229 209 269 illo
217 236 411 293 tempoie
425 239 592 286 gentem
609 228 864 279 AEtolorum,
880 237 1107 284 tantusque
1122 230 1390 284 magistratus
1406 244 1548 271 eorum
1564 240 1605 314 txr.
1617 239 1658 314 g.
1667 240 1741 313 {g}

138 302 182 327 ce
216 286 259 327 it.

186 302 424 384 pXXXIV.
449 341 670 392 Quinctius
686 341 897 398 legatique
915 341 1164 384 Co1inthu1n
1184 342 1409 384 redierunt.
1438 343 1551 393 inde,

140 399 228 441 16ut
250 415 430 456 quaeque
457 399 509 439 de
530 399 758 448 Antiocho,
779 399 883 439 nihil
906 414 982 455 per
1002 414 1043 440 se
1063 399 1143 456 ipsi
1163 398 1324 447 moti,e
1302 407 1342 439 et
1365 399 1552 440 sedentes

139 465 377 512 exspectare
413 455 640 496 adventum
680 455 924 497 videientur
958 457 1082 512 reois,
1119 455 1337 496 concilium
1379 456 1548 510 quidem

141 515 342 554 universae
376 513 513 567 gentis
552 520 647 568 post
687 512 877 553 dimissos
914 514 1126 554 Romanos
1165 527 1248 553 non
1286 511 1548 552 habuerunt:

139 585 213 626 per
243 569 489 632 1⁷apoeletos
519 578 660 609 autem
693 569 772 620 (ita
801 579 949 610 vocant
982 570 1164 611 sanctius
1195 568 1458 610 consiliumss':
1500 583 1553 608 ex

139 625 308 667 delectis
338 634 499 667 constat
534 625 654 680 viris)
691 626 736 666 id
771 626 1002 681 aoitabant,
1039 641 1220 682 quonam
1256 625 1381 666 modo
1415 640 1479 665 res
1512 624 1554 664 in

143 683 307 724 Graecia
335 691 601 723 novarentur.
666 684 783 724 Inter
812 699 954 724 omnes
984 682 1252 733 constabat,
1244 698 1285 723 111
1316 680 1557 722 civitatibus

140 740 363 803 principes,
394 739 601 795 optimum
637 755 862 796 quemque,
897 741 1099 781 Romanae
1135 738 1340 780 societatis
1375 753 1476 787 esse,
1513 746 1555 778 et

139 796 337 852 praesenti
363 805 474 837 statu
505 796 701 852 gaudere.
733 797 1063 860 multitudinem,
1085 806 1126 838 et
1148 796 1366 852 ¹⁸qumum
1389 810 1453 835 res
1473 809 1556 835 non

140 869 190 894 ex
226 853 428 894 sententia
458 853 644 909 ipsorum
677 861 826 903 essent,
862 853 1000 894 omnia
1033 854 1206 894 novareh
1241 852 1358 893 v.elle
1420 851 1555 892 AEtoli

140 910 358 951 consilium
392 925 476 950 uno
516 910 582 950 die
617 910 741 966 ¹⁹spei
776 926 945 966 quoque
980 926 1063 951 non
1104 910 1274 951 audacis
1308 908 1447 958 modo,
1484 907 1556 948 sed

141 967 265 1008 etiam
300 967 556 1023 inpudentis,
592 976 806 1022 ceperunt,
848 967 1175 1030 Demetriadem,
1215 965 1471 1029 Chalcidem,
1514 974 1555 1006 et

143 1023 486 1064 Lacedaemonem
522 1024 767 1079 occupandi.
830 1023 994 1079 Singuli
1025 1023 1067 1063 in
1101 1023 1284 1079 singulas
1314 1022 1427 1063 missi
1458 1030 1556 1062 sunt

142 1081 372 1136 principes:
419 1080 561 1121 Thoas
593 1080 849 1130 Chalcidem,
879 1058 1190 1120 Alexamenu?
1195 1079 1554 1128 Lacedaemonem,

143 1137 311 1178 Diocles
344 1137 665 1178 Demetliadem.
728 1138 857 1178 Hunc
884 1137 1004 1177 exsul
1035 1136 1320 1193 Eurylochus,
1352 1136 1404 1176 de
1434 1136 1555 1191 cujus
1568 1145 1742 1176 Demetria-

138 1194 242 1249 fuga
270 1209 498 1249 caussaque
527 1194 642 1249 fugae
672 1202 767 1235 ante
798 1193 959 1235 dictum
989 1202 1066 1243 est,
1090 1194 1191 1249 quia
1219 1193 1380 1234 reditus
1411 1193 1451 1233 in
1514 1208 1556 1233 a·
1568 1188 1638 1219 dem
1654 1199 1745 1219 occu-

142 1251 262 1292 triam
284 1250 399 1290 nulla
420 1266 512 1306 spes
533 1250 613 1291 alia
633 1259 736 1301 erat,
759 1250 934 1314 adjuvit.
982 1250 1139 1291 Literis
1161 1250 1393 1306 Euljlochi
1414 1250 1556 1290 admo-
1567 1237 1654 1273 pant.

142 1307 217 1348 niti
253 1308 480 1372 propinqui
521 1307 740 1373 amicique,
777 1317 817 1349 et
854 1323 928 1363 qui
969 1307 1152 1363 ejusdem
1195 1307 1387 1348 factionis
1422 1315 1554 1358 erant,

142 1363 292 1405 libeios
317 1373 357 1405 et
388 1365 606 1420 conjugem
638 1366 704 1420 eju
697 1381 728 1406 .s
758 1381 853 1406 cum
885 1365 1053 1405 sordida
1081 1374 1209 1414 teste,
1232 1372 1418 1405 tenentes
1447 1363 1557 1404 1515-

141 1429 280 1462 menta
330 1421 581 1477 supplicum,
630 1422 866 1462 concionem
915 1422 1177 1477 flequentem
1226 1421 1342 1462 adire
1386 1421 1555 1476 jubent,

140 1477 325 1534 singulos
365 1493 663 1542 universosque
693 1479 964 1528 obtestantes,
1000 1493 1051 1518 ne
1086 1478 1308 1527 insontem,
1344 1478 1557 1517 indemna-

140 1542 230 1575 tum
252 1549 538 1575 consenescere
563 1535 605 1574 in
628 1535 771 1575 exsilio
800 1535 991 1576 sineient.
1053 1536 1110 1575 Et
1140 1534 1344 1590 simplices
1365 1535 1557 1574 homines

141 1590 437 1641 misericordia,
461 1599 500 1632 et
531 1591 729 1647 inprobos
761 1591 1101 1656 seditiososque²
1104 1591 1369 1632 ⁰innnscendi
1401 1606 1465 1631 155
1496 1600 1563 1631 tu-

142 1648 282 1689 multu
304 1646 490 1689 AEtolico
517 1663 609 1704 spes
630 1649 784 1689 1110111ε
818 1664 895 1704 pro
917 1664 958 1688 se
982 1648 1197 1703 (11115(1115Ξ
1201 1648 1416 1688 1revocare
1439 1648 1563 1702 jube-

141 1705 255 1746 bant.
317 1705 398 1745 His
426 1706 687 1761 praeparatis,
710 1705 893 1754 Diocles,
916 1720 1011 1746 cum
1040 1721 1152 1746 0111111
1173 1705 1368 1760 equitatu
1393 1704 1453 1755 (et
1474 1712 1562 1745 erat

144 1770 244 1803 tunc
274 1761 499 1817 praefectus
530 1763 742 1817 equitum)
776 1762 910 1818 specie
941 1761 1176 1803 leducentis
1208 1761 1390 1802 exsulem
1423 1761 1563 1816 hospi—

143 1826 226 1859 tem
266 1819 495 1874 profectus,
534 1819 601 1859 die
641 1834 688 1860 ac
728 1828 849 1860 nocte
889 1819 1036 1875 ingens
1071 1819 1150 1860 iter
1187 1833 1390 1868 emensus,
1428 1833 1562 1873 quum

142 1874 272 1916 millia
293 1890 363 1916 sex
385 1876 437 1916 ab
460 1876 564 1917 urbe
585 1876 761 1926 abesset,
784 1876 876 1917 luce
900 1876 1037 1939 prima
1057 1876 1193 1917 tribus
1224 1875 1365 1916 electis
1396 1875 1562 1925 turmis,

142 1940 279 1973 cetera
298 1932 572 1973 multltudine
602 1933 793 1988 equitum
825 1932 1055 1988 subsequi'
1041 1948 1174 1988 Jussa,
1197 1931 1420 1997 praecessit.
1451 1940 1565 1994 post-

145 2004 273 2044 quam
294 1998 427 2045 portae
449 1989 830 2046 adpropinquabat,
853 1989 1016 2030 desilire
1044 2005 1186 2030 omnes
1207 2005 1258 2030 ex
1279 1989 1399 2044 equis
1421 1987 1564 2044 jussit,

476 2076 491 2101 g
507 2075 661 2104 concilium
679 2074 777 2104 Gron.
864 2074 880 2097 h
897 2075 996 2103 11··01n⁷i
1013 2073 1111 2103 Gron.
1126 2074 1217 2104 Crex.

189 2141 229 2171 16
260 2141 297 2170 [1
328 2151 444 2180 querque
473 2142 507 2171 cle
531 2141 686 2181 4ntioc]·0]
734 2141 835 2171 Locus
878 2138 951 2171 bris.

147 2182 273 2219 fractus,
300 2183 388 2224 cujus
412 2188 517 2214 tamen
545 2193 652 2214 sensus
678 2189 834 2224 appareat.
925 2184 961 2212 17
991 2183 1154 2223 Apocletos]
1194 2183 1280 2219 Quos
1310 2182 1422 2212 Latine
1451 2181 1568 2213 diceres

148 2226 225 2256 Haec
254 2227 336 2256 enim
364 2226 485 2256 videtur
515 2226 607 2257 fuisse
624 2236 720 2256 mens
744 2226 835 2257 Livii.

148 2269 261 2305 AEtoli‚
284 2280 334 2305 ne,
358 2275 507 2309 tanquam
530 2269 633 2299 omnia
654 2277 836 2310 reponentes

149 2311 182 2341 in
205 2312 371 2347 Antiocho,
386 2311 462 2341 nihil
485 2322 538 2352 per
558 2323 590 2342 se
614 2311 660 2353 ips
665 2322 674 2340 1
697 2312 782 2347 moti,
801 2322 836 2342 ac

151 2354 292 2386 sedentes
311 2354 501 2397 compressiS,
518 2354 601 2395 quod
625 2355 720 2390 aiunt,
736 2355 836 2385 mani-

150 2396 209 2427 bus
236 2403 413 2439 exspectaie
443 2397 611 2428 adventum
649 2398 728 2438 regis
753 2397 838 2428 xide

152 2445 265 2475 rentur,
292 2441 349 2471 etsi
374 2440 538 2471 concilium
564 2440 712 2470 universa?
738 2440 839 2481 gentis

153 2491 214 2511 non
246 2483 430 2519 habuerunt,
461 2493 513 2525 per
541 2483 695 2525 apocletos
732 2490 837 2513 tamen

154 2522 186 2553 id
199 2524 367 2564 agitabant,
382 2536 516 2568 quonam
530 2526 622 2557 modo
637 2536 686 2556 res
700 2526 731 2556 in
749 2527 834 2557 Grae-

155 2565 203 2596 cia
216 2574 407 2600 novarentur.
451 2569 559 2605 AEtoli,
575 2579 629 2611 pro
645 2568 737 2599 insita
752 2569 836 2610 genti

155 2608 267 2639 ferocia
302 2616 333 2641 et
367 2611 514 2646 vanitate,
552 2593 714 2652 indignum
743 2613 835 2642 duce-

154 2651 240 2686 bant,
266 2652 290 2682 si
312 2654 414 2685 omnia
436 2655 546 2685 debere
570 2654 746 2685 viderentur
768 2654 835 2684 An-

155 2693 266 2730 tiocho,
296 2695 385 2736 eique
418 2697 546 2737 probare
583 2697 744 2728 xoluerunt
768 2707 835 2728 sese

152 2746 242 2778 posse
267 2747 320 2778 per
348 2748 380 2769 se
405 2739 487 2780 ipsos
515 2740 615 2771 facere
642 2751 742 2782 operae
767 2751 834 2781 pre-

153 2779 240 2809 tium.
284 2779 346 2810 Hic
368 2791 473 2811 sensus
488 2783 601 2823 optime
615 2783 748 2824 quadrat
763 2794 833 2814 cum

154 2822 370 2861 sequentibus:
408 2823 461 2853 sed
484 2824 522 2854 ad
545 2835 613 2855 eum
642 2826 733 2856 verba
757 2826 833 2858 Liui
828 2838 836 2856 1

152 2864 300 2906 refingere
322 2875 382 2895 non
408 2866 473 2907 opis
499 2871 544 2897 est
571 2874 679 2898 nostrae
709 2868 773 2899 sine
799 2869 835 2899 li—

878 2227 1007 2256 selectas.-
1032 2237 1049 2257 a
1065 2226 1156 2256 verbo
1172 2225 1345 2261 a‘mxazias,
1361 2236 1463 2255 sevoco.

926 2270 991 2300 18*
1005 2269 1135 2303 Quorum
1174 2280 1217 2299 res
1261 2280 1316 2298 ηοιι
1353 2280 1385 2298 er
1427 2270 1571 2298 sententia

880 2314 1005 2351 ipsorum
1027 2313 1130 2353 essent]
1165 2313 1304 2348 Quorum
1330 2321 1376 2341 res
1399 2321 1460 2340 non
1482 2311 1514 2340 in
1532 2322 1568 2342 eo

880 2361 960 2385 statu
984 2360 1086 2385 essent
1108 2365 1200 2396 quem
1223 2360 1366 2395 optarent
1388 2353 1464 2395 ipsi,
1493 2364 1569 2395 quo-

882 2409 949 2428 rum
965 2409 1013 2428 res
1027 2398 1108 2428 male
1123 2408 1155 2428 se
1171 2397 1328 2427 haberent.

928 2442 994 2471 19*
1007 2441 1072 2480 Spei
1086 2440 1210 2480 quoque]
1243 2441 1346 2470 Etiam
1369 2439 1451 2481 spei:
1477 2439 1568 2469 etiam

881 2483 906 2513 si
931 2483 1000 2524 quis
1027 2493 1127 2529 spem·
1134 2488 1255 2512 tantum
1284 2482 1386 2512 animo
1411 2482 1552 2523 concepis
1555 2500 1570 2506 -

881 2532 937 2559 set,
953 2537 1014 2556 non
1036 2536 1100 2556 rem
1120 2525 1219 2567 ipsam
1242 2524 1472 2567 perficiendam,
1487 2525 1569 2565 quod

881 2569 979 2600 fecere
994 2568 1103 2603 AEtoli,
1121 2578 1281 2609 aggressus
1293 2574 1384 2599 esset.

923 2612 1188 2642 ‘20³³‘Ir1zmiscencli
1218 2622 1262 2641 res
1299 2611 1431 2641 tumultu
1460 2610 1567 2639 AEtoli-

880 2655 926 2695 co]
965 2653 1124 2685 Turbandi
1148 2665 1196 2684 res
1221 2664 1278 2695 ope
1301 2653 1489 2687 AEtolorum‚
1515 2651 1568 2692 qui

878 2698 1046 2728 tumultum
1062 2697 1094 2727 in
1108 2697 1183 2727 urbe
1198 2696 1361 2726 excitaturi
1376 2701 1486 2725 essent.

921 2742 960 2770 21
987 2741 1132 2770 Remi-are
1147 2739 1306 2780 jubebunt]
1353 2739 1452 2768 Vetus
1478 2737 1566 2779 Sigo-

878 2783 921 2813 nii
946 2783 1024 2814 liber
1045 2783 1140 2813 habet
1170 2784 1307 2815 ret-ocari,
1334 2780 1416 2820 quod
1441 2780 1565 2820 quidem

879 2826 1014 2867 placeret
1038 2825 1154 2866 magis:
1179 2823 1234 2854 etsi
1256 2822 1332 2853 illud
1356 2823 1477 2854 tolerari
1500 2830 1565 2865 pot-

880 2874 936 2899 ΕΞῘ.
