1947 3222
493 122 609 161 LIB.
640 120 841 159 XXXIII.
886 122 915 158 C
931 122 966 158 A
983 121 1024 157 Ρ.’
1053 121 1162 160 XVI.
1466 129 1534 164 101

112 230 331 272 confestim
365 230 528 286 agmine
557 229 717 285 duplici
750 229 953 286 sequitur.
1016 231 1143 270 Parte
1177 244 1261 271 una
1296 233 1533 276 mercenarii
1547 244 1589 276 U.
1601 243 1725 278 (2555.

111 286 263 329 milites
283 288 400 329 ibant
421 302 518 327 cum
547 286 627 327 levi
658 295 885 337 armatura,
907 287 940 310 ⁶⁸
952 286 1083 328 altera
1107 286 1287 342 clipeati,
1310 288 1406 331 dein
1436 291 1534 333 alia-
1546 288 1586 319 A·
1602 290 1636 319 C·
1654 290 1724 321 197-

109 359 205 385 rum
233 344 422 400 gentium
452 343 659 385 exercitus
688 344 818 385 robur
842 352 942 386 erat.
1003 345 1101 384 Jam
1131 343 1247 384 haud
1276 347 1422 411 procul
1447 364 1533 390 cas-

110 401 185 442 tris
215 402 383 442 aberant
414 400 576 456 pedites
605 400 868 457 equitesque,
891 409 932 442 et
955 401 1171 442 Thracum
1197 401 1368 457 quidam
1398 404 1441 444 in
1462 420 1531 446 va-

107 473 183 513 gos
213 457 457 514 palatosque
492 473 567 513 per
594 473 716 513 agros
745 458 884 499 hostes
912 457 1140 514 ⁶9inpetum
1170 457 1374 509 fecerunt,
1397 475 1529 515 quum

107 530 254 571 repens
284 522 416 555 terror
443 515 588 555 castris
617 514 807 556 infertur.
870 515 1104 571 Trepidare
1124 514 1228 564 dux,
1250 522 1299 556 ut
1329 517 1404 571 qui
1434 516 1530 559 hos-

109 580 169 613 tes
208 586 430 627 nusquam,
471 571 550 612 nisi
598 587 692 612 raro
735 571 778 612 in
818 572 995 613 collibus
1035 579 1130 613 ante
1172 572 1405 627 Sicyonem,
1446 589 1529 615 non

106 628 306 670 audentes
344 643 493 684 agmen
528 628 749 670 demittere
788 628 831 669 in
867 644 1048 685 campos,
1078 628 1276 676 vidisset3
1319 629 1374 670 ad
1410 630 1530 674 Cleo-

104 701 177 726 nas
198 663 396 741 quidem&
399 700 633 727 accessuros
662 701 896 741 numquam
927 685 1183 727 credidisset.
1213 685 1398 727 revocari
1424 688 1531 729 tuba

97 742 223 807 Jubet
257 757 383 797 vagos
413 758 437 783 a
472 743 616 784 castris
651 743 844 799 dilapsos.
908 743 1021 798 Ipse,
1047 743 1200 799 raptim
1232 758 1378 799 capere
1413 760 1529 786 arma

96 799 226 855 jussis
266 799 484 863 militibus,
520 799 774 863 infrequenti
810 815 972 855 agmme
1012 809 1133 855 porta
1173 815 1376 856 egressuS,
1412 800 1528 843 70511-

104 871 179 912 pei
227 855 383 896 fiumen
433 856 603 897 instruit
648 833 1013 897 acz1e1n.⁰·Cete1ae
1057 856 1202 912 copiae,
1245 857 1316 898 vix
1365 858 1527 915 conlegi

103 922 231 969 atque
265 912 415 954 instrui
451 928 584 970 quum
618 913 867 968 potuissent,
898 912 1080 968 primum
1116 913 1299 954 hostium
1335 914 1527 971 inpetum

102 985 184 1010 non
220 969 422 1011 tulerunt.
485 970 737 1010 Macedones
772 978 814 1011 et
848 984 1028 1010 maxime
1063 969 1249 1010 omnium
1284 970 1527 1026 frequentes

103 1027 157 1068 ad
178 1027 297 1082 signa
327 1027 508 1076 fuerant,
530 1034 570 1067 et
597 1026 671 1067 diu
701 1026 926 1082 ancipitem
947 1025 1133 1067 victoriae
1163 1041 1278 1091 spem
1308 1027 1522 1071 fecerunt:

102 1093 312 1140 postremo
331 1084 436 1139 fuga
456 1091 687 1124 ceterorum
718 1083 882 1134 nudati,
905 1098 1039 1139 quum
1061 1082 1158 1124 duae
1185 1084 1275 1139 jam
1296 1084 1403 1126 acies
1432 1085 1526 1127 hos-

101 1141 209 1181 tium
239 1156 290 1181 ex
321 1118 499 1190 diverso,
520 1139 622 1181 levis
652 1148 866 1181 armatura
894 1141 947 1181 ab
979 1140 1122 1191 latere,
1148 1140 1315 1196 clipeati
1345 1143 1527 1184 caetrati-

100 1213 183 1253 que
204 1213 228 1239 a
247 1197 384 1238 fronte
405 1205 659 1252 urguerent·
650 1229 661 1245 ‚
695 1205 736 1238 et
764 1197 859 1253 ipsi,
880 1213 926 1238 re
954 1196 1166 1248 inclinata,
1188 1198 1324 1261 primo
1344 1199 1526 1242 retulere

99 1254 273 1310 pedem:
306 1231 483 1295 deinde?⁵
491 1253 646 1310 inpulsi
680 1262 799 1310 terga
829 1262 1015 1305 vertunt,
1044 1262 1085 1296 et
1117 1254 1322 1311 plerique,
1352 1256 1526 1319 abjectis

99 1326 238 1375 armis,
260 1311 376 1352 nulla
407 1327 478 1367 spe
503 1319 733 1352 casu-mum
765 1311 1060 1352 tenendorumq
1088 1312 1247 1362 relicta,
1272 1312 1525 1355 Corinthum

98 1368 322 1424 petierunt.
384 1369 664 1418 Nicostratus,
700 1369 963 1410 mercenariis
997 1368 1202 1410 militibus
1233 1369 1287 1410 ad
1321 1370 1400 1410 hos
1431 1386 1525 1426 per-

99 1426 347 1481 sequendos,
369 1425 598 1490 equitibus
635 1426 937 1481 Thracumque
972 1426 1139 1467 auxiliis
1173 1426 1215 1467 in
1255 1426 1526 1482 populatores

99 1498 188 1538 agri
213 1484 308 1538 Sic)
311 1483 396 1523 onii
425 1498 572 1532 11115515,
603 1482 843 1538 7¹111a0nam
873 1483 1032 1538 ubique
1063 1483 1219 1523 caedem
1251 1483 1406 1524 edidit:
1440 1499 1526 1525 rna„-

95 1540 229 1595 J01em
266 1554 412 1594 prope,
444 1554 570 1594 quam
607 1539 648 1579 in
690 1539 839 1594 proelio
873 1555 976 1595 ipso.
1038 1540 1109 1580 Ex
1144 1539 1193 1580 iis
1228 1555 1414 1603 quoque,
1449 1541 1524 1603 qui

101 1596 298 1637 Pellenen
332 1595 616 1651 Phliuntaque
647 1595 891 1651 depopulati
921 1604 1053 1645 erant,
1075 1596 1338 1660 incompositi
1369 1598 1522 1653 paitim

99 1654 371 1716 omniumque
402 1653 554 1717 ignari,
585 1653 639 1693 ad
674 1661 809 1693 castra
842 1661 1111 1702 reveltentes,
1143 1653 1184 1693 in
1221 1653 1407 1694 hostium
1443 1662 1523 1695 sta-

99 1710 245 1760 tiones,
269 1718 481 1765 tamquam
519 1710 561 1750 in
593 1725 702 1757 suas,
734 1709 852 1750 inlati
889 1717 1015 1758 sunt3
1048 1709 1227 1765 partim,
1249 1725 1301 1750 ex
1331 1710 1523 1753 discursu

97 1766 157 1817 id,
180 1766 296 1823 quod
317 1774 419 1817 erat,
438 1767 652 1822 suspicati,
673 1765 728 1793 72
720 1773 779 1807 lta
800 1781 842 1806 se
862 1767 905 1807 in
927 1766 1073 1821 fugam
1094 1781 1247 1822 passun
1269 1777 1519 1823 sparserant,

97 1832 146 1865 ut
176 1824 228 1865 ab
260 1824 362 1880 ipsis
392 1823 626 1879 agrestibus
656 1831 839 1864 errantes
875 1823 1286 1865 circumvenirentur.
1350 1825 1521 1866 Cecide-

95 1889 195 1944 runt
221 1897 269 1922 eo
298 1880 365 1921 die
385 1880 498 1921 mille
527 1888 569 1922 et
591 1879 825 1937 quingenti,
847 1881 959 1937 capti
992 1880 1178 1922 trecenti.
1239 1881 1404 1924 Achaia
1432 1897 1520 1924 om-

96 1937 159 1981 1115
179 1953 331 1994 magno
351 1937 528 1979 liberata
547 1946 676 1979 metu.

155 1995 283 2036 XVI.
330 1994 583 2050 Priusquam
640 1993 910 2036 dimicaretur
958 1994 1013 2036 ad
1063 1995 1414 2051 Cynoscephalas,
1467 1996 1516 2038 L.
1531 2008 1672 2041 Acarna-

97 2052 333 2104 Quinctius,
371 2052 599 2115 Corcyram
633 2051 779 2094 excitis
811 2053 1083 2093 Acainanum
1116 2052 1391 2108 principibus,
1423 2069 1519 2110 quae
1531 2062 1605 2083 num
1620 2063 1696 2094 gens

96 2110 183 2151 sola
219 2108 396 2151 Graeciae
435 2109 624 2163 gentium
663 2109 706 2150 in
742 2109 937 2151 societate
974 2109 1258 2150 Macedonum
1294 2120 1516 2163 manserat,
1530 2101 1710 2170 {gffiffigffi

92 2167 260 2209 initium
300 2165 516 2222 quoddam
554 2166 615 2207 ibi
653 2174 793 2207 motus
832 2166 943 2208 fecit.
1003 2167 1116 2207 Duae
1156 2174 1297 2208 autem
1335 2169 1658 2234 maximerespuit.

93 2240 249 2267 caussae
283 2239 353 2266 eos
388 2230 608 2265 tenuerant
648 2222 691 2264 iri
730 2222 912 2265 amicitia
948 2223 1084 2280 regis3
1126 2238 1212 2265 una
1250 2223 1354 2265 fides
1392 2224 1518 2268 insita

587 2326 604 2351 q
620 2324 794 2354 tuendorum
811 2320 908 2354 Gron.
925 2323 1019 2356 Crev.

136 2409 177 2439 68
213 2409 317 2439 Altera
359 2409 496 2449 clypeati,
540 2409 608 2439 dein
653 2408 783 2439 aliarum
825 2410 966 2439 exercitus
993 2409 1083 2439 ‘robur
1110 2408 1301 2450 intelligatur
1329 2407 1446 2440 dictum
1475 2410 1515 2441 de

92 2453 227 2493 gentium
254 2452 394 2482 exercitus
421 2453 509 2482 'robur
537 2453 617 2493 erat]
651 2450 783 2492 Aliquid
826 2451 976 2493 clypeatis
998 2457 1065 2482 tum
1079 2451 1278 2488 Achaeorum,
1294 2457 1360 2482 tum
1383 2452 1514 2483 aliarum

93 2499 140 2524 est
167 2494 228 2532 hic,
248 2494 333 2536 quod
360 2498 513 2525 attentum
539 2494 689 2526 lectorem
716 2505 782 2525 mo·
826 2494 975 2535 gentium.

96 2535 156 2566 rari
177 2536 299 2568 debeat.
345 2538 500 2574 Quaenatn
522 2542 594 2568 sunt
613 2537 695 2569 enim
719 2537 782 2568 illae
870 2538 911 2568 69
934 2537 1080 2577 Impetum
1103 2536 1265 2579 fecerunt]
1304 2536 1409 2568 Scribe
1426 2536 1513 2578 fece-

96 2578 164 2609 aliae
180 2586 296 2618 gentes,
312 2590 405 2621 quum
426 2581 531 2611 nullus
553 2586 625 2612 ante
645 2580 780 2622 populus

95 2621 268 2662 appellatus
291 2623 341 2658 sit,
365 2623 420 2654 sed
445 2623 567 2654 diveisa
591 2629 778 2655 armatorum

92 2666 227 2711 genera?
262 2665 387 2697 Deinde
419 2666 498 2697 nihil
527 2672 667 2708 apparet,
695 2666 779 2697 unde

93 2706 158 2747 regi
186 2707 280 2748 possit
305 2722 338 2739 ιτα
360 2710 489 2739 aliarum
513 2711 658 2751 gentium.
704 2711 778 2740 For-

94 2754 176 2779 tasse
199 2750 312 2780 excidit
326 2751 513 2782 Achaeotum
527 2763 652 2788 nomen,
669 2763 706 2783 ac
721 2752 776 2783 de-

94 2791 181 2823 derat
210 2793 332 2824 Livius:
368 2795 470 2825 Altera
500 2796 626 2836 clypeati
656 2796 776 2826 Achaeo-

94 2846 173 2871 rum,
209 2837 277 2866 dein
317 2837 446 2867 aliarum
484 2840 629 2880 gentium,
665 2848 776 2880 nempe

93 2878 238 2920 clypeati,
267 2880 406 2911 exercitus
433 2881 521 2911 robur
553 2888 633 2912 erat:
670 2881 714 2912 ita
742 2886 786 2912 ut

821 2587 903 2611 rant.

866 2624 906 2654 70
929 2624 1028 2662 Super
1042 2623 1177 2664 flumen]
1211 2623 1261 2653 Sic
1286 2626 1368 2653 recte
1391 2622 1511 2653 Grono-

821 2665 901 2697 vius.
947 2666 1052 2697 Codex
1067 2665 1202 2696 habebat
1215 2666 1403 2706 pei-flumen.

865 2711 903 2740 71
930 2709 1074 2751 Magnam
1095 2709 1215 2750 ubique]
1241 2707 1396 2740 Gronovio
1410 2706 1510 2749 magis

820 2752 970 2793 placeret,
985 2753 1146 2792 utrobique.

865 2797 905 2827 72
928 2795 977 2825 Ita
1006 2805 1033 2825 se
1060 2796 1093 2824 in
1117 2793 1232 2841 fugam
1261 2793 1367 2830 passim
1399 2802 1509 2831 sparse-

819 2839 906 2880 rant]
939 2835 1183 2870 Convenientius
1211 2833 1376 2870 videretur,
1398 2845 1508 2874 sparse-

819 2888 904 2912 runt.

869 2924 950 2964 113
