1947 3222
510 97 633 137 LIB.
659 97 834 136 XXXII.
875 98 953 136 CA
966 98 1007 135 P.
1037 98 1230 138 XXXIV.
1527 106 1572 139 81

156 206 337 257 reticere,
359 207 432 258 ait,
455 221 534 248 non
554 221 630 261 quo
651 207 867 261 quidquam
885 207 959 261 agi
979 211 1097 260 putet
1117 221 1163 247 eo
1182 208 1403 262 conloquio,
1422 211 1495 252 sed
1520 225 1572 253 ne
1585 221 1627 254 U.
1639 224 1678 254 c.
1691 225 1765 257 555.

156 278 268 318 quem
288 266 478 306 sociorum
507 264 701 305 dicentem
727 264 966 316 interpellet.
1025 263 1167 318 Neque
1186 265 1236 304 de
1254 279 1361 317 pace
1380 281 1463 308 cum
1473 269 1571 322 fide
1582 265 1624 298 A.
1638 266 1678 299 C.
1693 268 1763 300 197.

153 323 392 375 Philippum
404 335 536 375 agere,
554 334 680 375 neque
697 321 803 361 bella
823 335 919 362 vera
939 321 1089 362 virtute
1107 334 1290 375 umquam
1306 325 1485 375 gessisse.
1514 326 1568 367 In

152 380 374 432 conloquiis
403 378 598 419 insidiari
627 385 664 418 et
693 384 882 431 captare:
919 376 961 418 in
995 377 1096 418 bello
1126 391 1205 418 non
1234 381 1426 432 congredi
1455 396 1567 436 aequo

149 450 302 489 campo,
323 449 447 489 neque
465 435 635 476 conlatis
663 435 792 489 signis
821 435 1027 483 dimicare,
1049 435 1120 475 sed
1146 435 1408 489 refugientem
1438 438 1566 480 incen-

147 494 241 534 dere
253 506 302 532 ac
315 493 496 545 diripere
506 492 631 539 urbes,
648 498 686 532 et
699 493 938 533 vincentium
948 492 1123 545 proemia
1137 493 1280 533 victum
1296 507 1562 547 conrumpere.

148 550 204 591 At
225 563 303 589 non
323 551 380 590 sic
400 550 588 603 antiquos
607 549 878 590 Macedonum
898 564 1023 603 reges,
1044 551 1113 590 sed
1131 550 1225 589 acie
1244 549 1393 590 bellare
1411 552 1561 602 solitos,

146 606 306 647 urbibus
334 621 518 660 parcere,
553 613 741 660 quantum
769 613 946 659 possent,
979 621 1056 660 quo
1090 607 1316 659 opulentius
1351 608 1564 660 imperium

143 663 349 704 haberent.
410 663 519 704 Nam
549 665 598 704 de
633 678 797 717 quorum
824 665 1073 717 possessione
1106 664 1319 705 dimicetur
1345 666 1560 716 tollentem,

142 721 250 761 nihil
268 721 347 762 sibi
357 728 514 774 praeter
533 721 673 761 bellum
695 722 935 775 relinquere,
957 722 1062 774 quod
1089 721 1295 761 consilium
1316 735 1396 762 esse
1409 725 1430 760 Ρ
1461 724 1563 764 Plu-

140 792 204 819 res
227 779 371 831 priore
389 792 498 818 anno
517 779 710 819 sociorum
732 778 846 819 urbes
875 779 919 818 in
946 778 1157 818 Thessalia
1178 784 1375 819 evastasse
1397 779 1561 834 Philip-

131 849 246 889 pum,
268 850 385 889 quam
407 849 550 885 omnes,
573 836 644 889 qui
662 849 845 889 umquam
865 835 994 875 hostes
1020 835 1241 875 Thessaliae
1246 836 1428 888 fuerint.
1460 838 1562 890 ipsis

140 907 292 946 quoque
311 893 469 934 AEtolis
489 907 574 933 eum
587 893 714 945 plura
733 893 894 940 socium,
917 905 1034 944 quam
1055 892 1200 931 hostem
1220 893 1424 934 ademisse.
1470 894 1558 949 Ly-

138 951 388 999 simachiam,
416 951 537 1002 pulso
563 955 746 1001 praetore
779 954 817 988 et
842 949 1043 1000 proesidio
1072 948 1318 998 AEtolorum‚
1350 964 1559 1003 occupasse

138 1021 238 1047 eum.
296 1006 455 1049 ‘Heium
485 1008 578 1047 item
607 1019 689 1046 suae
723 1006 893 1046 ditionis
923 1004 1055 1044 urbem
1069 1005 1269 1058 funditus
1298 1007 1481 1048 evertisse
1508 1023 1557 1050 ac

137 1065 295 1105 delesse.
341 1065 496 1104 Eadem
501 1063 666 1117 fraude
683 1063 830 1103 habere
849 1076 934 1103 eum
960 1062 1117 1103 Thebas
1132 1062 1321 1112 Phthias,
1338 1064 1554 1117 Echinum,

137 1122 364 1168 Larissam,
386 1126 426 1160 et
446 1120 703 1161 Pharsalum.

195 1178 422 1218 XXXIV.
455 1176 604 1218 Motus
638 1176 823 1218 oratione
858 1177 1091 1219 Alexandri
1128 1177 1354 1234 Philippus
1387 1194 1550 1232 navem,
1565 1190 1762 1233 Responsum

137 1242 186 1275 ut
215 1233 500 1284 exaudiretur,
521 1233 694 1290 propius
724 1242 877 1275 terram
907 1234 1122 1290 adplicuit.
1184 1236 1339 1276 Orsum
1369 1251 1465 1278 eum
1490 1237 1552 1278 di-
1564 1233 1714 1278 Philippi.

135 1306 240 1342 cere,
281 1291 324 1331 in
363 1290 530 1332 IEtolos
576 1291 770 1341 maxime,
811 1290 1027 1341 violenter,
1070 1291 1271 1333 Phaeneas
1311 1293 1550 1346 interfatus,

132 1347 231 1388 Non
261 1349 305 1388 in
334 1348 464 1389 verbis
492 1362 574 1389 rem
604 1349 722 1398 verti,
752 1347 834 1389 ait:
868 1354 937 1388 aut
967 1348 1068 1389 bello
1098 1350 1344 1398 vincendum,
1369 1358 1440 1391 aut
1469 1366 1550 1393 me-

129 1405 300 1446 lioribus
317 1406 544 1458 parendum
564 1419 657 1447 esse.
688 1405 876 1458 Adparet
896 1406 942 1445 id
960 1406 1129 1459 quidem,
1150 1405 1287 1461 inquit
1310 1407 1549 1464 Philippus,

133 1464 259 1503 etiam
286 1476 410 1509 ca’co;
442 1462 609 1518 jocatus
643 1462 685 1502 in
715 1462 996 1503 valetudinem
1028 1462 1245 1503 oculorum
1276 1463 1485 1515 Phaeneae,
1507 1475 1549 1508 et

131 1528 220 1561 erat
252 1519 431 1560 dicacior
462 1527 626 1568 natura,
649 1534 776 1574 quam
807 1533 948 1574 regem
981 1518 1113 1568 decet,
1145 1527 1186 1559 et
1218 1534 1270 1559 ne
1300 1520 1409 1562 inter
1444 1522 1549 1564 seria

130 1576 302 1631 quidem
331 1576 418 1616 risu
449 1575 547 1616 satis
578 1584 821 1631 temperans.
885 1575 1102 1631 Indignari
1134 1575 1231 1616 inde
1261 1577 1404 1632 coepit,
1426 1578 1550 1620 AEto.

128 1634 200 1682 los,
238 1639 438 1686 tamquam
477 1632 692 1680 Romanos,
723 1632 861 1672 decedi
893 1632 1056 1672 Graecia
1084 1632 1249 1683 jubere.-
1290 1635 1374 1687 qui,
1407 1635 1548 1688 quibus

110 1690 272 1743 finibus
295 1689 461 1731 Graecia
490 1689 555 1738 sit,
584 1690 716 1729 dicere
745 1702 825 1728 non
848 1690 1020 1741 possint.
1081 1690 1351 1742 Ipsiuseuim
1371 1691 1546 1734 AEtoliae

126 1747 307 1801 Agraeos,
332 1747 645 1800 Apodotosquen,
668 1751 706 1786 et
726 1745 1024 1800 Amphilochos,
1047 1760 1135 1799 qua’
1152 1761 1383 1802 permagna
1412 1763 1545 1792 eorum

118 1819 224 1858 pars
251 1806 320 1856 sit,
351 1803 553 1845 Groeciam
588 1817 668 1843 non
699 1817 791 1844 esse.
851 1803 934 1854 An,
963 1805 1071 1858 quod
1098 1818 1124 1843 a
1153 1805 1272 1845 sociis
1300 1820 1432 1847 eorum
1462 1821 1544 1848 non

123 1862 397 1910 abstinuerim,
407 1860 564 1914 justam
594 1861 794 1915 querelam
813 1860 976 1911 habent,
998 1875 1113 1915 quum
1135 1862 1218 1914 ipsi
1235 1876 1315 1915 pro
1334 1863 1420 1917 lege
1438 1864 1544 1906 hunc

122 1921 346 1973 antiquitus
365 1924 528 1959 morem⁹
546 1923 716 1968 servent,
737 1923 781 1958 ut
800 1919 989 1959 adversus
1007 1919 1133 1959 socios
1157 1919 1238 1971 ipsi
1256 1934 1358 1970 suos,
1371 1921 1542 1973 publica

120 1983 279 2018 tantum
298 1977 541 2017 auctoritate
561 1977 706 2024 demta,
715 1974 966 2029 juventutem
986 1990 1096 2017 suam
1127 1977 1309 2018 militare
1328 1979 1481 2028 sinaut,
1503 1985 1542 2020 et

119 2034 339 2075 contrariae
352 2047 535 2086 persaepe
553 2034 660 2073 acies
680 2034 724 2074 in
744 2039 914 2087 utraque
935 2039 1058 2086 parte
1077 2033 1263 2074 AEtolica
1283 2035 1445 2075 auaez'lia
1463 2036 1540 2076 ha-

120 2091 271 2132 beant?
331 2090 474 2144 Neque
503 2104 574 2144 ego
601 2091 714 2133 Cium
743 2091 984 2144 expugnavi,
1013 2092 1084 2131 sed
1104 2092 1295 2131 Prusiam
1324 2093 1470 2133 socium
1499 2101 1540 2134 et

119 2150 288 2189 amicum
317 2147 609 2201 obpugnantem
640 2146 799 2201 adjuvi:
831 2154 868 2188 et
897 2148 1196 2201 Lysimachiam
1226 2148 1278 2188 ab
1314 2149 1538 2192 Thracibus

118 2206 335 2248 vindicavi.
361 2206 437 2254 sed,
457 2205 554 2258 quia
575 2219 634 2245 me
653 2206 865 2246 necessitas
882 2206 940 2253 ad
958 2205 1029 2245 hoc
1048 2205 1187 2245 bellum
1209 2220 1234 2245 a
1255 2207 1433 2247 custodia
1454 2206 1538 2260 ejus

118 2265 282 2312 avertit,
312 2263 487 2303 Thraces
506 2261 664 2302 habent.
716 2262 776 2302 Et
795 2262 949 2302 AEtolis
968 2262 1063 2302 ha’c.
1108 2262 1252 2304 Attalo
1271 2270 1402 2305 autem
1423 2264 1537 2304 Rho-

119 2322 274 2375 diisque
304 2320 412 2360 nihil
430 2318 532 2373 jure
551 2318 683 2359 debe0.
714 2333 795 2358 non
824 2320 924 2359 enim
945 2334 971 2359 a
1000 2334 1070 2368 me,
1092 2320 1162 2360 sed
1180 2319 1231 2359 ab
1261 2321 1360 2371 illis,
1376 2322 1536 2374 princi-

112 2379 228 2431 pium
268 2377 364 2417 belli
402 2383 529 2417 ortum
570 2384 639 2417 est.
698 2376 970 2416 Romanorum
1007 2382 1135 2417 autem
1178 2377 1340 2419 honoris
1378 2392 1534 2429 caussa,

119 2436 304 2476 Peraeam
327 2435 516 2485 Rhodiis,
539 2439 578 2474 et
607 2447 728 2474 naves
747 2432 897 2474 Attalo
921 2447 1004 2473 cum
1025 2434 1210 2487 captivis,
1233 2435 1304 2488 qui
1332 2449 1535 2488 compare-

121 2492 230 2542 bunt,
252 2492 477 2533 restituam.
534 2490 647 2531 Nam
668 2491 774 2545 quod
793 2491 850 2530 ad
870 2490 1155 2543 Nicephorium
1182 2491 1424 2546 Venerisque
1441 2498 1537 2533 tem-

108 2549 176 2602 pli.
193 2549 483 2589 restitutionem
501 2549 660 2589 adtinet
666 2570 680 2594 ;
704 2548 804 2602 quid
822 2561 870 2588 ea
889 2548 1052 2588 restitui
1061 2548 1358 2601 postulantibus
1373 2563 1536 2602 respon-

118 2607 260 2646 deam?
291 2606 388 2655 nisi,
410 2619 486 2659 quo
505 2619 583 2645 uno
602 2606 715 2646 modo
734 2605 816 2646 luci
833 2605 1022 2659 silvaeque
1040 2618 1152 2646 caesae
1170 2607 1332 2647 restitui
1351 2611 1533 2659 possunt,

279 2681 296 2698 ¹¹
310 2680 521 2719 Apodeotusque
536 2678 634 2710 Gron.
650 2678 742 2710 Crev.
869 2681 886 2699 ⁰
902 2679 979 2709 hunc
992 2690 1095 2709 morem
1110 2681 1274 2720 antiquitus
1289 2679 1376 2710 Eaed.

120 2752 231 2784 mirum
247 2752 358 2788 AEtoli‚
374 2752 457 2783 ferox
480 2763 555 2794 gens
567 2758 599 2784 et
611 2752 686 2783 belli
701 2752 804 2789 avida,
848 2753 979 2794 gebatur
1003 2753 1119 2785 Chium.
1165 2753 1305 2785 Correxit
1331 2752 1473 2794 Sigonius
1497 2764 1535 2786 ex

119 2795 204 2838 pacis
219 2795 334 2826 amicas
349 2801 430 2826 artes
444 2795 507 2827 sere
521 2795 730 2837 negligebant.
850 2796 992 2838 Polybio.

162 2839 201 2868 41
228 2838 332 2879 Cium]
364 2837 426 2869 Hic
455 2838 605 2869 contrario
634 2848 733 2870 errore
762 2838 805 2870 le-

175 2894 270 2922 VOL.
296 2893 364 2921 111.
908 2894 934 2920 G
