1947 3222
339 92 413 131 174
859 87 1001 127 TITI
1047 88 1227 127 LIV11

124 209 165 240 U.
177 207 215 240 C.
228 208 303 240 558.
336 198 390 239 ab
410 196 523 239 omni
543 196 666 239 simul
687 205 806 254 parte
826 197 1010 255 adgressi
1041 207 1151 240 sunt.
1214 196 1373 239 Consul
1402 196 1613 263 extemplo
1637 212 1752 240 arma

122 251 302 283 A·C·¹94·
335 269 483 310 capere
512 253 664 296 milites
687 255 828 311 jussit.
859 263 1039 297 armatos
1059 255 1156 296 inde
1186 254 1415 312 paullisper
1439 253 1670 295 contmuit:
1703 263 1752 296 ut

335 319 377 353 et
414 310 606 352 stolidam
642 311 839 352 fiduciam
877 311 988 353 hosti
1022 319 1210 367 augeret,
1247 319 1289 353 et
1324 312 1563 367 disponeret
1598 310 1752 366 copias,

335 366 493 424 quibus
543 383 694 424 uaeque
714 368 846 424 portis
871 376 1150 424 erumperent.
1212 369 1322 409 Duae
1344 368 1527 424 legiones
1547 366 1754 409 ⁶⁴duabus

335 424 525 481 principa
542 424 635 466 ‘bus
664 425 798 480 portis
828 425 945 480 signa
975 425 1120 466 efferre
1144 425 1286 481 jussae.
1330 425 1401 466 sed
1435 424 1479 466 in
1513 423 1604 480 ipso
1635 424 1755 465 exitu

334 482 397 522 ita
426 481 602 523 conferti
636 480 835 522 obstitere
869 480 997 531 Galli,
1034 489 1083 522 ut
1118 482 1360 524 clauderent
1392 482 1515 522 viam.
1588 481 1677 522 Diu
1710 480 1754 521 in

335 538 541 593 angustiis
569 544 807 594 pugnatum
829 545 902 578 est.
934 552 1010 578 nec
1030 537 1190 579 dextris
1213 540 1347 595 magis
1376 538 1612 594 gladiisque
1641 552 1758 594 gere-

335 594 463 636 batur
481 609 561 644 res,
578 608 706 649 quam
728 593 856 635 scutis
876 594 1206 650 corporibusque
1226 595 1327 651 ipsis
1342 596 1476 637 obnisi
1493 595 1753 651 urguebant,

335 651 532 701 Romani,
554 658 603 692 ut
629 649 748 705 signa
776 650 888 691 foras
908 651 1127 698 efferrent3
1162 652 1291 703 Galli,
1313 660 1362 694 ut
1387 660 1461 694 aut
1490 651 1570 708 ipsi
1598 651 1642 692 in
1670 666 1757 692 cas-

335 716 403 750 tra
427 715 710 763 penetrarent,
740 715 814 748 aut
842 707 956 748 exire
992 708 1204 750 Romanos
1235 709 1516 764 prohiberent.
1552 723 1628 749 nec
1660 716 1757 749 ante

334 764 378 805 in
398 764 506 805 hanc
525 771 600 805 aut
620 763 734 804 illam
764 772 928 820 partem
957 764 1115 806 moveri
1145 764 1252 806 acies
1280 773 1526 821 potuerunt,
1548 780 1677 821 quam
1699 764 1755 813 Q.

335 820 549 862 Victorius
568 819 731 877 ⁶⁵primi
751 820 827 877 pili
848 821 1050 869 centurio,
1072 829 1115 863 et
1147 822 1194 863 C.
1219 822 1393 863 Atinius
1423 822 1618 863 tribunus
1648 821 1757 862 mili-

335 885 444 927 tum,
479 886 644 934 quartae
683 877 767 928 hic,
803 877 873 919 ille
913 877 1107 920 secundae
1147 877 1334 935 legionis,
1374 878 1478 930 (rem
1520 878 1562 919 in
1602 878 1758 934 asperis

334 934 496 998 proeliis
530 950 640 991 saepe
676 938 899 991 tentatam)
937 935 1055 991 signa
1089 934 1257 977 ademta
1291 935 1500 991 signiferis
1534 936 1579 976 in
1619 934 1759 976 hostes

334 991 568 1048 mjecerunt
577 998 603 1032 θ.
635 991 739 1033 dum
768 1000 966 1048 repetunt
996 991 1108 1034 enise
1135 991 1317 1049 signum,
1344 992 1503 1048 priores
1533 990 1758 1033 secundani

336 1062 380 1090 se
398 1056 523 1104 porta
541 1049 708 1105 ejecere.

394 1104 596 1149 XLVII.
627 1107 658 1146 J
660 1121 726 1147 am
746 1105 792 1146 hi
812 1114 933 1147 extra
953 1106 1111 1147 vallum
1138 1106 1400 1162 pugnabant,
1423 1113 1576 1162 quarta
1595 1106 1758 1162 legione

335 1161 381 1203 in
407 1170 531 1218 porta
559 1162 758 1213 haerente,
795 1178 929 1218 quum
962 1162 1068 1205 alius
1099 1163 1312 1205 tumultus
1339 1162 1432 1204 ⁶⁶ex
1464 1177 1610 1204 aversa
1637 1170 1757 1219 parte

335 1227 568 1260 castrorum
597 1227 660 1260 est
683 1227 867 1261 exortus.
904 1219 947 1261 in
973 1219 1179 1276 ⁶⁷portam
1209 1220 1480 1276 quaestoriam
1509 1219 1756 1276 inruperant

339 1275 478 1317 Galli:
510 1275 833 1332 resistentesque
861 1276 1115 1332 pertinacius
1145 1277 1381 1319 occiderant
1413 1276 1464 1317 L.
1489 1275 1756 1318 Postumium

336 1340 605 1388 quaestorem,
627 1333 694 1374 cui
719 1334 945 1389 Tympano
964 1333 1048 1375 fuit
1069 1349 1312 1390 cognomen,
1335 1341 1376 1375 et
1398 1334 1462 1374 M.
1481 1332 1692 1383 Atinium,
1715 1341 1757 1374 et

337 1390 391 1431 P.
416 1389 723 1445 Sempronium,
744 1389 1005 1447 ⁶⁸praefectos
1035 1391 1209 1442 socifim,
1231 1400 1274 1433 et
1300 1390 1503 1431 ducentos
1531 1389 1663 1430 ferme
1683 1388 1759 1430 mi-

335 1445 442 1488 lites.
504 1448 643 1502 Capta
670 1447 724 1488 ab
754 1462 803 1488 ea
831 1455 950 1503 parte
980 1455 1115 1488 castra
1144 1455 1275 1496 erant,
1307 1447 1438 1487 donec
1467 1446 1661 1487 ⁶⁹c0hors
1690 1462 1761 1488 ex-

336 1501 628 1554 traordinaria,
650 1503 776 1545 missa
800 1519 826 1544 a
852 1503 1021 1545 consule
1050 1504 1105 1545 ad
1134 1504 1335 1546 tuendam
1366 1502 1635 1559 quaestoriam
1665 1519 1761 1560 por-

338 1566 440 1610 tam,
463 1567 505 1601 et
530 1575 613 1610 θος,
635 1560 712 1616 qui
741 1560 852 1602 intra
881 1560 1039 1602 vallum
1069 1569 1202 1611 erant,
1230 1561 1385 1618 partim
1415 1559 1582 1610 occidit,
1603 1560 1758 1616 partim

337 1616 503 1673 expulit
523 1618 683 1668 castris,
706 1625 748 1659 et
768 1617 1106 1674 inrumpentibus
1127 1618 1302 1660 obstitit.
1364 1617 1528 1658 Eodem
1548 1617 1636 1658 fere
1657 1625 1759 1659 tem-

336 1688 439 1729 pore
459 1682 500 1715 et
522 1682 675 1729 quarta
701 1674 809 1730 legio
830 1689 926 1715 cum
953 1674 1120 1716 duabus
1146 1673 1485 1716 extraordinariis
1516 1674 1760 1716 cohortibus

337 1738 461 1786 porta
480 1730 633 1786 erupit.
666 1730 789 1772 simul
810 1731 869 1773 ita
894 1731 975 1772 tria
994 1731 1142 1787 proelia
1171 1732 1280 1772 circa
1309 1740 1444 1772 castra
1472 1731 1571 1771 locis
1602 1731 1759 1773 distan-

338 1786 454 1828 tibus
474 1796 616 1829 erant:
649 1788 933 1844 clamoresque
963 1788 1119 1829 dissoni
1140 1787 1194 1829 ad
1225 1788 1403 1829 incertos
1434 1803 1606 1828 suorum
1637 1803 1758 1829 even-

339 1851 409 1885 tus
443 1859 469 1885 a
501 1846 698 1899 praesenti
733 1844 956 1887 certamine
992 1844 1151 1886 animos
1181 1845 1462 1901 pugnantium
1496 1844 1754 1887 avertebant.

125 1904 300 1948 Repellun-
340 1900 492 1957 Usque
513 1901 567 1942 ad
587 1901 802 1942 meridiem
832 1901 964 1957 aequis
993 1901 1167 1953 viribus,
1190 1917 1237 1942 ac
1258 1917 1388 1958 prope
1418 1902 1509 1958 pari
1541 1917 1628 1958 spe,
1650 1917 1759 1958 pug-

124 1955 185 1982 ²¹¹¹·
338 1966 486 1999 natum
508 1966 582 2000 est.
613 1958 732 2000 labor
751 1967 792 2000 et
818 1966 946 2000 aestus
965 1957 1148 2000 7⁰mollia
1176 1967 1218 2000 et
1248 1958 1381 2000 fluida
1409 1973 1585 2015 corpora
1615 1958 1758 2000 Gallo-

338 2029 450 2065 rum,
467 2022 508 2056 et
529 2014 698 2056 minime
717 2015 922 2072 patientia
941 2015 1044 2066 sitis,
1067 2031 1200 2072 quum
1221 2015 1420 2057 decedere
1440 2031 1585 2072 pugna
1604 2016 1759 2072 coegis-

340 2079 417 2122 set,
438 2071 481 2112 in
502 2086 658 2128 paucos
687 2081 890 2115 restantes
918 2072 1109 2129 inpetum
1131 2073 1311 2114 Romani
1332 2073 1536 2125 fecerunt,
1557 2073 1758 2131 fusosque

340 2128 634 2184 compulerunt
669 2129 713 2170 in
748 2137 894 2171 castra.
968 2129 1145 2186 Signum
1179 2129 1276 2171 inde
1310 2130 1497 2187 receptui
1532 2145 1558 2172 a
1589 2132 1758 2173 consule

341 2184 489 2227 datum
510 2193 598 2234 est;
630 2186 685 2227 ad
705 2186 822 2242 quod
851 2201 948 2244 pars
967 2188 1101 2243 major
1130 2196 1376 2244 receperunt
1398 2203 1508 2236 sese;
1541 2202 1651 2243 pars,
1673 2203 1758 2230 cer-

861 2266 1019 2304 ejecerunt
1034 2264 1133 2296 Gron.
1151 2264 1245 2297 Crev-

385 2328 428 2360 64
452 2328 577 2359 Duabus
597 2330 810 2368 principalilms
829 2330 935 2371 portis]
971 2329 1027 2366 Iis,
1072 2329 1198 2361 storium
1223 2330 1255 2362 in
1276 2329 1418 2361 inferiore
1440 2334 1608 2361 castrorum
1630 2336 1718 2372 parte
1739 2340 1757 2362 e

343 2382 415 2412 quae
430 2380 448 2401 a
463 2371 572 2402 dextra
587 2372 727 2412 laevaque
744 2378 912 2403 castrorum
930 2378 1028 2404 erant.
1073 2373 1196 2414 regione
1226 2378 1320 2416 portae
1349 2372 1530 2403 decumanae
1560 2384 1614 2413 per
1642 2374 1757 2404 multas

344 2416 374 2447 V
378 2414 420 2446 id.
435 2419 498 2444 not.
517 2416 564 2445 l5.
581 2415 621 2445 ad
638 2415 659 2445 l.
675 2415 739 2445 ΙΙΙ.
755 2425 782 2445 c.
798 2418 827 2447 5.
1074 2422 1182 2448 aetates
1195 2422 1330 2447 statuere
1344 2425 1408 2446 mos
1420 2415 1518 2446 fuerit.
1536 2415 1610 2447 Vid.
1625 2421 1688 2448 not.
1703 2418 1756 2447 23.

387 2457 455 2488 65*
470 2457 619 2497 Primipili
634 2459 782 2499 centurio]
807 2458 881 2490 Vid.
899 2464 962 2490 not.
978 2460 1030 2490 45.
1075 2459 1114 2490 ad
1138 2459 1159 2489 l.
1182 2460 1221 2489 X.
1248 2470 1276 2490 c.
1296 2460 1350 2490 32.
1372 2469 1475 2500 supra,
1499 2464 1530 2489 et
1556 2458 1693 2500 Lipsium
1717 2459 1755 2491 de

346 2500 387 2532 ad
400 2500 446 2531 ΙΙ.
462 2501 516 2531 27.
1074 2502 1171 2533 Milit.
1186 2503 1280 2533 Rom.
1296 2502 1316 2532 l.
1334 2503 1374 2533 V.
1389 2501 1475 2532 Dial.
1491 2502 1522 2531 3.
1538 2507 1569 2531 et
1584 2504 1613 2532 5.

387 2543 431 2574 66
455 2543 499 2573 Ex
521 2553 621 2573 aversa
641 2545 742 2585 parte]
773 2543 884 2586 Scripti
909 2544 960 2575 alii
975 2545 1029 2574 mI-
1117 2545 1360 2586 68*Prcrf'cct‹›s
1381 2544 1504 2585 ιςυειίἰννι]
1536 2544 1611 2575 Υἰά.
1635 2551 1698 2576 not.
1715 2545 1754 2576 ad

346 2597 439 2622 versa,
476 2584 604 2626 quidam
639 2597 730 2616 rer-sa.
788 2587 962 2619 Gronovius
992 2598 1030 2618 ex
1075 2587 1174 2619 VIII.
1189 2589 1242 2619 36.
1256 2593 1287 2618 et
1303 2587 1434 2618 XXIII.
1449 2589 1478 2618 7.

348 2628 535 2670 quibusdam
561 2629 778 2659 vetustioribus
801 2629 892 2660 editis
914 2629 1031 2671 recepit
1116 2631 1158 2661 69
1184 2631 1289 2661 Cohors
1311 2630 1559 2671 extraordinaria]
1596 2630 1670 2661 Yid.
1693 2637 1756 2662 not.

347 2684 463 2703 aversa:
496 2675 590 2703 recte.
646 2671 696 2703 Ibi
722 2672 803 2703 enim
828 2677 916 2714 porta
946 2683 1032 2715 quae-
1077 2671 1152 2703 adl.
1168 2673 1352 2705 XXVII-c.
1372 2674 1420 2703 12.

347 2715 451 2746 storia.
1121 2716 1161 2746 70
1186 2716 1290 2746 Mallia
1312 2723 1337 2746 c!
1352 2717 1472 2757 fluida]
1504 2716 1554 2747 Sic
1573 2716 1666 2747 habet
1682 2716 1757 2748 Vic-

390 2759 431 2789 67
458 2758 575 2787 Portam
592 2757 792 2797 quoestoriam]
832 2757 925 2787 Porta
948 2767 1031 2798 quae·
1077 2763 1133 2789 tor.
1150 2759 1263 2790 codex:
1290 2770 1345 2790 uec
1361 2759 1467 2790 debuit
1488 2759 1652 2791 sollicitare
1676 2761 1755 2790 Gro-

348 2801 441 2831 storia
455 2799 565 2831 eadem
581 2800 701 2832 videtur
715 2799 819 2835 fuisse,
833 2809 867 2830 ac
884 2800 1030 2830 decuma·
1077 2801 1193 2833 novius.

350 2853 408 2874 na:
441 2843 510 2873 ideo
533 2843 616 2874 dicta
640 2842 815 2884 quaestmia.
839 2843 922 2882 quod
945 2852 1029 2883 qua·-
