1947 3222
150 207 204 282 010

216 210 236 281 -01

236 208 276 282 ‘aa

107 999 148 1030 Et
160 999 255 1043 impe-

107 1047 177 1075 trat.

323 92 400 131 270
849 90 994 130 '1-’1T1
1039 90 1210 130 LIVII

280 229 290 238 .
322 203 425 238 certe
438 197 630 240 Boiorum
644 211 757 240 nemo
773 205 867 242 ante
880 215 921 242 se
936 202 1158 255 imperator
1170 199 1438 255 pugnaverit.-
1463 200 1558 253 plus
1571 205 1730 253 partem

280 274 290 285 ·
322 255 535 295 dimidiam
567 271 616 296 ex
649 258 942 312 quinquaginta
977 259 1151 300 millibus
1188 259 1384 298 hominum
1419 271 1574 306 coesam,
1607 257 1732 297 multa

321 312 456 352 millia
477 319 623 366 capta.-
642 328 752 355 senes
765 329 988 369 puerosque
1004 316 1123 356 Boiis
1137 329 1347 369 superesse.
1378 315 1524 368 Itaque
1543 315 1590 354 id
1604 327 1734 368 quem-

322 382 440 422 quam
461 371 606 410 mirari
626 385 757 423 posse,
779 385 851 412 cur
869 373 998 412 victor
1016 373 1223 421 exercitus,
1246 386 1361 426 quum
1388 373 1534 412 hostem
1565 372 1608 411 in
1631 384 1733 423 pro-

322 426 458 466 vincia
492 428 683 468 neminem
712 429 950 482 reliquisset,
982 429 1152 469 Romam
1187 430 1338 470 venerit
1367 430 1424 469 ad
1455 428 1733 470 celebrandum

322 484 493 523 consulis
521 485 793 537 triumphum?
827 486 1003 532 Quorum
1032 487 1200 526 militum
1223 487 1256 526 si
1274 492 1313 526 et
1339 487 1381 526 in
1403 488 1491 526 alia
1514 485 1733 539 provincia

320 553 445 592 opera
473 541 536 580 uti
567 547 728 582 senatus
757 542 875 588 velit,·
907 541 1038 582 ¹8utro
1071 544 1232 583 tandem
1267 544 1380 583 modo
1407 543 1648 597 promtiores
1676 542 1734 581 ad

320 598 439 636 aliud
463 598 678 649 periculum
704 611 919 652 novumque
948 599 1119 639 laborem
1151 601 1277 640 ituros
1296 602 1446 649 credat,
1467 601 1504 641 si
1523 599 1732 652 persoluta

321 654 374 694 iis
388 654 476 694 sine
490 655 779 696 detrectatione
789 657 946 709 prioris
960 657 1137 709 periculi
1150 657 1372 710 laborisque
1387 671 1529 698 merces
1544 656 1613 707 sit,
1627 669 1682 696 an
1697 656 1734 696 si

319 724 425 763 spem
439 724 521 763 pro
540 725 587 752 re
597 712 786 765 ferentes
805 713 1024 761 dimittant,
1033 712 1126 765 jam
1146 714 1264 754 semel
1283 714 1327 753 in
1351 715 1489 765 prima
1507 728 1577 766 spe
1596 715 1733 765 decep-

319 770 409 807 tos?
441 767 566 816 Nam,
582 770 688 822 quod
701 770 758 809 ad
774 784 816 810 se
830 771 1031 820 adtineat‚
1044 770 1124 811 sibi
1137 771 1286 824 gloria:
1301 771 1343 810 in
1358 785 1507 811 omnem
1521 771 1644 811 vitam
1661 771 1734 810 illo

320 824 388 864 die
405 824 506 865 satis
533 826 741 879 quaesitum
770 841 864 875 esse,
886 841 962 881 quo
985 842 1026 868 se
1055 828 1183 868 virum
1212 828 1401 880 optimum
1417 826 1648 881 judicatum
1676 827 1735 867 ad

321 881 782 935 accipiendamMatrem
802 885 957 925 Idaeam
972 885 1141 925 misisset
1159 890 1331 925 senatus.
1394 885 1484 926 Hoc
1502 885 1636 932 titulo,
1657 884 1733 924 etsi

319 951 391 978 nec
408 940 637 980 consulatus
662 954 733 981 nec
760 942 983 994 triumphus
1002 940 1231 995 acgjiciturk,
1253 942 1354 983 satis
1379 942 1582 982 honestam
1612 941 1733 980 hono-

319 1001 530 1050 ratamque
558 995 649 1039 1‘’P.
674 997 880 1051 Scipionis
906 999 1072 1039 Nasicoe
1099 999 1311 1053 imaginem
1324 998 1439 1052 fore.
1499 997 1732 1040 Universus

320 1061 487 1094 senatus
506 1068 589 1094 non
609 1053 697 1110 ipse
723 1055 848 1096 modo
868 1056 922 1097 ad
943 1055 1246 1096 decernendum
1279 1055 1540 1111 triumphurn
1561 1069 1730 1095 consen-

321 1108 388 1158 sit,
411 1109 483 1150 sed
512 1109 637 1151 etiam
668 1111 883 1152 tribunum
913 1111 1046 1168 plebis
1075 1113 1323 1154 auctoritate
1353 1128 1428 1153 sua
1454 1111 1656 1167 compulit
1676 1110 1729 1153 ad

319 1165 611 1208 remittendam
628 1166 973 1210 intercessionem.
1035 1169 1082 1209 P.
1102 1169 1319 1210 Cornelius
1335 1168 1478 1209 consul
1499 1168 1730 1224 triumpha-

320 1222 381 1263 vit
405 1222 458 1263 de
480 1223 605 1264 Boiis.
635 1224 679 1264 in
700 1240 748 1265 eo
778 1224 993 1281 triumpho
1016 1225 1187 1266 Gallicis
1216 1226 1422 1282 carpentis
1451 1240 1566 1266 arma
1596 1224 1730 1280 signa-

319 1293 403 1333 que
432 1287 474 1320 et
505 1280 637 1336 spolia
664 1281 803 1322 omnia
835 1282 998 1338 generis
1031 1282 1274 1332 transvexit,
1296 1291 1337 1323 et
1367 1297 1466 1323 vasa
1494 1297 1607 1322 aenea
1629 1281 1729 1322 Gal-

320 1334 424 1376 lica:
457 1343 499 1377 et
519 1351 615 1377 cum
645 1337 820 1394 captivis
848 1338 1058 1380 nobilibus
1079 1354 1282 1395 equorum
1311 1354 1482 1394 quoque
1511 1346 1729 1394 captorum

319 1406 489 1447 gregem
529 1393 731 1436 traduxit.
791 1396 958 1436 Aureos
1003 1404 1174 1451 torques
1214 1395 1429 1436 transtulit
1473 1395 1586 1436 mille
1625 1409 1728 1450 qua-

319 1447 562 1504 dringentos
591 1451 857 1507 septuaginta
889 1467 1023 1492 unum
1035 1450 1055 1492 ¹.
1090 1452 1144 1493 ad
1177 1453 1285 1493 hoc¹¹²
1318 1451 1449 1492 ²⁰auri
1482 1451 1624 1507 pondo
1652 1450 1730 1492 du-

318 1512 440 1546 centa
478 1506 759 1563 quadraginta
797 1513 990 1564 septem¹¹‚
1029 1507 1062 1532 ²¹
1078 1508 1240 1564 argenti
1277 1508 1422 1550 infecti
1460 1508 1647 1564 factique
1684 1507 1726 1548 in

321 1560 494 1603 Gallicis
539 1564 662 1614 vasis,
702 1579 786 1605 non
834 1565 998 1606 infabre
1044 1581 1120 1606 suo
1168 1580 1282 1606 more
1330 1565 1467 1615 factm,
1507 1565 1592 1606 duo
1637 1564 1728 1606 mil-

316 1617 372 1658 lia
410 1626 595 1661 trecenta
627 1621 908 1677 quadraginta
945 1622 1101 1678 ponde,
1136 1622 1423 1677 ²²bigatorum
1459 1636 1726 1662 nummorum

317 1673 500 1716 ducenta
536 1676 711 1732 triginta
748 1685 961 1733 quatuor-⁰.
1013 1678 1231 1729 militibus,
1272 1679 1346 1734 qui
1386 1693 1556 1719 currum
1595 1678 1726 1720 secuti

318 1739 429 1781 sunt,
451 1731 711 1774 ”trecenosp
729 1735 894 1776 vicenos
910 1735 1059 1790 quinos
1079 1750 1186 1777 asses
1206 1735 1374 1783 divisit;
1406 1735 1563 1790 duplex
1584 1742 1727 1776 centu-

315 1788 452 1836 rioni;
486 1789 639 1845 triplex
676 1790 819 1846 equiti.
881 1793 1054 1832 Postero
1087 1791 1169 1841 die,
1201 1791 1394 1832 concione
1428 1792 1643 1841 advocata,
1672 1790 1725 1832 de

315 1844 441 1885 rebus
461 1845 514 1886 ab
535 1861 577 1886 se
605 1847 747 1902 gestis,
768 1855 809 1889 et
830 1847 882 1889 de
910 1848 1065 1904 injuria
1093 1849 1253 1890 tribuni
1281 1848 1390 1890 bello
1419 1848 1552 1889 alieno
1573 1863 1614 1888 se
1634 1847 1726 1888 inli-

357 1924 376 1947 Κ
390 1927 519 1957 addatur
535 1927 632 1958 Gron.
649 1928 740 1960 Crev.
847 1927 856 1951 ¹
873 1940 964 1959 unum
979 1928 1040 1960 del.
1058 1929 1146 1962 Eaed.
1253 1933 1278 1951 ¹¹¹
1292 1931 1353 1961 hoec
1368 1929 1454 1961 Eaed.

1565 1931 1582 1950 ¹¹
1596 1931 1723 1971 quinque

315 1967 403 2000 Eaed.
488 1973 504 1990 ⁰
519 1972 579 2000 tria
594 1971 682 2002 Eaed.
769 1974 786 1999 P
804 1977 941 2003 trecentos
956 1972 1053 2004 Gron-

311 2050 423 2081 arridet
451 2051 590 2083 Rubenii
616 2052 804 2094 conjectura,
831 2056 905 2095 quod
930 2067 996 2086 curn

310 2094 447 2124 millibus.
492 2095 593 2137 Supra
615 2106 642 2127 c.
657 2097 710 2128 34.
732 2103 758 2127 et
784 2098 915 2128 victm-ioe
937 2105 998 2129 tuoe

307 2138 462 2174 proemium
484 2143 512 2167 te
537 2138 696 2179 militesque
718 2146 781 2170 tuos
803 2142 932 2171 nondum
955 2148 997 2172 tot

309 2179 404 2215 urbes,
430 2186 497 2220 quot
530 2180 701 2221 Philippum
735 2189 834 2224 gentes
871 2184 996 2215 Groeciae

310 2221 427 2252 habere.-
450 2221 503 2263 qui
526 2222 632 2254 itidem
655 2224 739 2255 locus
764 2225 796 2255 in
811 2225 995 2266 quibusdam

309 2263 395 2294 libn‘s
428 2264 631 2307 interpolatus
664 2271 740 2297 erat.
794 2268 872 2299 Vult
904 2269 997 2310 igitur

310 2306 418 2337 consul
440 2307 544 2349 plures
559 2318 578 2338 a
591 2318 624 2339 se
640 2309 784 2340 Boiorum
803 2320 869 2342 esse
889 2322 994 2349 caesos,

309 2359 405 2390 quam
419 2355 494 2390 quot
512 2350 543 2381 in
558 2351 624 2382 ulla
639 2362 776 2393 unquam
799 2353 865 2384 acie
887 2355 995 2387 adver-

310 2402 362 2422 sus
409 2392 507 2423 ullum
556 2393 770 2436 imperatorem
815 2396 996 2429 Romanum

310 2434 526 2477 pugnaverint.

356 2477 394 2508 18
421 2477 494 2508 Utro
518 2480 634 2509 tandem
655 2481 735 2510 modo
758 2484 944 2521 promptiores
959 2505 968 2514 .
985 2505 994 2515 .

308 2520 402 2550 ituros
427 2521 542 2562 credat]
576 2521 696 2553 Ultima
723 2533 781 2553 vox
810 2535 993 2565 supervaca-

311 2572 371 2593 nea
391 2568 448 2599 est,
465 2569 496 2594 et
517 2563 636 2595 videtur
659 2565 698 2595 ab
722 2565 782 2596 illis
809 2567 926 2603 addita,
943 2568 996 2609 qui

313 2605 418 2646 aliquo
431 2605 517 2637 velut
529 2606 624 2638 fulcro
641 2607 698 2638 hoe
721 2609 892 2640 membrum
907 2620 996 2651 egere

314 2647 535 2680 existimarent.
589 2650 650 2681 Sed
681 2650 766 2681 nullo
801 2658 888 2692 eget:
935 2664 995 2684 non

316 2691 425 2731 magis,
448 2702 541 2733 quam
567 2692 624 2724 hoc
647 2694 730 2734 quod
755 2695 890 2735 proxime
918 2706 995 2737 proe-

315 2733 412 2763 cedit:
468 2735 503 2765 Id
546 2746 717 2776 quemquam
757 2738 860 2768 mirari
900 2741 996 2777 posse?

316 2775 422 2807 Simile
454 2777 699 2811 additamentum
727 2779 898 2812 tollendum
930 2792 994 2812 mo-

317 2817 449 2856 unimus,
465 2830 557 2863 supra
569 2831 597 2853 c.
613 2821 643 2852 7.

1086 2055 1210 2086 19⁸P.
1233 2055 1372 2095 Scipionis
1406 2055 1519 2086 Nasicae
1551 2055 1723 2097 imaginem]

1040 2097 1234 2139 Imaginibus
1258 2099 1409 2130 clarorum
1435 2097 1567 2129 virorum
1592 2098 1723 2129 subscri-

1039 2140 1194 2172 bebantur
1220 2141 1300 2172 tituli
1330 2142 1478 2172 honorum
1507 2150 1584 2181 quos
1613 2141 1723 2181 gessis-

1039 2190 1116 2218 sent,
1133 2190 1164 2214 et
1178 2184 1204 2214 si
1217 2184 1292 2225 quid
1314 2184 1375 2215 illis
1390 2183 1431 2215 ad
1453 2184 1580 2226 gloriam
1602 2183 1721 2224 insigne

1039 2227 1227 2269 contigisset.

1081 2271 1123 2300 20
1145 2271 1221 2300 Auri
1249 2271 1342 2309 pondo
1368 2270 1494 2299 ducenta
1524 2269 1721 2310 quadraginta

1037 2313 1178 2354 quinque]
1217 2313 1344 2343 Mai-cas
1368 2316 1519 2342 nostrates
1546 2311 1619 2341 382.
1650 2321 1719 2342 cum

1038 2355 1138 2386 unciis
1151 2366 1204 2387 sex
1216 2361 1248 2386 et
1261 2354 1430 2386 semuncia.

1081 2399 1120 2429 21
1145 2400 1270 2439 Argenti
1291 2421 1299 2428 .
1316 2420 1324 2428 .
1339 2420 1348 2429 .
1365 2419 1373 2427 .
1390 2398 1449 2427 duo
1470 2396 1564 2426 millia
1593 2403 1720 2429 trecenta

1038 2443 1235 2481 qzmdragima
1265 2440 1373 2481 pondo]
1412 2440 1538 2470 Marnas
1570 2445 1722 2472 nostrates

1038 2483 1133 2514 3656.
1148 2494 1217 2514 cum
1235 2483 1333 2514 unciis
1346 2483 1378 2514 2.

1081 2527 1122 2556 22
1159 2526 1333 2567 Bigatomm
1370 2535 1554 2556 nummorum
1595 2527 1721 2557 ducenta

1040 2570 1165 2609 triginta
1185 2570 1260 2610 tria]
1283 2570 1398 2610 Supple
1419 2568 1522 2598 millia.
1567 2567 1721 2601 Denarios

1038 2612 1177 2643 233000.
1196 2622 1317 2642 marcas
1330 2610 1447 2653 argenti
1469 2611 1564 2642 3640.
1577 2621 1647 2642 cum
1662 2623 1720 2644 un—

1038 2654 1093 2684 ciis
1105 2656 1136 2685 5.

1081 2698 1122 2727 23
1147 2696 1282 2728 Trecenos
1300 2699 1409 2727 vicerws
1428 2699 1528 2737 quinos
1541 2697 1627 2738 asses]
1652 2697 1718 2728 De-

1039 2739 1139 2770 narios
1164 2740 1258 2781 paulo
1286 2739 1355 2781 plus
1379 2740 1430 2770 20.
1466 2740 1646 2771 Semuncias
1671 2749 1718 2770 ar·

1037 2781 1122 2823 genti
1135 2788 1285 2814 nostrates
1299 2783 1390 2824 paulo
1401 2782 1471 2824 plus
1485 2784 1515 2814 5.
