1947 3222
390 124 460 158 122
885 119 1054 184 ⁵TITI
1100 117 1272 158 LIVII

175 237 264 268 U.c.
281 235 352 266 556.
386 229 606 284 Purpureo
639 227 743 269 alter
781 229 924 270 consul
958 228 992 253 ⁸⁸
1005 243 1078 285 per
1112 228 1270 270 tribum
1312 227 1551 285 Sappiniam
1584 227 1628 269 in
1661 227 1785 268 Boios

172 278 352 310 A.C.196.
385 285 512 325 venit.
572 285 671 325 Jam
701 293 836 326 castro
862 285 1021 326 Mutilo
1049 285 1427 341 adpropinquabat,
1454 299 1602 340 quum,
1628 283 1785 325 veritus

385 356 436 381 ne
465 340 810 383 intercluderetur
840 341 963 382 simul
988 357 1015 382 a
1043 342 1157 382 Boiis
1182 342 1513 397 Liguribusque,
1534 341 1677 382 eadem
1703 340 1785 390 via,

386 413 472 453 qua
499 398 746 448 adduxerat,
772 397 956 447 reduxit,
982 405 1024 438 et
1049 412 1200 453 magno
1229 398 1407 439 circuitu
1436 413 1510 453 per
1540 404 1697 453 aperta,
1723 411 1788 437 ea-

386 458 595 509 que'tuta
623 454 725 503 loca,
747 453 801 493 ad
831 453 1030 509 collegam
1058 454 1258 509 pervenit.
1290 454 1385 495 dein
1410 454 1569 509 junctis
1598 452 1788 494 exerciti-

175 518 320 565 Uterque·
386 510 466 552 bus
495 511 677 566 primum
702 510 902 550 Boiorum
931 524 1080 564 agrum
1109 525 1242 565 usque
1271 510 1325 550 ad
1347 511 1554 552 Felsinam
1583 509 1788 565 oppidum

173 560 247 633 332·
264 561 356 633 3⁰22·
385 567 633 623 populantes
662 574 1000 622 peragraverunt.
1062 568 1128 607 Ea
1156 567 1271 616 urbs,
1297 575 1515 622 ceteraque
1544 566 1724 616 castella,
1746 573 1786 606 et

170 614 345 687 popuffirur.
386 624 480 664 Boii
509 624 595 663 fere
624 637 778 670 omneS,
800 630 953 678 praeter
975 624 1258 678 juventutem,
1279 639 1375 678 quae
1398 623 1614 679 praedandi
1645 637 1790 663 caussa

385 680 427 721 in
456 679 579 721 armis
609 688 711 728 erat,
736 679 857 731 (tunc
885 679 929 719 in
959 679 1098 720 devias
1128 679 1250 720 silvas
1279 683 1518 735 recesserat)
1541 680 1583 720 in
1613 679 1788 720 deditio-

383 740 495 777 nem³
530 743 746 776 venerunt.
813 736 865 776 In
906 735 1086 791 Ligures
1126 735 1274 776 deinde
1314 736 1531 778 traductus
1568 735 1787 777 exercitus.

385 793 479 834 Boii
513 792 799 848 neglegentius
833 800 1023 833 coactum
1062 807 1210 848 agmen
1243 792 1543 842 Romanorum,
1578 793 1679 848 quia
1708 791 1788 847 ipsi

383 849 530 905 procul
559 850 699 891 abesse
728 848 984 899 viderentur,
1006 849 1216 905 inproviso
1244 848 1512 904 adgressuros
1537 864 1578 889 se
1598 849 1693 899 rati,
1713 863 1788 904 per

383 906 569 947 occultos
598 905 727 947 saltus
758 905 887 947 secuti
908 914 1017 947 sunt.
1049 921 1154 961 quos
1183 920 1265 946 non
1294 904 1451 960 adepti,
1474 905 1592 946 Pado
1619 913 1789 960 repente

384 962 561 1004 navibus
595 962 782 1017 trajecto,
820 963 970 1003 Laevos
1011 962 1258 1018 Libuosque
1298 977 1431 1018 quum
1469 969 1788 1017 pervastassent,

384 1019 606 1060 redeuntes
625 1018 722 1059 inde
743 1019 993 1074 ⁸⁹Ligurum
1013 1027 1199 1060 extremo
1225 1019 1321 1068 fine,
1343 1033 1438 1059 cum
1459 1018 1611 1074 agresti
1631 1017 1789 1073 praeda,

385 1076 429 1116 in
448 1091 597 1131 agmen
616 1075 804 1117 incidunt
828 1076 1078 1116 Romanum.
1141 1075 1328 1117 Celerius
1351 1074 1547 1131 proeh'um
1571 1075 1791 1130 acriusque

174 1140 348 1187 Vincuntur
387 1132 664 1182 commissum,
687 1147 813 1187 quam
835 1133 868 1173 si
889 1141 1073 1188 tempore
1102 1132 1275 1188 locoque
1299 1131 1354 1172 ad
1374 1140 1581 1173 certamen
1610 1130 1790 1172 destina-

174 1193 239 1214 ³⁰¹e
252 1183 332 1212 3⁰¹¹·
387 1190 454 1240 tis,
476 1188 719 1246 praeparatis
748 1188 894 1229 animis
923 1190 1235 1230 concurrissent.
1298 1188 1381 1239 Ibi,
1403 1197 1603 1244 quantam
1632 1188 1716 1228 vim
1737 1187 1792 1228 ad

389 1246 661 1288 stimulandos
695 1245 851 1287 animos
884 1245 947 1286 ira
976 1245 1161 1296 haberet,
1197 1245 1405 1301 adparuit.
1446 1260 1541 1285 nam
1575 1244 1635 1285 ita
1667 1243 1791 1284 caedis

388 1303 534 1358 magis,
570 1317 699 1358 quam
736 1302 935 1353 victoriae,
971 1302 1083 1343 avidi
1122 1310 1364 1358 pugnarunt
1405 1301 1599 1350 Romani,
1635 1308 1683 1341 ut
1717 1301 1789 1341 vix

388 1359 587 1400 nuncium
608 1359 735 1400 cladis
764 1359 873 1400 hosti
902 1359 1194 1415 relinquerent.
1256 1359 1323 1399 Ob
1343 1373 1410 1398 eas
1430 1373 1494 1398 res
1523 1367 1674 1413 gestas,
1696 1372 1792 1397 con-

389 1416 527 1458 sulum
546 1416 676 1457 literis
698 1417 874 1456 Romam
897 1415 1063 1466 adlatis,
1086 1415 1333 1471 supplicatio
1354 1414 1397 1454 in
1417 1414 1605 1455 triduum
1626 1413 1792 1454 decreta

177 1482 350 1514 Marcellus
388 1482 462 1514 est.
523 1473 647 1513 Brevi
677 1481 772 1527 post
803 1473 1030 1513 Marcellus
1051 1473 1229 1512 Romam
1255 1471 1383 1521 venit,
1406 1469 1727 1526 triumphusque
1754 1469 1791 1510 ei

179 1529 255 1610 gffjt
264 1526 371 1556 trium-
388 1545 540 1586 magno
574 1544 775 1570 consensu
815 1530 993 1570 Patrum
1032 1536 1093 1569 est
1133 1528 1335 1569 decretus.
1411 1526 1710 1582 Triumphavit
1748 1525 1793 1566 in

387 1595 636 1642 maglstratu
671 1586 723 1627 de
761 1585 1011 1626 Insubribus
1048 1585 1416 1639 Comensibusque.
1489 1583 1687 1623 Boiorum
1722 1582 1796 1623 tri-

393 1643 537 1699 umphi
567 1657 681 1698 spem
712 1642 880 1698 collegae
909 1642 1103 1697 reliquit:
1146 1641 1246 1697 quia
1273 1641 1391 1696 ⁹⁰ipsi
1426 1640 1592 1695 proprie
1621 1638 1795 1679 adversa

391 1715 536 1756 pugna
564 1699 607 1739 in
633 1714 681 1739 ea
708 1707 831 1754 gente
861 1707 1067 1747 evenerat,
1089 1698 1257 1753 collegae
1279 1696 1469 1738 secunda.
1530 1695 1674 1736 Multa
1703 1710 1795 1751 spo-

391 1756 447 1797 lia
465 1755 647 1797 hostium
668 1754 843 1811 captivis
862 1754 1066 1810 carpentis
1087 1755 1293 1803 traducta,
1310 1753 1444 1794 multa
1462 1752 1656 1793 militaria
1677 1752 1794 1806 signa

391 1813 490 1862 lata,
511 1812 643 1853 ⁹¹aeris
674 1820 857 1853 trecenta
885 1811 1034 1867 viginti
1058 1811 1201 1861 millia,
1223 1809 1422 1865 ⁹2argent'1
1452 1808 1584 1864 bigati
1614 1808 1794 1849 ducenta

392 1869 565 1925 triginta
594 1877 775 1925 quatuor
794 1868 932 1909 millia.
965 1868 1005 1908 in
1027 1868 1188 1924 pedites
1216 1866 1399 1923 singulos
1419 1865 1506 1906 dati
1525 1864 1792 1920 ⁹³octingen‘ti

393 1927 509 1967 aeris:
542 1926 695 1982 triplex
716 1926 848 1981 equiti
870 1925 1196 1980 centurionique.

451 1983 731 2023 XXXVIII.
763 1982 926 2023 Eodem
960 1997 1067 2022 anno
1102 1981 1338 2022 Antiochus
1372 1995 1460 2029 rex,
1496 1994 1627 2035 quum
1660 1978 1796 2019 hiber-

392 2048 528 2081 nasset
560 2040 734 2095 Ephesi,
767 2054 907 2080 omnes
939 2040 1055 2079 Asiae
1087 2037 1274 2079 civitates
1308 2038 1351 2078 in
1386 2037 1599 2091 antiquam
1632 2035 1794 2090 imperii

393 2096 614 2137 formulam
643 2095 830 2151 redigere
860 2105 921 2137 est
951 2103 1147 2136 conatus:
1180 2095 1359 2151 reliquas
1389 2093 1574 2149 quidem,
1597 2100 1670 2133 aut
1697 2091 1798 2147 quia

394 2153 492 2194 locis
512 2152 645 2209 planis
665 2154 811 2209 positae
832 2161 963 2202 erant,
985 2160 1059 2193 aut
1080 2151 1179 2208 quia
1198 2167 1346 2208 parum
1361 2150 1568 2191 moenibus
1587 2148 1796 2203 armisque

182 1987 354 2020 Antiochus

181 2031 289 2062 Asiam
301 2041 352 2061 oc-

181 2084 295 2115 cupare
311 2072 381 2104 niti-

183 2122 242 2148 tur.

751 2246 763 2263 ¹
777 2254 862 2283 coque
878 2243 974 2273 Gron.
990 2242 1082 2273 Crev.
1169 2245 1180 2262 ³
1194 2243 1331 2272 ditionem
1346 2239 1433 2271 Eaed.

438 2321 478 2351 88
518 2320 575 2349 Per
611 2319 719 2349 tribum
754 2318 942 2358 Sappiniam]
992 2318 1072 2354 Quae
1115 2323 1240 2358 quatuor
1266 2316 1376 2356 millia]
1423 2313 1574 2346 Denarios
1599 2313 1734 2343 234000.
1760 2311 1792 2342 id

397 2362 532 2394 Umbriae
547 2372 617 2403 pars
632 2368 688 2392 est.
724 2361 795 2391 vid.
812 2361 832 2391 l.
848 2361 970 2391 XXXI.
981 2371 1007 2391 c.
1020 2362 1051 2391 2.

439 2406 479 2436 89
504 2406 652 2442 Ligurum
674 2410 795 2434 extremo
808 2403 889 2444 fine]
937 2404 996 2434 Per
1019 2413 1072 2433 ex-

396 2454 506 2479 tremos
521 2448 669 2488 Ligurum
691 2447 777 2477 fines.
823 2446 872 2477 Sic
887 2447 909 2477 l.
925 2446 986 2476 IX.
1001 2456 1027 2476 c.
1043 2446 1074 2475 6.

395 2493 434 2521 ad
450 2492 543 2531 finem
573 2492 765 2529 Campanum.
810 2490 851 2520 Et
871 2489 892 2520 l.
915 2489 1072 2519 XXXIV.

396 2545 421 2565 c⁴
439 2535 490 2565 56.
516 2534 654 2563 Pisanum
669 2534 773 2572 finem.
816 2532 888 2562 Yid.
906 2538 937 2562 et
952 2537 1016 2563 not.
1032 2531 1071 2561 ad

396 2577 535 2608 XXXV.
549 2576 599 2606 27.
615 2575 703 2605 infra.

440 2618 580 2658 90⁸1psi
614 2618 744 2658 proprir]
789 2617 852 2659 Ipsi
882 2627 1015 2648 seorsum
1044 2622 1074 2647 et

398 2662 575 2704 speciatim:
610 2660 692 2702 quod
717 2660 838 2691 Gallice
860 2659 1039 2694 diceremus,
1056 2660 1074 2688 ὰ

399 2707 442 2734 lui
456 2705 718 2743 personnellement.

441 2749 478 2778 91
518 2747 598 2777 AEris
641 2752 766 2777 trecenta
809 2747 914 2785 viginti
963 2743 1070 2783 millia]

402 2790 477 2820 Eam
499 2800 650 2820 summam
672 2789 738 2819 aeris
759 2785 946 2819 aestimamus
968 2797 1071 2828 parem

400 2833 508 2862 marcis
522 2833 637 2873 argenti
654 2832 838 2862 nostratibus
852 2832 924 2862 500.

442 2875 481 2905 02
510 2876 633 2913 :lugenti
669 2877 759 2916 bigati
793 2877 915 2905 ducenta
951 2874 1072 2913 triginta

1115 2366 1172 2395 est,
1204 2369 1322 2391 marcas
1356 2358 1473 2398 argenti
1511 2362 1661 2387 nostrates
1697 2355 1792 2386 3656.

1116 2413 1186 2434 cum
1203 2402 1322 2432 duabus
1337 2401 1443 2432 unciis.

1157 2446 1198 2476 93
1224 2445 1390 2484 Uctingenti
1411 2442 1492 2482 oeris]
1532 2442 1612 2481 Lege
1627 2451 1697 2471 cum
1713 2439 1791 2470 Gla-

1117 2498 1207 2518 reano
1229 2494 1260 2518 et
1275 2485 1440 2520 Gronovio‚
1456 2486 1594 2526 octogeni.
1639 2483 1699 2513 Cn.
1716 2482 1793 2513 Cor-

1116 2530 1224 2565 nelius,
1242 2529 1294 2570 qui
1317 2529 1415 2571 priore
1438 2538 1518 2559 anno
1533 2526 1571 2557 de
1587 2525 1696 2556 iisdem
1712 2524 1790 2556 Gal-

1116 2573 1152 2603 lis
1175 2571 1426 2614 triumphaverat.
1446 2577 1648 2612 septuagenos
1671 2572 1792 2598 tantum

1117 2616 1185 2646 aeris
1211 2615 1356 2645 diviserat
1384 2613 1541 2644 militibus.
1586 2611 1659 2642 vid.
1685 2619 1789 2651 supra,

1117 2669 1144 2689 c.
1167 2660 1221 2688 23.
1265 2657 1312 2687 Ac
1335 2662 1441 2698 postea
1464 2654 1620 2693 Quintius,
1645 2653 1719 2683 dum
1737 2652 1789 2682 tri-

1115 2701 1244 2742 umphat
1265 2699 1303 2730 de
1326 2698 1481 2745 Philippo,
1496 2698 1632 2728 ducenos
1650 2703 1681 2726 et
1697 2695 1788 2735 quin-

1116 2752 1292 2784 quagenosz
1332 2742 1367 2772 L.
1392 2741 1505 2783 Scipio.
1531 2751 1568 2771 ex
1597 2739 1684 2773 Asia,
1713 2746 1789 2783 qu&

1115 2786 1278 2825 (lringenos
1300 2784 1410 2815 dedere
1438 2784 1592 2814 militibus.
1640 2782 1789 2821 Octogem

1117 2828 1183 2858 mris
1206 2834 1277 2857 sunt
1297 2834 1365 2857 octo
1386 2827 1513 2864 denarii,
1528 2826 1559 2857 id
1573 2830 1629 2860 est,
1645 2833 1707 2855 una
1729 2822 1790 2852 fere

1118 2870 1233 2911 argenti
1250 2870 1351 2901 uncia.
