1947 3222
211 253 283 284 571.

159 254 196 285 C.

162 297 200 329 C.
216 296 288 327 181.

108 255 144 284 U.

109 296 148 328 A.

121 1554 303 1591 Legationes

119 1597 220 1627 variae.

314 139 388 178 472
839 136 985 176 TlTI
1032 136 1205 176 LIVII

320 243 509 284 Libitina
548 252 648 285 tunc
688 244 758 286 vix
798 245 1031 288 subficeret.
1093 248 1176 288 His
1246 246 1418 302 rodigiis
1459 246 1732 302 cladibusque

319 299 432 341 anxii
458 301 605 342 Patres
633 300 921 353 decreverunt,
943 311 991 345 ut
1021 311 1063 344 et
1093 261 1296 354 consules,
1318 303 1472 359 quibus
1497 303 1592 344 Diis
1620 302 1736 344 vide-

320 364 438 398 retur
476 357 623 399 hostiis
661 359 889 415 majoribus
929 359 1219 410 sacrificarent,
1259 368 1299 401 et
1340 359 1561 401 decemviri
1607 359 1737 401 libros

321 413 497 455 adirent.
558 415 720 456 Eorum
741 416 909 457 decreto
936 416 1186 472 supplicatio
1206 417 1314 457 circa
1333 418 1471 458 omnia
1500 415 1737 473 pulvinaria.

324 471 472 511 Romae
491 471 533 512 in
555 470 666 512 diem
687 487 818 512 unum
839 472 997 513 indicta
1016 480 1090 514 est.
1122 472 1269 514 iisdem
1296 474 1538 515 auctoribus
1559 481 1601 514 et
1622 487 1737 514 sena-

323 536 393 568 tus
413 527 587 577 censuit,
609 536 650 568 et
671 528 859 569 consules
889 529 1126 579 edixerunt,
1148 537 1197 570 ut
1226 544 1301 584 per
1321 538 1452 571 totam
1475 529 1643 571 Italiam
1663 528 1738 570 tri-

323 583 456 624 duum
497 584 747 639 supplicatio
786 592 828 626 et
867 584 982 626 feriae
1021 593 1168 626 essent.
1232 585 1484 628 Pestilentiae
1524 595 1642 628 tanta
1675 585 1739 626 vis

323 650 426 690 erat,
455 649 519 690 ut,
547 655 679 694 quum
714 649 888 696 propter
922 641 1197 683 defectionem
1228 643 1469 693 Corsorum,
1496 643 1739 698 bellumque

324 698 377 738 ab
415 695 637 737 Iliensibus
667 697 919 739 concitatum
956 698 998 739 in
1031 699 1234 748 Sardinia,
1256 707 1351 740 octo
1382 700 1513 740 millia
1545 699 1737 755 peditum

325 770 376 794 ex
398 753 517 794 sociis
539 752 680 794 Latini
710 754 887 796 nominis
917 755 1040 796 scribi
1070 756 1307 812 placuisset,
1329 765 1370 797 et
1400 764 1604 797 trecentos
1625 756 1742 811 equi-

327 820 402 860 tes,
423 825 529 865 quos
560 811 623 850 M.
647 811 842 853 Pinarius
875 819 1031 868 praetor
1067 828 1206 854 secum
1241 812 1283 853 in
1317 812 1549 854 Sardiniam
1581 813 1743 867 trajice-

327 875 404 917 ret,
448 874 612 907 tantum
659 867 875 909 hominum
919 869 1186 911 demortuum
1234 885 1334 920 esse,
1377 878 1540 911 tantum
1581 869 1741 924 ubique

328 938 535 978 aegrorum
577 924 765 965 consules
803 926 1149 977 renunciaverint,
1190 926 1223 950 ⁶⁸
1236 935 1282 967 ut
1323 927 1359 968 is
1398 941 1596 968 numerus
1634 925 1740 966 effici

327 979 508 1021 militum
539 996 621 1021 non
656 981 854 1037 potuerit.
885 983 1002 1038 quod
1031 983 1173 1025 deerat
1202 983 1399 1035 militum,
1421 998 1582 1024 sumere
1611 998 1637 1024 a
1662 983 1740 1023 Cn.

331 1036 474 1077 Baebio
504 1038 762 1093 proconsule,
785 1040 859 1094 qui
894 1039 998 1080 Pisis
1026 1040 1289 1090 hibernabat,
1315 1041 1459 1097 jussus
1487 1049 1659 1096 praetor,
1680 1047 1743 1080 at-

329 1109 411 1149 que
441 1093 537 1134 inde
567 1094 609 1135 in
637 1095 869 1136 Sardiniam
902 1096 1103 1152 trajicere.
1165 1097 1215 1137 L.
1239 1098 1432 1138 Duronio
1465 1096 1651 1153 praetori,
1672 1095 1740 1137 cui

329 1150 541 1205 provincia
567 1151 730 1207 Apulia
759 1161 966 1203 evenerat,
993 1153 1158 1209 adjecta
1186 1155 1238 1195 de
1267 1154 1597 1196 Bacchanalibus
1626 1167 1743 1209 quae-

330 1207 409 1247 stio
439 1215 524 1248 est:
557 1209 679 1264 cujus
705 1208 873 1250 residua
898 1210 1095 1264 quaedam
1124 1210 1240 1252 velut
1262 1211 1417 1252 semina
1445 1227 1497 1253 ex
1532 1210 1743 1266 prioribus

329 1263 447 1304 malis
480 1264 567 1318 jam
608 1264 746 1320 priore
781 1280 889 1307 anno
922 1267 1227 1323 adparuerant:
1266 1268 1337 1308 sed
1371 1267 1504 1323 magis
1537 1267 1744 1308 inchoatae

329 1320 443 1375 apud
479 1320 511 1344 ‘’'9
527 1321 576 1361 L.
602 1320 786 1377 Pupium
822 1331 1043 1378 praetorem
1080 1324 1331 1379 quaestiones
1362 1333 1495 1373 erant,
1526 1339 1654 1380 quam
1689 1323 1744 1364 ad

329 1377 489 1418 exitum
511 1377 646 1418 ullum
675 1379 903 1434 perductae.
935 1380 979 1421 id
1009 1395 1221 1436 persecare
1251 1396 1404 1422 novum
1433 1389 1669 1437 praetorem,
1690 1395 1742 1421 ne

330 1443 509 1486 serperet
532 1435 685 1475 iterum
706 1435 846 1486 latius,
870 1438 1016 1478 Patres
1031 1437 1259 1493 jusserunt.
1297 1439 1356 1480 Et
1377 1438 1489 1493 leges
1509 1437 1562 1479 de
1582 1437 1743 1478 ambitu

329 1491 516 1532 consules
537 1507 587 1532 cx
609 1492 858 1534 auctoritate
879 1502 1046 1535 senatus
1066 1494 1119 1535 ad
1140 1495 1345 1551 populum
1367 1495 1568 1536 tulerunt.

389 1547 498 1588 XX.
533 1549 784 1603 Legationes
805 1549 954 1591 deinde
974 1551 1015 1591 in
1049 1561 1237 1593 senatum
1261 1551 1599 1593 introduxerunt.
1663 1549 1745 1591 Re-

329 1619 431 1659 gum
462 1604 630 1660 primas,
663 1606 880 1657 Eumenis,
902 1616 943 1648 et
974 1608 1212 1650 Ariarathis
1243 1608 1519 1665 Cappadocis,
1541 1616 1580 1650 et
1614 1606 1746 1649 Phar-

330 1661 441 1702 nacis
464 1661 640 1702 Pontici.
672 1677 746 1703 nec
776 1663 889 1704 ultra
908 1664 1141 1720 quidquam
1172 1666 1230 1706 eis
1253 1680 1497 1720 responsum
1517 1674 1594 1715 est,
1616 1678 1744 1720 quam

330 1717 541 1766 missuros,
564 1718 637 1773 qui
669 1719 720 1759 de
751 1721 1038 1762 controversiis
1073 1737 1217 1763 eorum
1252 1730 1560 1777 cognoscerent,
1589 1729 1743 1763 statue-

330 1782 518 1829 rentque.
581 1775 994 1818 Lacedaemoniorum
1022 1778 1172 1819 deinde
1203 1779 1394 1819 exsulum
1425 1788 1465 1821 et
1487 1778 1743 1819 Achaeorum

330 1831 455 1885 legati
472 1831 700 1873 introducti
722 1841 830 1874 sunt.
863 1842 905 1874 et
927 1849 1018 1889 spes
1039 1835 1137 1876 data
1153 1835 1368 1876 exsulibus
1389 1844 1466 1885 est,
1488 1835 1740 1890 scripturum

332 1895 519 1927 senatum
551 1888 734 1938 Achaeis,
767 1898 812 1930 ut
850 1892 1181 1932 restituerentur.
1241 1891 1428 1932 ⁷⁰Achaei
1466 1891 1517 1932 de
1551 1892 1743 1931 Messene

331 1952 510 1999 recepta,
532 1945 854 2001 compositisque
888 1948 947 1988 ibi
980 1948 1119 1998 rebus,
1142 1964 1235 1989 cum
1267 1948 1443 1989 adsensu
1470 1947 1644 1989 Patrum
1675 1960 1747 1987 ex-

331 2012 572 2054 posuerunt.
634 2002 692 2042 Et
723 2017 748 2043 a
771 2002 912 2059 Philip
944 2020 969 2044 o
994 2020 1091 2060 rege
1118 2005 1399 2046 Macedonum
1421 2005 1506 2047 duo
1534 2003 1659 2060 legati
1680 2019 1749 2044 ve-

333 2065 498 2107 nerunt,
523 2057 728 2099 Philocles
758 2068 797 2101 et
820 2061 915 2116 Ape
936 2060 1006 2111 les,
1028 2062 1143 2103 nulla
1164 2077 1288 2118 super
1318 2077 1376 2112 re,
1399 2077 1495 2117 quae
1515 2062 1569 2103 ab
1599 2068 1745 2102 senatu

335 2188 533 2225 Libitinariis,
560 2190 591 2219 id
618 2196 674 2226 est,
698 2191 734 2221 iis
760 2192 812 2232 qui
839 2192 1016 2226 funebribus

333 2231 506 2261 ministeriis
519 2233 671 2263 obeundis
686 2240 847 2274 praeerant.

375 2275 415 2304 68
444 2274 483 2304 Ut
507 2276 529 2305 is
553 2286 689 2305 numerus
708 2276 783 2317 effici
808 2279 933 2308 militum
959 2291 1015 2310 non

332 2318 471 2355 potnerit.
517 2318 602 2353 Quod
627 2320 724 2348 deerat
753 2321 894 2361 militum]
927 2323 1017 2353 Post-

334 2369 448 2389 remam
486 2370 592 2391 vocem
628 2371 645 2391 e
687 2362 823 2403 margine
863 2364 1018 2405 irrepsisse

333 2401 525 2433 crediderim.
571 2403 780 2436 Gnonovws.

376 2445 417 2475 69
441 2445 478 2474 L.
498 2446 625 2484 Pupium
647 2448 817 2488 pra-torem]
843 2449 906 2485 Qui
930 2451 1016 2482 bien-

335 2486 385 2516 nio
400 2492 470 2517 ante
486 2494 597 2528 pra-tor
610 2488 717 2525 suerat,
731 2501 767 2521 ac
783 2492 919 2532 proximo
936 2504 1017 2525 anno

334 2529 520 2570 provinciam
539 2530 684 2571 Apuliam
708 2533 833 2574 imperio
856 2543 1017 2576 proropato

333 2571 516 2603 obtinuerat.
560 2574 597 2603 Ei
626 2574 786 2616 imperium
823 2586 1016 2619 prorogatum

333 2624 400 2645 esse
423 2621 550 2657 apparet
575 2621 640 2646 tum
670 2628 706 2647 ex
734 2618 770 2648 iis
795 2629 866 2660 quae
894 2620 942 2651 hic
970 2622 1016 2652 di-

332 2662 452 2691 cuntur,
480 2664 544 2688 tum
570 2668 607 2690 ex
642 2669 678 2689 eo
709 2661 790 2700 quod
824 2663 1016 2703 praecedente

334 2709 414 2730 :mno
431 2700 577 2742 Apuliam
602 2712 690 2732 nemo
713 2709 878 2744 proetomm
894 2706 1016 2738 sortitus

334 2742 441 2772 suerat.
488 2743 561 2774 Vid.
577 2754 604 2774 c.
623 2745 648 2774 l.
667 2755 768 2786 supra.

375 2785 415 2815 70
438 2787 537 2815 sicheri
558 2789 593 2818 de
620 2787 742 2819 Messene
766 2796 875 2828 recepta
896 2813 903 2820 .
921 2813 928 2821 .
949 2803 1012 2821 cnm

331 2838 442 2857 assensu
499 2829 622 2859 Puerum
676 2833 879 2873 rnipnsuerunt]
943 2834 1012 2864 ΠΛ.

333 2875 393 2899 nol.
409 2872 437 2902 8.
454 2871 491 2902 ad
509 2883 534 2901 ‹·.
551 2874 581 2903 2.
605 2884 707 2916 supra,
724 2880 754 2905 ct
775 2875 878 2907 confer
892 2886 927 2907 ea
945 2887 1012 2917 quar

1059 2195 1112 2226 illo
1146 2195 1213 2226 loco
1247 2206 1283 2226 ex
1311 2195 1443 2237 Polybio
1478 2194 1648 2230 retulimus,
1674 2203 1744 2224 cum

1059 2238 1095 2269 iis
1115 2249 1183 2279 quae
1206 2238 1254 2269 hic
1279 2244 1457 2269 narrantur:
1483 2238 1594 2279 quibus
1613 2242 1643 2267 et
1665 2235 1743 2266 illud

1060 2280 1190 2323 adjicere
1217 2292 1277 2312 non
1300 2281 1408 2312 inutile
1434 2280 1535 2316 suerit,
1558 2279 1673 2322 priores
1696 2278 1742 2308 Α-

1061 2324 1217 2355 chaeorum
1238 2324 1366 2365 legatOS,
1389 2334 1516 2364 quorum
1540 2321 1655 2353 mentio
1681 2320 1744 2351 sac-

1062 2372 1094 2397 ta
1119 2373 1164 2398 est
1190 2376 1270 2398 anno
1295 2366 1498 2409 praecedente,
1519 2371 1651 2396 retentos
1677 2373 1744 2394 esse

1062 2410 1102 2440 ab
1118 2409 1268 2441 Romanis
1284 2409 1373 2440 avide
1384 2407 1643 2450 exspectantibuS,
1653 2416 1745 2447 quem

1059 2452 1175 2483 exitum
1199 2453 1314 2484 bellum
1332 2452 1478 2483 adversus
1492 2449 1665 2482 Messenios
1688 2449 1742 2480 ha-

1060 2495 1195 2525 biturum
1232 2500 1329 2526 esset:
1376 2494 1485 2535 iisque,
1523 2493 1613 2523 simul
1650 2497 1742 2532 atque

1062 2537 1173 2569 llomae
1196 2538 1350 2577 cognitum
1376 2536 1466 2567 fuerit
1488 2546 1534 2567 res
1559 2546 1596 2566 ex
1620 2541 1746 2565 senten-

1060 2580 1103 2611 tia
1126 2576 1251 2611 Achmis
1278 2580 1471 2622 processisse,
1496 2580 1605 2610 Patres
1626 2577 1742 2618 signifi-

1059 2632 1157 2659 casse,
1171 2623 1228 2654 sibi
1249 2633 1330 2654 curae
1353 2622 1457 2658 fuisse,
1474 2632 1511 2652 ne
1526 2621 1690 2663 quisquam
1704 2630 1740 2650 ex

1061 2665 1154 2696 ltalia
1180 2676 1266 2696 arma
1289 2671 1341 2695 aut
1368 2665 1552 2696 frumentum
1575 2664 1741 2694 Messenen

1061 2707 1246 2749 importaret.
1291 2709 1367 2738 llaec
1395 2709 1505 2750 Polyb.
1534 2708 1609 2747 ch.
1631 2707 1683 2736 51.
1710 2710 1744 2736 et

1058 2752 1109 2781 53.
1155 2752 1201 2782 Ex
1226 2751 1272 2782 his
1296 2757 1422 2793 apparet
1442 2750 1592 2781 Romanis
1614 2754 1689 2794 tunc*
1709 2748 1740 2778 in

1058 2803 1113 2823 usu
1129 2804 1194 2823 csso
1207 2794 1338 2835 ctrpisso.
1355 2800 1435 2825 artes
1451 2794 1559 2836 priscae
1571 2791 1653 2823 illius
1667 2801 1740 2822 suu-

1057 2835 1203 2876 plu-itatis
1216 2848 1323 2879 parum
1341 2848 1499 2869 memore&
