1947 3222
424 133 542 169 LIB.
574 126 773 167 XXXIII.
829 128 961 166 CAP.
992 131 1206 168 XXXVII.
1447 138 1513 171 191

108 245 287 299 fatigato
316 256 390 298 per
419 240 529 280 diem
559 246 695 279 totum
726 236 856 278 milite
886 236 954 277 via
984 236 1185 288 facienda,
1218 248 1352 281 castra
1380 242 1422 282 in
1453 251 1518 283 tu-
1534 256 1623 287 U.C.
1636 257 1710 287 556.

111 301 226 342 mulo
246 298 428 355 quodam
448 303 685 352 ponentem,
710 293 969 344 Corolamus,
991 294 1163 349 regulus
1185 296 1400 347 Boiorum,
1423 314 1518 339 cum
1535 299 1572 330 A.
1584 299 1622 346 ‚C-
1641 300 1712 329 196.

112 373 263 413 magna
291 369 416 396 manu
447 352 633 401 adortus,
665 352 718 392 ad
749 351 829 392 tria
858 350 987 391 millia
1018 351 1234 391 hominum
1264 353 1437 394 occidit:
1480 364 1520 396 et
1535 344 1602 373 Bon
1616 341 1732 371 R⁰¹¹¹²²'

109 415 305 455 inlustres
332 409 409 451 viri
440 408 601 464 aliquot
622 408 665 449 111
685 408 756 449 illo
785 407 1062 449 tumultuario
1091 408 1239 463 proelio
1269 409 1521 461 ceciderunt,

110 472 219 512 inter
254 483 360 525 quos
395 466 428 490 ⁸⁶²
440 466 630 522 praefecti
667 465 839 514 socium,
879 465 919 504 T
925 472 956 503 ,Ρ
987 465 1256 520 Sempronius
1292 465 1522 518 Gracchus,

113 529 176 568 M.
199 528 228 567 J
232 525 356 567 unius
385 523 574 570 Silanus3
607 530 649 563 et
670 521 828 563 tribuni
858 521 1039 562 militum
1064 521 1116 562 de
1137 522 1298 577 legione
1329 524 1523 574 secunda,

112 585 168 625 A.
192 582 400 638 Ogulnius
431 588 471 621 et
504 581 550 620 P.
576 579 791 620 Claudius.
823 586 958 619 castra
988 587 1126 620 tamen
1156 580 1209 620 ab
1241 579 1441 620 Romanis
1464 581 1525 621 in-

111 641 230 697 pigre
260 637 497 695 permunita
517 644 776 692 retentaque,
800 651 931 691 quum
953 636 1091 676 hostes
1112 651 1136 676 a
1156 651 1354 692 prospera
1381 652 1527 693 pugna

112 696 398 752 nequidquam
420 694 742 750 obpugnassent.
807 692 978 734 Stativis
999 692 1148 734 deinde
1169 693 1323 734 eisdem
1344 709 1418 749 per
1440 693 1526 735 dies

111 753 274 809 aliquot
295 767 380 793 sese
409 750 560 799 tenuit,
583 750 684 791 dum
706 758 747 791 et
769 751 928 790 saucios
949 758 1129 799 curaret,
1153 758 1194 792 et
1214 749 1278 790 ⁸3a
1298 758 1416 792 tanto
1446 759 1527 792 ter-

112 825 204 851 rore
235 809 393 850 animos
421 807 603 848 militum
634 807 831 848 reficeret.
894 805 1002 855 Boii,
1030 814 1077 847 ut
1110 815 1170 848 est
1198 822 1299 863 gens
1319 807 1527 849 8411111111116

111 867 189 908 adq
210 881 337 907 mora?
367 864 541 906 taedium
571 864 747 919 patienS‚
779 864 821 903 in
852 863 1021 904 castella
1050 878 1126 904 sua
1154 863 1350 920 vicosque
1380 864 1529 920 dilapsi

113 931 224 965 sunt.
286 922 529 971 Marcellus,
567 920 684 961 Pado
713 919 930 960 confestim
966 919 1154 974 trajecto,
1184 920 1227 960 in
1263 936 1413 976 agrum
1451 923 1529 962 Co-
1542 936 1681 968 Victoria

114 995 311 1029 mensem,
333 979 407 1020 ubi
441 978 652 1027 Insubres,
677 975 951 1017 Comensibus
981 976 1036 1016 ad
1067 991 1182 1016 arma
1212 978 1373 1027 excitis,
1396 986 1530 1019 castra
1543 979 1736 1026 Mascellide

115 1037 341 1086 habebant,
364 1034 520 1076 ⁸⁵ducit
552 1034 745 1089 legiones.
786 1033 830 1073 in
859 1033 950 1088 ipso
980 1031 1127 1074 itinere
1158 1033 1355 1089 proelium
1382 1033 1531 1075 86com-
1543 1023 1737 1054 Insubnbus.

116 1095 315 1136 mittunt:
349 1099 390 1133 et
410 1091 546 1147 primo
576 1090 680 1131 adeo
709 1090 858 1131 acriter
887 1089 1143 1140 invaserunt,
1166 1098 1214 1132 ut
1242 1090 1531 1147 antesignanos

116 1149 356 1206 inpulerint.
419 1148 542 1198 Quod
572 1147 646 1188 ubi
677 1145 985 1196 animadvertit,
1007 1146 1164 1188 veritus
1194 1162 1245 1188 ne
1273 1147 1376 1189 moti
1408 1148 1532 1189 semel

118 1206 387 1264 pellerentur,
433 1204 647 1246 cohortem
696 1204 936 1244 Marsorum
986 1203 1206 1259 obposuit:
1258 1212 1299 1246 et
1340 1205 1532 1261 equitum

120 1263 368 1305 Latinorum
392 1277 532 1302 omnes
554 1269 714 1302 turmas
735 1260 777 1301 in
797 1260 958 1302 hostem
979 1260 1125 1301 emisit.
1188 1262 1377 1311 Quorum
1400 1278 1533 1318 quum

118 1321 280 1377 primus
301 1318 594 1374 secundusque
614 1318 781 1374 inpetus
808 1317 1030 1359 retudisset
1060 1317 1307 1360 inferentem
1329 1334 1370 1360 se
1391 1319 1536 1361 feroci-

117 1386 182 1419 ter
219 1377 396 1425 hostem,
439 1376 681 1416 confirmata
721 1382 761 1416 et
802 1374 965 1430 reliqua
1003 1374 1109 1415 acies
1153 1375 1342 1416 Romana
1381 1376 1535 1418 restitit

117 1434 267 1491 primo,
299 1433 449 1474 deinde
481 1432 598 1488 signa
627 1431 776 1473 acriter
805 1432 960 1472 intulit.
999 1446 1073 1472 ncc
1104 1432 1216 1473 ultra
1245 1433 1534 1475 sustinuerunt

118 1498 330 1532 certamen
353 1489 480 1539 Galli,
502 1489 606 1544 quin
627 1497 746 1544 terga
774 1495 998 1538 verterent,
1021 1496 1148 1543 atque
1175 1489 1304 1530 effuse
1324 1490 1533 1546 fugerent.

122 1548 176 1588 In
215 1563 263 1587 60
302 1545 450 1602 proelio
491 1560 618 1601 supra
665 1544 946 1601 quadraginta
990 1544 1119 1585 millia
1157 1545 1373 1587 hominum
1414 1563 1534 1597 caesa,

121 1603 311 1645 Valerius
346 1602 500 1643 Antias
535 1602 701 1643 scribit:
747 1609 787 1642 et
823 1601 1054 1657 quingenta
1087 1610 1245 1658 septem
1281 1604 1399 1659 signa
1430 1604 1536 1645 mili-

122 1660 228 1702 taria
247 1667 382 1716 capta,
405 1667 445 1700 et
467 1667 663 1714 carpenta
683 1658 992 1714 quadringenta
1013 1658 1185 1713 triginta
1205 1659 1304 1710 duo,
1326 1669 1367 1700 et
1390 1676 1537 1701 aureos

122 1725 294 1772 torques
324 1716 493 1764 multos,
516 1731 567 1755 ex
594 1715 750 1771 quibus
781 1729 913 1755 unum
943 1715 1083 1770 magni
1112 1715 1308 1771 ponderis
1331 1717 1537 1759 Claudius

121 1774 207 1815 ⁸⁷in
233 1772 440 1830 Capitolio
461 1772 560 1812 Jovi
582 1772 737 1813 donum
766 1772 808 1812 in
840 1771 928 1812 aede
958 1772 1141 1828 positum
1174 1773 1327 1815 scribit.
1390 1775 1538 1816 Castra

121 1846 171 1872 eo
200 1830 268 1871 dje
300 1829 519 1871 Gallorum
550 1838 791 1885 expugnata
823 1828 1094 1885 direptaque:
1139 1838 1179 1870 et
1212 1831 1390 1872 Comum
1420 1831 1538 1887 oppi-

123 1887 227 1929 dum
246 1887 357 1928 intra
377 1886 465 1927 dies
484 1901 639 1942 paucos
660 1894 842 1942 captum.
905 1886 1086 1928 Castella
1106 1886 1202 1928 inde
1223 1887 1539 1944 duodetriginta

124 1945 180 1986 ad
200 1943 409 1985 consulem
439 1943 693 1985 defecerunt.
756 1943 811 1984 Id
840 1958 1011 1999 quoque
1040 1942 1148 1985 inter
1169 1943 1388 2000 scriptores
1409 1945 1538 1986 ambi-

124 2001 257 2057 gitur,
280 2008 423 2042 utrum
453 2001 496 2041 in
518 1999 645 2041 Boios
668 2000 799 2056 prius,
822 2015 874 2041 an
897 2001 1111 2051 Insubres,
1134 2001 1278 2041 consul
1308 2003 1536 2043 exercitum

124 2057 353 2107 induxerit,
389 2057 688 2113 adversamque
727 2072 927 2114 prospera
960 2072 1104 2113 pugna
1138 2057 1442 2100 obliteraverit:
1485 2074 1537 2100 an

125 2114 314 2165 victoria,
336 2113 391 2155 ad
413 2115 591 2155 Comum
620 2122 755 2170 parta,
778 2113 1011 2155 deformata
1034 2114 1150 2155 clade
1170 2114 1213 2155 in
1235 2114 1348 2156 Boiis
1369 2124 1539 2172 accepta

128 2172 195 2214 sit.

185 2229 439 2269 XXXVII.
474 2229 562 2270 Sub
587 2228 676 2269 haec
694 2236 787 2270 ‘tam
814 2228 930 2270 varia
953 2228 1124 2270 fortuna
1147 2237 1278 2285 gesta,
1307 2230 1358 2270 L.
1383 2231 1540 2271 Furius

551 2331 568 2357 Ρ
587 2328 632 2358 Τι’.
649 2328 746 2359 Gron.
765 2330 854 2359 Crev.
941 2331 958 2356 ‘i
973 2329 1006 2358 ob
1020 2328 1108 2359 Eaed.

171 2414 211 2443 82
235 2412 379 2455 Praefecti
403 2412 522 2448 sociam,
553 2414 597 2444 Ti.
622 2415 811 2452 Sempronius
855 2412 1011 2454 adjectum
1039 2419 1096 2445 est.
1140 2414 1173 2445 Si
1199 2425 1276 2446 sana
1305 2421 1377 2446 sunt
1402 2426 1441 2446 ea
1466 2426 1536 2457 quae

131 2455 299 2497 Gracchus]
344 2454 419 2486 Vid.
456 2461 521 2487 not.
558 2456 598 2487 ad
625 2457 648 2488 l.
680 2457 810 2487 XXIII.
854 2462 1033 2497 sequuntur,
1056 2457 1121 2488 haec
1139 2458 1242 2493 verba,
1267 2460 1462 2495 committunt,
1491 2461 1538 2488 iu-

131 2507 161 2529 c.
174 2499 206 2529 7.
853 2506 1002 2534 vaserunt,
1017 2499 1055 2530 de
1072 2499 1175 2531 Gallis
1188 2506 1261 2531 sunt
1276 2500 1489 2542 intelligenda.

176 2542 215 2571 83
239 2542 265 2572 A
288 2548 368 2572 tanto
391 2542 514 2582 terrore]
545 2541 704 2573 Particula
722 2553 740 2571 a
761 2542 808 2572 in-
897 2543 1171 2573 86*C0mmittunt
1188 2566 1196 2573 .
1210 2565 1218 2574 .
1234 2545 1405 2574 invaserunt
1428 2566 1436 2574 .
1453 2567 1461 2574 .
1486 2545 1540 2573 im-

132 2588 214 2613 serta
226 2589 273 2614 est
289 2595 307 2615 a
323 2584 489 2615 Gronovio.
859 2585 1004 2625 pulerint]
1040 2586 1116 2617 Haec
1134 2586 1227 2617 verba
1245 2592 1317 2617 sunt
1339 2585 1541 2627 intelligenda

178 2627 219 2656 84
242 2627 365 2657 RIinime
383 2629 415 2657 ob
429 2638 518 2657 moroe
540 2629 663 2658 toedium
685 2628 812 2668 patiens]
859 2628 897 2658 de
912 2628 1026 2658 Gallis.

137 2667 243 2709 blagis
263 2670 407 2710 placeret,
420 2672 537 2701 minime
558 2672 590 2701 ob
613 2673 735 2701 taedium
756 2682 813 2701 mo-
902 2672 941 2700 87
966 2671 1004 2701 Ιη
1031 2671 1174 2710 Capitolio
1200 2672 1266 2702 Jovi
1290 2674 1398 2702 donum
1423 2673 1455 2701 in
1480 2672 1542 2702 oecle

137 2721 183 2740 roe
201 2713 324 2749 patiens,
340 2712 383 2743 ita
406 2718 438 2743 ut
459 2723 517 2743 vox
542 2724 630 2744 moroe
652 2720 775 2754 regatur
797 2724 815 2744 a
857 2714 997 2754 positum]
1044 2714 1105 2744 vel
1135 2714 1276 2745 delendae
1303 2720 1374 2744 sunt
1395 2724 1486 2745 voces
1507 2715 1540 2744 in

138 2753 262 2784 nomine
294 2757 416 2793 patiens,
453 2755 535 2796 quod
573 2766 647 2786 sane
681 2756 815 2798 postulat
858 2758 928 2792 crde,
950 2757 1002 2787 vel
1031 2756 1229 2798 legendum:⁴
1255 2757 1398 2787 Claud-ius
1425 2755 1542 2796 Capito*-

141 2795 278 2836 aliquam
293 2807 410 2833 vocem,
427 2798 477 2828 cui
491 2799 650 2829 innitatur.
863 2800 922 2829 Iino
949 2800 1015 2830 Jom'
1043 2802 1151 2829 domam
1178 2802 1210 2830 in
1238 2800 1296 2829 oede
1320 2801 1444 2838 positum
1470 2802 1542 2830 scri·

185 2839 227 2869 85
252 2838 344 2868 Ducit
367 2841 503 2880 legiones]
538 2842 675 2872 Verbum
698 2841 819 2872 deside·
863 2843 914 2872 bit.
973 2842 1141 2874 Claudium
1186 2840 1324 2883 intellige
1368 2842 1543 2884 Quadriga-

141 2880 266 2912 fabatur
281 2881 311 2911 in
326 2881 441 2913 codice.
486 2883 533 2913 Ex
549 2889 651 2915 mente
668 2884 820 2914 Glareani
864 2884 952 2914 rium.

1536 395 1588 416 nos
1600 384 1735 416 caedunt.
