1947 3222
509 101 633 139 LIB.
661 97 830 137 XXXV.
871 101 1001 137 CAP.
1030 101 1139 139 mv,
1463 109 1541 143 201.

122 207 196 248 iri:
230 217 318 257 aut,
342 209 371 249 si
395 224 475 265 pax
499 209 607 249 victo
627 208 813 255 daretur,
835 207 969 248 multa
995 208 1055 248 illi
1084 209 1272 251 detracta
1297 211 1374 251 sibi
1406 226 1539 253 acces·
1551 222 1592 254 U.
1605 223 1642 252 c.
1656 221 1730 252 559.

124 279 242 305 sura:
292 274 338 306 ut
366 265 484 306 facile
512 264 660 304 deinde
696 279 737 304 se
767 264 820 304 ab
853 279 902 303 eo
929 263 1014 304 sine
1044 265 1130 305 ullo
1162 267 1352 307 Romano
1382 265 1592 310 auxilioA·
1605 264 1644 296 C·
1660 264 1730 294 193.

125 322 232 362 tucri
261 330 409 376 posset.
470 320 626 370 Etiam,
649 320 681 361 si
712 320 816 375 quid
848 320 1010 360 adversi
1040 336 1234 361 casurum
1264 323 1386 372 foret,
1410 325 1541 366 satius

124 392 209 417 csse
245 377 444 418 Romanis
474 375 591 417 sociis
626 392 935 432 quamcumque
973 377 1184 418 fortunam
1223 378 1377 428 subire,
1412 395 1539 434 quam

125 433 257 474 solum
278 442 349 474 aut
371 433 591 488 imperium
620 434 708 489 pati
743 432 958 483 Antiochi,
980 441 1054 474 aut
1075 434 1325 475 abnuentem
1348 435 1390 474 vi
1412 443 1540 491 atque

124 490 248 530 armis
278 489 379 544 cogi.
442 490 509 530 Ob
529 489 633 539 haec,
656 497 863 545 quantum
886 489 1149 541 auctoritate,
1171 499 1377 546 quantum
1409 492 1540 532 consi-

126 545 180 586 lio
200 545 378 594 valebat,
400 545 599 587 incitabat
622 547 833 586 Romanos
853 546 906 586 ad
927 546 1096 587 bellum.

144 634 147 636 -
183 602 308 642 XIV.
343 602 553 658 Sulpicius
583 617 694 658 aeger
725 603 918 656 Pergami
950 603 1148 644 substitit.
1210 603 1374 653 Villius,
1405 619 1538 659 quum

127 658 297 699 Pisidiae
334 658 444 699 bello
483 656 734 715 occupatum
774 674 860 699 esse
901 674 1040 714 regem
1080 659 1278 710 audisset,
1320 659 1538 715 Ephesum

126 714 354 769 profectus,
385 715 487 756 dum
514 731 670 771 paucos
699 715 757 756 ibi
788 723 976 756 moratur
1005 716 1108 765 dies,
1139 716 1255 757 dedit
1285 731 1468 772 operam,
1490 726 1539 758 ut

126 786 221 811 cum
243 771 496 821 Hannibale,
518 772 592 827 qui
613 780 705 813 tum
726 772 783 813 ibi
805 772 913 812 forte
933 780 1037 821 erat,
1060 788 1169 828 saepe
1189 773 1536 827 congrederetur3
1573 797 1576 800 >

129 835 174 868 ut
196 828 381 868 animum
403 829 492 884 ejus
513 837 554 870 et
575 836 769 878 tentaret,
787 829 820 869 si
841 844 926 883 qua
945 837 1097 884 posset,
1115 838 1156 870 et
1177 838 1334 870 metum
1356 830 1540 870 demeret

126 884 302 939 periculi
324 885 360 925 ei
381 884 615 940 quidquam
636 886 690 926 ab
712 884 911 925 Romanis
931 900 1028 925 esse.
1072 885 1154 925 His
1173 886 1403 940 conloquiis
1423 885 1540 927 aliud

127 941 298 995 quidem
328 950 467 982 actum
497 941 600 982 nihil
630 949 717 982 est:
750 941 978 982 &secutum
1013 949 1150 982 tamen
1181 957 1256 982 sua
1285 950 1431 997 sponte
1460 951 1538 993 est,

128 997 242 1038 velut
264 998 432 1039 consilio
451 998 631 1054 petitum
652 1006 772 1047 esset,
794 1006 842 1038 ut
863 997 982 1037 vilior
1002 998 1057 1038 ob
1084 1013 1133 1038 ea
1151 998 1239 1053 regi
1262 999 1476 1038 Hannibal
1497 1008 1539 1040 et

130 1054 358 1109 suspectior
396 1054 451 1094 ad
490 1054 628 1095 omnia
666 1055 794 1094 fieret.
860 1053 891 1076 ‘¹4
901 1053 1118 1103 Claudius,
1160 1062 1326 1095 secutus
1368 1055 1539 1096 Graecos

130 1110 340 1150 Acilianos
361 1110 506 1158 libros,
530 1112 577 1151 P.
601 1110 850 1150 Africanum
871 1109 913 1150 in
938 1125 987 1150 ea
1015 1110 1143 1150 fuisse
1163 1110 1368 1166 legatione
1388 1111 1535 1152 tradit:

128 1182 307 1221 eumque
329 1166 485 1222 Ephesi
507 1166 771 1207 conlocutum
792 1182 887 1207 cum
910 1166 1161 1207 Hannibale.
1222 1169 1281 1208 Et
1310 1183 1536 1208 sermonem

128 1223 251 1263 etiam
293 1238 423 1263 unum
462 1223 603 1273 refert,
639 1238 724 1278 quo
763 1223 967 1279 quaerenti
1008 1223 1225 1274 Africano,
1265 1239 1376 1277 quem
1398 1225 1538 1278 fuisse
1550 1229 1718 1280 Conloqui—

127 1280 338 1319 maximum
357 1281 635 1332 imperatorem
654 1280 876 1320 Hannibal
889 1281 1094 1320 crederet?
1117 1281 1390 1336 respondisse,
1414 1281 1536 1321 Alea·-
1548 1282 1601 1320 ⁰3¹¹
1617 1276 1733 1315 Sc1p10-

128 1337 296 1376 andrum
320 1336 587 1377 Macedommz
609 1351 764 1391 regem;
797 1338 902 1391 qnod
922 1351 1055 1389 parva
1080 1352 1201 1377 mann
1230 1339 1538 1379 innumerabiles
1548 1325 1738 1390 &affligam

127 1395 321 1433 exercitus
337 1395 519 1447 ficdissct
553 1394 771 1447 ⁴⁵quodque
804 1399 932 1442 orasx,
967 1408 1066 1447 quas
1105 1395 1232 1435 visere
1268 1409 1393 1447 snpra
1431 1410 1538 1448 spem

128 1451 341 1490 humanam
371 1458 480 1499 esset,
496 1458 768 1504 peragrasset.
830 1451 1042 1500 Quaerenti
1071 1450 1236 1501 deinde,
1261 1466 1371 1504 quem
1401 1467 1537 1493 secun-

129 1509 219 1546 dum
243 1511 439 1560 poneret?
470 1509 687 1562 Pyrrhum,
710 1507 873 1548 dixisse.
895 1506 1068 1546 ‘fficastra
1096 1509 1242 1547 metari
1259 1509 1438 1560 primum
1468 1511 1539 1549 do-

128 1565 265 1604 cuisse.
286 1566 343 1604 ad
361 1565 430 1604 hoc
450 1565 638 1605 neminem
659 1565 879 1617 elegantius
899 1565 986 1603 loca
1007 1565 1167 1615 cepisse,
1183 1566 1383 1616 praesidia
1405 1568 1540 1619 dispo-

129 1622 265 1670 suisse,
287 1629 414 1661 artem
445 1622 565 1662 etiam
592 1622 840 1661 conciliandi
868 1620 948 1660 sibi
976 1621 1151 1660 homines
1177 1635 1261 1661 eam
1283 1621 1476 1672 habuisse,
1498 1629 1542 1663 ut

131 1679 293 1718 Italicae
307 1685 446 1731 gentes
460 1680 570 1733 regis
585 1679 752 1725 externi,
770 1692 887 1731 quam
903 1678 1049 1730 populi
1067 1678 1250 1726 Romani,
1271 1680 1423 1719 tamdiu
1431 1681 1542 1731 prin-

130 1736 233 1786 cipis
253 1736 296 1775 in
313 1750 359 1775 ea
375 1741 500 1783 terra,
517 1737 720 1786 imperium
735 1749 815 1775 esse
831 1735 1007 1774 mallent.
1039 1735 1314 1790 Exsequenffi,
1332 1750 1443 1788 quem
1459 1742 1542 1776 ter-

130 1792 229 1832 tium
249 1793 435 1832 duceret?
466 1792 582 1833 haud
602 1791 728 1833 dubie
748 1797 866 1832 semet
885 1791 1010 1844 ipsum
1040 1790 1204 1832 dixisse.
1267 1792 1382 1833 Tum
1412 1792 1541 1834 risum

611 1879 629 1897 ¹
643 1877 762 1907 ultimas
776 1887 840 1906 oras
855 1875 951 1906 Gron.
970 1876 1060 1905 Crev.

175 1951 214 1981 43
238 1951 376 1981 Secutum
411 1958 506 1981 tamen
537 1962 590 1981 ,sua
624 1957 721 1990 sponte
756 1951 813 1991 est]

134 1992 251 2023 Victor.
281 1993 377 2024 codex
407 2004 460 2035 pro
488 2000 528 2024 est
556 1992 713 2024 substituit
741 1999 815 2024 tum.

136 2036 309 2076 Utrumque
324 2036 433 2066 eradas
449 2035 532 2067 licet.

177 2080 217 2108 44
246 2079 388 2109 Claudius
417 2085 530 2109 secutus
558 2078 675 2109 G‘roecos
702 2079 812 2109 Acilia-

131 2133 180 2151 nos
195 2122 294 2162 libros]
331 2120 490 2152 Acilianos
504 2121 597 2152 libros
611 2131 628 2151 e
649 2121 760 2152 Graeco
782 2120 814 2151 in

133 2164 280 2195 Latinum
308 2174 476 2194 sermonem
505 2163 688 2194 convertisse
719 2164 813 2194 Clau-

133 2206 201 2237 dius
223 2207 332 2237 dicitur
354 2217 446 2248 supra
469 2207 489 2237 l.
507 2207 612 2237 XXV.
627 2216 656 2237 c.
669 2207 720 2237 39.
740 2206 814 2237 Vid.

131 2260 170 2280 ea
184 2260 254 2289 quae
270 2249 312 2280 ibi
327 2255 520 2280 annotamus,

176 2293 217 2322 45
242 2293 380 2332 Quodque
405 2294 523 2323 ultimas
547 2303 610 2322 oras
637 2314 645 2321 .
669 2314 677 2321 .
701 2314 709 2321 .
731 2302 814 2330 peru-

131 2336 256 2376 grasset]
291 2335 389 2365 Parce
412 2334 535 2365 omnino
553 2333 698 2365 laudatur
718 2333 816 2364 Alex—

136 2376 240 2413 ander,
264 2378 289 2408 si
308 2377 434 2408 ultimas
459 2387 527 2408 oras
548 2386 725 2418 peragrasse
747 2381 816 2406 tan-

135 2420 301 2456 tummodo,
338 2431 399 2450 non
434 2425 464 2450 et
499 2419 654 2460 subegisse
685 2419 815 2449 dicatur.

129 2461 265 2493 ⁴Videtur
307 2463 471 2503 legendum
506 2464 631 2493 victoriis
663 2472 815 2502 peragras-

134 2511 185 2539 set,
208 2505 466 2545 quemadmodum
489 2515 581 2547 supra
607 2515 633 2535 c.
662 2506 710 2534 12.
731 2515 816 2543 pera-

127 2552 291 2587 gratusque
321 2548 403 2578 Orbis
432 2554 578 2578 terrarum
603 2549 730 2578 victoriis
755 2549 817 2586 eju-5

134 2597 238 2629 genn-5·

178 2631 220 2660 46
243 2632 345 2663 Castra
380 2636 482 2663 merari
516 2635 644 2672 primum
671 2632 812 2672 docuisse]

138 2673 248 2703 Totum
277 2675 334 2705 hoc
369 2675 518 2717 Scipionis
552 2686 620 2706 cum
657 2675 814 2705 Annibale

137 2715 335 2756 colloquium,
371 2728 468 2757 quum
503 2718 626 2749 aliunde
669 2717 813 2748 fabellam

137 2768 198 2787 non
225 2768 297 2789 sane
333 2759 497 2791 admodum
527 2761 681 2801 ingeniose
712 2760 814 2790 fictam

136 2810 243 2841 sapere
260 2801 388 2836 videtur,
405 2809 469 2832 tuni
492 2803 611 2833 duobus
633 2802 766 2834 maxime
784 2802 816 2832 in

136 2841 209 2872 locis
233 2843 347 2874 indicat
371 2845 546 2875 Romanum
569 2845 702 2885 aliquem
727 2856 815 2885 argu-

134 2886 229 2917 menti
245 2886 443 2917 conditorem.
478 2887 599 2918 Primus
614 2893 659 2918 est
672 2887 721 2917 hic
739 2887 816 2928 ipse.

858 1949 910 1980 ubi
939 1948 1076 1990 Pyrrhus
1104 1947 1267 1979 universim
1299 1948 1409 1980 dicitur
1440 1954 1543 1980 castra

858 1991 966 2022 metari
988 1990 1104 2032 primus
1127 1991 1277 2027 docuisse,
1301 2002 1396 2032 quum
1419 1991 1451 2022 id
1473 1997 1542 2022 tan-

858 2034 1016 2065 tummodo
1038 2044 1144 2064 verum
1169 2034 1208 2064 sit
1231 2035 1269 2065 de
1292 2033 1454 2069 Romanis,
1478 2034 1543 2075 qui,

857 2083 933 2108 teste
956 2077 1114 2112 Frontino,
1131 2077 1151 2106 l.
1173 2077 1232 2106 lv.
1255 2078 1438 2117 strategem.
1461 2087 1487 2107 c.
1516 2078 1543 2107 l.

857 2119 957 2162 captis
974 2118 1041 2159 ejus
1063 2119 1170 2149 castris
1192 2129 1229 2149 ex
1252 2129 1356 2150 eorum
1376 2119 1544 2150 metatione

858 2173 946 2192 suam
981 2162 1233 2193 emendaverunt.
1291 2162 1450 2192 Secundus
1486 2166 1543 2197 est,

858 2205 910 2245 qui
926 2215 995 2234 mox
1011 2204 1158 2245 sequitur,
1175 2204 1227 2235 ubi
1250 2204 1386 2245 Pyrrhus
1407 2209 1544 2246 propter-

859 2258 896 2278 ea
926 2247 1083 2283 laudatur,
1109 2247 1190 2288 quod
1212 2246 1346 2277 effecerit
1369 2252 1403 2279 ut
1426 2246 1545 2277 Italicae

859 2296 966 2331 gentes
1001 2289 1067 2330 ejus
1103 2288 1264 2330 imperium
1302 2300 1367 2320 esse
1404 2289 1544 2325 mallent,

859 2343 952 2373 quam
974 2331 1080 2374 populi
1095 2332 1240 2368 Romani,
1258 2332 1376 2364 tamdiu
1398 2331 1546 2373 principis

860 2375 892 2405 in
915 2386 953 2406 ea
975 2381 1072 2405 terra:
1096 2385 1158 2415 qua
1180 2375 1212 2404 in
1234 2375 1326 2405 laude
1350 2374 1469 2415 Pyrrho
1492 2374 1544 2404 tri-

857 2418 935 2448 buta
961 2427 1027 2449 sese
1056 2417 1147 2447 simul
1173 2417 1274 2458 prodit
1307 2417 1365 2448 illa
1392 2417 1545 2447 Romanae

858 2460 962 2501 gloriae
988 2459 1160 2495 admiratio,
1182 2470 1276 2500 quam
1298 2459 1413 2501 ubique
1438 2460 1545 2501 praefe·

859 2508 930 2533 runt
958 2503 1168 2533 Romanorum
1196 2501 1320 2543 scripta.
1379 2501 1437 2531 His
1466 2501 1545 2532 adde

860 2545 943 2586 quod
958 2545 1143 2576 Plutarchus
1158 2544 1189 2574 in
1212 2544 1328 2586 Pyrrho
1352 2543 1390 2574 de
1413 2544 1470 2574 hoc
1492 2553 1544 2573 eo-

858 2588 929 2618 dem
965 2587 1118 2629 colloquio
1152 2597 1256 2628 agens,
1295 2586 1382 2617 aliter
1420 2585 1545 2616 omnino

858 2641 921 2661 rem
937 2637 1049 2660 narrat.
1093 2630 1187 2671 Apud
1201 2640 1283 2665 eum,
1300 2629 1387 2659 nulla
1406 2628 1543 2657 Alexan-

859 2673 903 2703 dri
924 2673 1079 2704 mentione
1103 2673 1196 2708 facta,
1221 2671 1357 2713 Pyrrhus
1381 2670 1419 2700 ab
1442 2669 1542 2699 Anni—

859 2716 929 2747 bale
959 2715 1086 2757 primus,
1116 2714 1267 2746 secundus
1296 2712 1409 2753 Scipio,
1437 2711 1543 2742 tertius

860 2757 996 2789 Annibal
1013 2758 1077 2799 ipse
1100 2758 1289 2788 nominatur:
1314 2754 1467 2800 quomodo
1489 2765 1542 2796 pe-

860 2800 897 2830 rit
917 2801 1016 2831 omnis
1038 2800 1129 2841 hujus
1152 2798 1307 2833 sermonis,
1325 2808 1341 2828 a
1367 2796 1453 2828 Livio
1475 2796 1542 2828 lau-

860 2843 961 2878 datus,
978 2843 1072 2884 lepos.
