1947 3222
618 122 736 161 LlB.
772 121 928 159 XXXI.
967 120 1094 158 CAP.
1123 121 1170 157 V.
1547 124 1570 158 5

146 233 364 289 aliquanto
379 234 538 274 minore
559 248 688 287 regno
709 240 842 279 esset3
875 231 965 271 haec
986 229 1131 270 eadem
1147 229 1324 270 scribere
1341 228 1565 270 Aurelium
1580 238 1672 271 U.C.
1685 240 1758 270 551.

145 291 386 332 consulibus
406 298 447 331 et
470 289 632 330 senatui
653 288 824 345 placuit.
1577 282 1619 313 A·
1634 281 1671 313 C.
1685 282 1760 313 201.

205 348 280 388 IV.
312 346 447 387 Exitu
477 346 606 403 hujus
636 345 733 387 anni
763 359 896 402 quum
918 343 1012 384 1“de
1033 343 1145 399 agris
1164 351 1354 384 veterum
1382 343 1564 384 militum

145 404 321 445 relatum
348 412 468 453 esset,
507 402 582 459 qui
616 402 750 444 ductu
785 410 913 457 atque
953 400 1138 457 auspicio
1173 399 1261 440 15Ρ.
1288 399 1491 454 Scipionis
1522 400 1566 441 in

147 460 295 501 Africa
323 460 481 500 bellum
510 459 808 516 perfecissent;
841 459 1116 499 decreverunt
1143 458 1305 505 Patres,
1329 465 1377 497 ut
1400 456 1464 496 M.
1487 458 1516 496 J
1520 473 1566 498 u-

147 517 241 558 nius
270 525 427 572 praetor
446 517 578 567 urbis,
601 517 634 558 si
655 516 692 557 ei
719 516 949 565 videretur,
971 514 1227 556 decemviros
1255 528 1358 568 agro
1391 513 1566 555 Samniti

145 573 421 630 Appuloque,
444 574 558 630 quod
590 574 681 630 ejus
710 572 930 629 publicum
959 571 1106 628 populi
1128 570 1310 611 Romani
1341 578 1462 619 esset,
1483 585 1567 611 me-

144 630 288 671 tiendo
308 630 622 687 dividendoque
643 639 813 672 crearet.
877 628 1019 670 Creati
1049 629 1096 668 P.
1123 627 1338 677 Servilius,
1363 627 1411 676 Q.
1438 627 1567 668 Caeci-

144 686 226 728 lius
258 687 473 737 Metellus,
502 689 549 729 C.
579 697 620 729 et
650 688 714 728 M.
740 686 917 735 Serxdlii,
942 684 1152 737 (Geminis
1182 684 1387 725 ambobus
1417 699 1567 739 cogno-

143 758 238 784 men
269 747 378 799 erat)
403 745 454 785 L.
484 754 525 786 et
557 746 611 785 A.
637 744 810 785 Hostilii
840 745 1035 793 Catones,
1071 742 1116 782 P.
1140 741 1291 782 Villius
1323 741 1565 797 Tappulus,

145 801 209 840 M.
234 801 412 842 Fulvius
445 802 637 852 Flaccus,
667 802 709 842 P.
733 800 874 841 AElius
906 801 1065 849 Paetus,
1101 800 1150 849 Q.
1176 797 1421 840 Flaminius.
1484 799 1567 839 Per

144 872 214 899 eos
245 857 348 907 dies,
371 858 459 899 16P.
484 859 599 899 AElio
620 857 790 899 consule
818 856 987 898 comitia
1015 856 1210 905 habente,
1233 855 1400 896 ¹⁷creati
1421 870 1568 896 consu-

145 913 205 955 les
238 915 286 955 P.
312 915 523 971 Sulpicius
559 915 711 964 Galba,
751 914 798 954 C.
825 912 1027 954 Aurelius
1060 913 1198 953 Cotta.
1261 913 1468 953 Praetores
1498 927 1569 953 ex-

146 971 244 1012 inde
283 971 398 1022 facti,
437 973 485 1022 Q.
515 971 732 1012 Minucius
772 969 930 1021 Rufus,
968 969 1019 1010 L.
1049 968 1207 1010 Furius
1247 969 1483 1024 Purpureo,
1517 971 1566 1019 Q.

148 1027 327 1069 Fulvius
350 1028 477 1078 Gillo,
511 1030 588 1070 Cn.
614 1027 785 1083 Sergius
809 1026 996 1068 Plancus.
1059 1025 1176 1067 Ludi
1207 1026 1389 1066 Romani
1421 1026 1569 1067 scenici

146 1100 196 1125 eo
215 1100 322 1125 anno
349 1085 567 1141 magnifice
596 1085 883 1141 adparateque
912 1083 1013 1125 facti
1038 1082 1090 1124 ab
1111 1082 1306 1124 aedilibus
1335 1081 1568 1134 curulibus,

149 1141 199 1181 L.
223 1141 387 1182 Valerio
418 1142 571 1183 Flacco
591 1151 633 1184 et
665 1142 716 1183 L.
741 1141 946 1190 Quinctio
978 1139 1227 1181 Flaminino.
1260 1139 1478 1180 ¹8biduum
1508 1140 1570 1180 in-

146 1206 382 1239 stauratum
403 1207 476 1240 est.
509 1199 836 1255 ¹⁹frumentique
857 1197 941 1239 vim
962 1197 1189 1254 ingentem,
1211 1196 1328 1253 quod
1349 1212 1401 1237 ex
1423 1196 1571 1238 Africa

149 1255 197 1296 P.
223 1254 362 1311 Scipio
391 1256 575 1307 miserat,
607 1256 823 1313 quaternis
854 1256 948 1296 aeris
977 1254 1137 1311 populo
1167 1270 1264 1296 cum
1295 1269 1458 1295 summa
1486 1253 1570 1295 fide

146 1319 188 1353 et
218 1312 356 1367 gratia
384 1312 629 1355 diviserunt.
690 1314 750 1355 Et
771 1312 924 1369 plebeii
954 1312 1044 1353 ludi
1075 1321 1139 1353 ter
1168 1312 1247 1353 toti
1275 1311 1496 1353 instaurati
1516 1311 1570 1353 ab

147 1368 341 1410 aedilibus
369 1370 518 1426 plebis,
551 1372 603 1412 L.
627 1369 808 1426 Apustio
839 1369 1019 1411 Fullone
1043 1377 1086 1410 et
1119 1368 1172 1417 Q.
1200 1369 1394 1409 Minucio
1425 1368 1566 1409 Rufo:

147 1425 222 1481 qui
243 1441 294 1467 ex
315 1427 514 1469 aedilitate
541 1437 701 1485 praetor
721 1436 885 1469 creatus
905 1435 1006 1468 erat.
1039 1434 1080 1468 et
1101 1425 1171 1466 ²⁰J
1174 1425 1262 1467 ovis
1284 1425 1456 1482 epulum
1486 1425 1570 1467 fuit

147 1482 347 1524 ludorum
368 1499 524 1526 caussa.

205 1540 254 1579 V.
276 1539 444 1581 21Anno
473 1541 809 1597 quingentesimo
838 1541 1188 1596 quinquagesimo
1218 1541 1271 1581 ab
1297 1539 1400 1581 urbe
1431 1540 1763 1581 condi-1⁷.C.552.

148 1604 207 1646 ta,
239 1597 288 1636 P.
314 1597 498 1653 Sulpicio
530 1598 683 1649 Galba,
715 1597 763 1638 C.
790 1597 963 1638 Aurelio
998 1597 1253 1647 consulibus,
1283 1596 1441 1638 bellum
1472 1613 1567 1638 cum
1582 1592 1623 1621 A.
1638 1593 1676 1624 C
1690 1594 1763 1641 ²99·

148 1667 246 1708 rege
296 1654 495 1710 Philippo
542 1654 697 1696 initum
736 1663 813 1706 est,
853 1654 998 1710 paucis
1037 1653 1249 1694 mensibus
1288 1662 1383 1709 post
1423 1669 1564 1710 pacem
1579 1635 1789 1710 ffbcfflffffig,

149 1709 571 1766 Karthaginiensibus
611 1711 766 1753 datam.
841 1710 1041 1752 Omnium
1082 1710 1306 1767 &primum
1348 1726 1438 1751 eam
1479 1720 1619 1752 remlio
1636 1721 1725 1752 Coss.

150 1765 300 1808 Idibus
332 1767 515 1820 Martiis,
538 1784 624 1825 quo
651 1768 719 1810 die
739 1777 832 1810 tum
862 1768 1104 1810 consulatus
1133 1767 1334 1817 inibatur,
1358 1769 1406 1808 P.
1432 1767 1570 1826 Sulpi-
1580 1763 1784 1837 dBessliiwia-ce·

1579 1818 1756 1882 nflnssf¹¹⁰¹'

782 1902 834 1932 De

150 1940 336 1982 assignando
366 1952 455 1983 agros
484 1942 636 1974 veteribus
672 1944 834 1976 militibus.

879 1901 997 1931 biduum
1013 1903 1221 1931 imminutum.

924 1945 961 1975 19
986 1944 1143 1974 Frumenti
1166 1967 1174 1974 .
1194 1967 1201 1974 .
1221 1966 1228 1974 .
1253 1945 1307 1974 rim
1333 1945 1477 1985 ingentem
1502 1966 1510 1973 .
1529 1965 1537 1972 .

192 1898 232 1927 14
262 1898 308 1928 De
332 1900 413 1940 agris
439 1906 565 1931 veterum
589 1901 731 1943 militum]

148 1983 227 2014 Haec
251 1984 352 2026 prima
379 1985 463 2028 apud
491 1986 613 2017 Livium
642 1988 757 2018 mentio
783 1998 834 2018 oc-

146 2026 248 2074 currit⁴
266 2037 407 2067 agrorum
436 2034 520 2060 certo
548 2028 674 2061 cuidam
701 2031 834 2061 militum

147 2079 252 2109 generi
273 2069 439 2102 divisorum
459 2071 492 2102 in
513 2073 675 2115 praemium
698 2073 834 2105 emeritae

147 2112 278 2144 militiae.
344 2113 514 2145 Reteutum
558 2115 616 2147 hoc
658 2118 834 2159 exemplum

145 2160 203 2192 est,
233 2161 265 2186 et
286 2157 391 2188 crebro
419 2157 533 2189 deinde
557 2166 757 2201 usurpatum:
797 2170 833 2191 ac

146 2199 204 2229 sub
229 2199 408 2231 Caesasibus
432 2200 465 2231 in
488 2203 745 2235 consuetudinem
767 2203 833 2245 jam

148 2240 311 2284 legemque
328 2243 415 2274 abiit.

194 2286 234 2333 15
257 2285 294 2316 P.
313 2287 474 2329 Scipionis]
520 2287 571 2319 Sic
589 2287 682 2328 jussit
703 2288 764 2330 legi
787 2288 834 2320 Si-

147 2338 267 2368 gomuS,
288 2339 350 2360 non
372 2331 552 2369 proconsulis
571 2332 727 2370 Scipionis,
751 2332 834 2373 quod

147 2380 245 2411 genus
275 2372 380 2403 mendi
418 2372 667 2415 vulgatissimum
709 2381 766 2411 est,
804 2381 836 2406 et

149 2414 264 2455 passim
281 2415 320 2446 ab
334 2415 445 2447 eodem
458 2423 642 2448 correctum.

194 2457 234 2488 16
257 2458 296 2488 Ρ.
317 2459 397 2489 AElio
419 2460 550 2501 consule]
596 2459 703 2501 Vulgo
731 2472 834 2492 consu-

150 2500 223 2531 lum.
266 2500 311 2532 At
332 2511 394 2532 non
416 2503 579 2534 consulum
604 2503 707 2538 modo,
731 2504 786 2535 sed
804 2511 836 2535 et

148 2542 276 2589 aliorum
328 2544 565 2586 magistratuum
620 2545 746 2578 comitia
796 2547 834 2578 P.

148 2585 251 2616 AElms
264 2586 386 2618 habuit.
422 2588 536 2630 Itaque
549 2589 737 2621 emendabat
752 2590 831 2620 Gro-

151 2628 260 2659 novius
284 2632 417 2662 consule:
448 2632 532 2673 quod
552 2632 647 2675 plane
674 2638 776 2664 exstat
800 2633 834 2663 in

147 2670 218 2702 cod.
234 2672 354 2705 Victor.

194 2714 232 2744 17
275 2715 374 2747 creati
418 2718 557 2753 consula,
605 2717 642 2747 Ρ.
680 2719 833 2757 Sulpicius

152 2755 263 2797 Gama]
291 2759 422 2791 Iterum.
465 2762 538 2791 Jam
567 2760 650 2791 enim
675 2760 834 2804 Sulpicius

150 2799 257 2829 consul
273 2800 371 2832 fuerat
386 2812 467 2834 anno
481 2804 554 2835 541.

190 2842 230 2872 18
269 2842 400 2874 Biduum
433 2846 630 2877 instauratum
669 2847 725 2888 est]
783 2846 833 2878 Sic

148 2887 180 2915 et
202 2884 222 2915 l.
250 2885 378 2918 XXVI.
403 2897 429 2918 c.
455 2889 508 2920 36.
555 2890 593 2920 Ee
616 2890 731 2929 plebeiis
757 2891 834 2921 ludis

877 1989 1028 2027 quaternis
1053 1987 1132 2028 aris]
1180 1986 1348 2023 Quaternis
1376 1986 1506 2021 assibus,
1532 1986 1565 2017 id

881 2036 934 2065 μετ,
963 2036 1073 2071 quarta
1108 2029 1226 2061 denarii
1259 2036 1345 2071 parte
1374 2028 1406 2059 in
1435 2029 1564 2060 modios.

880 2073 955 2104 Vid.
969 2079 1032 2103 not.
1046 2073 1086 2104 ad
1100 2073 1122 2103 1.
1138 2073 1246 2103 XXX.
1260 2083 1288 2103 c.
1304 2073 1356 2103 26.

921 2117 1081 2147 *20⁴*J0ris
1119 2116 1254 2156 epulum]
1308 2115 1382 2146 Vid.
1423 2121 1487 2147 not.
1523 2116 1563 2146 ad

879 2160 987 2190 XXV.
1003 2160 1034 2190 2.

920 2204 959 2233 21
988 2204 1080 2232 Anno
1104 2203 1330 2242 quingentesimo
1357 2202 1561 2242 quinquagesi-

878 2245 938 2286 mo]
964 2244 1056 2276 Adde
1074 2246 1208 2279 secundo,
1223 2255 1260 2275 ex
1275 2255 1302 2275 c.
1322 2246 1350 2274 l.
1366 2244 1458 2285 hujus
1473 2244 1559 2274 libri:

877 2289 931 2319 ubi
958 2299 1054 2330 quum
1084 2287 1202 2323 Livius,
1231 2287 1386 2329 quomodo
1416 2287 1560 2328 legimus,

878 2341 974 2362 anuos
997 2332 1071 2362 437.
1095 2331 1135 2361 ab
1151 2342 1183 2361 u.
1211 2341 1238 2360 c.
1264 2330 1304 2360 ad
1326 2329 1448 2360 initium
1471 2330 1560 2371 primi

878 2374 991 2405 Punici
1016 2373 1092 2405 belli
1115 2379 1239 2404 exactos
1263 2378 1413 2407 numeret.
1441 2374 1494 2403 63.
1521 2372 1560 2403 ab

879 2417 955 2448 inito
970 2417 1068 2459 primo
1092 2428 1162 2447 cum
1178 2416 1286 2447 Poenis
1300 2416 1382 2446 bello
1397 2416 1437 2446 ad
1452 2425 1559 2457 perpe-

878 2466 993 2491 tratum
1014 2460 1195 2495 secundum,
1218 2469 1280 2490 non
1301 2459 1409 2490 habita
1430 2459 1560 2493 ratione,

879 2509 914 2534 ut
934 2503 1001 2545 jam
1022 2503 1070 2534 bis
1095 2502 1323 2537 annotavimus,
1347 2502 1449 2532 ultimi
1475 2501 1559 2537 anni,

879 2557 995 2578 annum
1028 2546 1255 2588 praecedentem
1290 2544 1417 2586 proinde
1452 2544 1561 2574 habuit

875 2600 931 2631 pro
953 2589 1201 2631 quingentesimo
1224 2587 1478 2629 quinquagesimo
1500 2586 1559 2628 pri-

876 2643 927 2663 mo
941 2633 980 2663 ab
993 2643 1024 2663 u.
1039 2643 1067 2663 c.
1113 2632 1198 2662 Nam
1218 2632 1292 2662 487.
1309 2637 1339 2662 et
1355 2631 1406 2661 63.
1423 2630 1563 2660 efficiunt

878 2677 951 2707 550.
995 2676 1109 2716 Itaque
1123 2674 1173 2705 hic
1198 2684 1299 2705 annus
1320 2673 1372 2714 qui
1394 2672 1500 2714 incipit
1516 2679 1563 2704 est

876 2718 1142 2760 quingentesimus
1196 2715 1470 2758 quinquagesimus
1513 2727 1560 2747 se-

878 2761 1010 2793 cundus.
1156 2773 1160 2774 ⁷

922 2806 963 2835 22
998 2806 1138 2835 Primum
1169 2815 1229 2835 eum
1257 2802 1334 2843 rem]
1380 2802 1471 2833 Forte
1498 2804 1563 2841 pri-

879 2859 967 2878 77111777.

947 2934 1018 2973 133
