1947 3222
142 885 265 916 Andros
279 895 331 915 ca-

141 934 196 969 pta
210 938 228 959 a
244 928 308 958 Ro-

141 970 250 1000 manis.

351 97 400 132 40
854 90 1003 129 TITI
1049 89 1228 129 LIVII

312 236 319 244 .
353 202 580 242 Hermione
625 200 838 256 petissent,
877 215 1031 256 paucos
1077 201 1137 241 ibi
1181 200 1329 241 morati
1376 199 1477 250 dies,
1519 198 1761 254 oneratique

311 277 319 285 ·
350 259 384 283 ⁵⁸
398 272 518 313 aeque
547 256 763 298 inmodicis
783 256 836 297 ad
866 256 1041 298 honores
1061 257 1281 306 sociorum,
1303 263 1450 311 atque¹¹
1469 256 1511 296 in
1538 256 1601 296 ira
1620 253 1763 295 adver-

353 328 422 356 sus
451 315 612 355 hostem
645 313 826 362 fuerant,
848 312 1169 353 Atheniensium
1199 312 1388 363 decretis,
1415 312 1612 368 navigant
1642 326 1667 351 a
1696 310 1764 351 Pi-

352 386 460 412 raeeo
480 370 689 411 Andrum.
722 376 762 409 et
793 383 926 424 quum
954 368 997 408 in
1024 376 1166 424 portu,
1188 384 1314 424 quem
1337 369 1572 410 Gaureleon
1598 375 1762 410 vocant.

354 427 645 475 constitissent,
675 425 822 474 missis,
853 424 927 480 qui
956 433 1163 466 tentarent
1192 425 1495 480 oppidanorum
1529 425 1700 473 animos,
1729 423 1762 463 si

353 483 567 524 voluntate
589 480 751 523 tradere
771 481 932 531 urbem,
954 496 1081 536 quam
1101 482 1186 522 vim
1213 481 1405 537 experiri,
1426 482 1621 527 mallent3
1654 487 1766 536 post-

355 555 481 596 quam
511 537 703 594 praesidio
732 537 847 593 regio
866 552 1002 577 arcem
1032 537 1176 588 teneri,
1197 553 1272 578 nec
1293 553 1334 578 se
1363 538 1579 593 potestatis
1600 552 1686 578 suae
1706 551 1766 576 es-

355 612 396 636 se
417 594 747 651 respondebant;
774 593 972 649 expositis
991 594 1135 649 copiis,
1155 593 1351 649 omnique
1371 594 1575 650 adparatu
1596 593 1765 634 urbium

353 651 745 708 obpugnandarum,
767 649 939 690 diversis
968 650 1158 706 partibus
1187 665 1260 691 rex
1290 659 1332 691 et
1361 651 1523 706 legatus
1551 651 1765 691 Romanus

355 708 408 749 ad
438 709 584 749 urbem
615 707 806 748 subeunt.
868 706 971 747 Plus
1001 706 1214 761 aliquanto
1237 707 1405 748 Graecos
1431 708 1620 748 Romana
1650 706 1767 761 signa

354 780 552 820 armaque
590 778 673 804 non
712 771 808 804 ante
847 763 936 803 visa
983 763 1192 818 animique
1237 763 1431 812 militum,
1472 771 1557 804 tam
1603 770 1766 819 promte

353 821 387 846 ⁵⁹
401 820 710 863 succedentium
739 835 895 868 muros,
917 828 1113 860 terruere.
1176 820 1327 873 Itaque
1354 820 1458 874 fuga
1485 819 1694 875 extemplo
1723 819 1766 858 in

354 894 489 919 arcem
509 877 621 918 faeta
635 884 720 917 est:
753 877 857 917 urbe
876 876 1015 916 hostes
1034 875 1170 931 potiti.
1202 884 1242 916 et
1263 876 1306 916 in
1327 891 1418 916 arce
1434 890 1566 930 quum
1585 875 1765 917 biduum

354 935 432 976 loci
465 950 505 975 se
536 932 681 989 magis,
703 948 831 988 quam
860 947 1085 982 armorum,
1106 932 1260 973 fiducia
1289 931 1531 981 tenuissent,
1554 931 1676 974 tertio
1700 931 1767 972 die

355 992 466 1047 pacti
487 991 565 1047 ipsi
587 990 930 1046 praesidiumque,
949 997 995 1030 ut
1017 1004 1112 1029 cum
1134 988 1306 1044 singulis
1321 988 1576 1030 vestimentis
1597 987 1766 1029 Delium

357 1047 531 1089 Boeotiae
571 1046 947 1087 transveherentur.
1009 1045 1042 1068 ⁶⁰
1056 1046 1121 1086 Ea
1159 1045 1212 1086 ab
1253 1045 1452 1086 Romanis
1495 1045 1583 1101 regi
1618 1043 1767 1086 Attalo

355 1120 568 1146 concessa:
601 1103 787 1159 praedam
808 1111 1132 1158 ornamentaque
1153 1102 1269 1143 urbis
1289 1102 1367 1158 ipsi
1389 1111 1628 1143 avexerunt.
1687 1102 1769 1141 At-

355 1160 479 1210 talus,
500 1176 552 1201 ne
573 1160 776 1201 desertam
806 1159 977 1200 haberet
998 1159 1190 1208 insulam,
1212 1167 1252 1200 et
1276 1158 1557 1199 Macedonum
1577 1160 1662 1199 fere
1682 1173 1767 1198 om-

355 1218 492 1267 nibus,
524 1225 564 1258 et
605 1216 858 1272 quibusdam
893 1215 1166 1265 Andriorum,
1203 1223 1251 1256 ut
1291 1223 1517 1264 manerent,
1550 1214 1765 1271 persuasit.

355 1282 499 1329 postea
519 1283 559 1314 et
589 1274 642 1314 ab
665 1272 802 1323 Delio,
824 1273 897 1328 qui
928 1288 979 1313 ex
1009 1280 1131 1328 pacto
1161 1273 1381 1313 transvecti
1404 1287 1451 1312 eo
1471 1271 1652 1320 fuerant,
1674 1285 1768 1326 pro-

354 1331 488 1371 missis
528 1330 650 1385 regis,
679 1345 810 1384 quum
846 1329 1094 1370 desiderium
1129 1344 1298 1384 quoque
1336 1328 1483 1384 patriae
1517 1328 1680 1368 facilius
1713 1327 1767 1368 ad

355 1386 608 1428 credendum
643 1386 856 1426 inclinaret
892 1385 1063 1435 animos,
1093 1386 1283 1426 revocati.
1344 1385 1416 1426 Ab
1454 1385 1601 1425 Andro
1637 1383 1769 1440 Cyth-

357 1451 457 1484 num
489 1444 751 1499 trajecerunt.
784 1442 840 1483 ibi
863 1442 950 1482 dies
980 1442 1139 1496 aliquot
1169 1441 1451 1504 obpugnanda
1471 1442 1574 1483 urbe
1595 1439 1768 1496 nequid-

359 1515 486 1555 quam
507 1498 712 1540 absumti:
746 1507 802 1547 et,
824 1499 924 1553 quia
944 1497 1014 1541 vix
1036 1513 1173 1553 opcrae
1200 1507 1379 1553 pretium
1401 1506 1504 1547 erat,
1526 1498 1766 1538 abscessere.

359 1557 429 1598 Ad
461 1556 625 1596 Prasias
659 1554 925 1606 (continentis
950 1555 1107 1595 Atticae
1136 1554 1170 1594 is
1200 1555 1314 1595 locus
1344 1557 1425 1608 est)
1460 1555 1681 1595 Issaeorum
1710 1553 1770 1593 vi-

357 1613 462 1669 ginti
496 1612 621 1652 lembi
654 1611 770 1651 classi
809 1610 1092 1651 Romanorum
1129 1610 1316 1666 adjuncti
1354 1619 1462 1652 sunt.
1506 1610 1533 1651 ii
1567 1610 1679 1651 missi
1715 1610 1769 1651 ad

358 1668 619 1725 populandos
656 1668 942 1722 Carystiorum
984 1682 1116 1722 agros.
1162 1675 1299 1708 cetera
1338 1666 1475 1708 classis
1517 1668 1768 1717 Geraestum,

357 1724 536 1766 nobilem
559 1724 737 1765 Euboeae
768 1732 951 1779 portum,
973 1723 1074 1764 dum
1102 1739 1125 1763 a
1149 1724 1326 1779 Carysto
1349 1724 1464 1764 Issaei
1492 1723 1688 1773 redirent,
1711 1731 1770 1764 te-

358 1781 465 1823 nuit.
527 1780 631 1821 Inde
661 1795 815 1829 omnes,
837 1780 939 1820 velis
968 1780 1009 1820 in
1040 1779 1171 1821 altum
1202 1779 1323 1828 datis,
1345 1779 1468 1820 maris
1499 1779 1636 1820 medio
1664 1794 1768 1834 prae-

358 1847 421 1880 ter
453 1839 630 1893 Scyrum
662 1836 839 1877 insulam
870 1837 990 1877 Icum
1025 1851 1257 1891 pervenere.
1294 1835 1351 1877 ibi
1381 1851 1535 1892 paucos
1564 1835 1666 1885 dies,
1698 1851 1769 1877 sae-

359 1894 494 1936 viente
517 1895 664 1942 Borea,
686 1892 860 1939 retenti;
894 1893 966 1933 ubi
988 1892 1122 1949 prima
1142 1892 1422 1948 tranquillitas
1442 1892 1541 1933 data
1561 1901 1636 1942 est,
1661 1892 1769 1933 Scia-

359 1951 480 1992 thum
510 1950 720 2005 trajecere,
742 1957 945 1990 vastatam
976 1949 1122 1990 urbem
1152 1948 1440 2005 direptamque
1470 1964 1604 2004 nuper
1627 1964 1651 1989 a
1672 1948 1770 1989 Phi-

359 2007 485 2064 lippo.
549 2008 629 2047 Per
660 2021 780 2061 agros
812 2005 940 2062 palati
972 2005 1122 2046 milites
1153 2005 1425 2055 frumentum,
1447 2014 1487 2047 et
1521 2005 1553 2046 si
1574 2020 1659 2061 qua
1689 2005 1770 2046 alia

361 2065 454 2104 usui
476 2079 561 2104 esse
582 2064 635 2104 ad
660 2062 908 2104 vescendum
938 2070 1144 2118 poterant,
1166 2062 1219 2103 ad
1250 2078 1373 2103 naves
1393 2062 1583 2103 retulere.
1614 2062 1769 2117 praedae

360 2135 434 2161 nec
464 2128 551 2161 erat
572 2120 820 2175 quidquam,
842 2134 915 2160 nec
945 2127 1179 2160 meruerant
1203 2119 1355 2167 Graeci,
1377 2134 1452 2160 cur
1476 2118 1766 2174 diriperentur.

363 2176 467 2217 Inde
486 2176 780 2217 Cassandream
803 2184 1004 2231 petenteS‚
1026 2176 1159 2232 primo
1178 2174 1209 2199 ⁶¹
1226 2175 1279 2216 ad
1303 2176 1493 2225 Mendin,
1515 2174 1767 2216 maritimum

818 2279 831 2294 Π
847 2287 880 2305 αι·
896 2287 961 2315 ‹1²1oe
978 2277 1007 2305 in
1024 2277 1095 2304 irum
1114 2275 1208 2306 Gron.
1226 2275 1316 2306 Crev.

404 2373 443 2402 58
467 2371 561 2412 AEque
583 2372 738 2400 immodaeczs
758 2373 795 2400 ml
818 2371 932 2402 honores
954 2372 1039 2401 socin-

1085 2370 1167 2412 apud
1183 2370 1313 2412 optimos
1330 2369 1506 2400 Latinitatis
1526 2375 1664 2400 auctores
1687 2370 1768 2399 loca-

362 2425 439 2450 rum,
456 2425 490 2444 oc
507 2425 572 2454 quoe
596 2416 625 2443 in
646 2413 736 2454 iram]
762 2413 863 2444 Possis
885 2420 1040 2454 utcunque
1084 2419 1133 2443 tur
1148 2419 1219 2443 ante
1233 2413 1380 2443 vocalem.

363 2466 530 2500 exponere:
566 2455 696 2486 decretis
722 2465 781 2485 non
808 2456 909 2486 minus
933 2456 1040 2487 immo-

1128 2456 1168 2486 59
1198 2455 1418 2486 Suc-cedentium
1453 2454 1551 2494 mura]
1591 2454 1670 2494 Lege
1701 2466 1762 2483 mn-

363 2499 439 2530 dicis
464 2499 503 2530 ad
526 2498 654 2529 honores
676 2499 836 2532 sociorum,
857 2510 949 2540 quarn
973 2509 1040 2540 quae
1084 2508 1129 2529 ros
1163 2507 1200 2528 ex
1242 2497 1361 2539 scriptis
1396 2496 1526 2531 duobus,
1561 2501 1591 2526 et
1636 2496 1768 2527 editione

362 2541 528 2573 immodica
562 2541 682 2571 fuerant
723 2540 754 2570 in
791 2541 866 2571 iram
899 2542 1044 2572 adversus

364 2583 491 2616 hostem.
535 2583 595 2614 Sed
621 2583 694 2613 mire
719 2583 831 2625 placet.
856 2584 937 2624 quod
959 2584 1043 2615 exhi-

363 2627 417 2658 bet
443 2625 619 2658 Victorinus
646 2626 754 2660 codex,
783 2626 874 2667 plane
904 2632 935 2657 ut
965 2626 1042 2657 Gro-

364 2670 472 2701 novius
499 2668 645 2702 voluerat,
666 2675 752 2709 atque
773 2670 800 2698 in
827 2670 881 2698 ira.
927 2669 1043 2700 Decre-

365 2711 405 2741 tis
425 2722 513 2753 aeque
536 2711 706 2742 immodicis
729 2710 767 2741 ad
795 2710 923 2742 honores
949 2711 1042 2743 socio-

365 2764 443 2789 rum.
468 2765 503 2785 ac
529 2754 648 2785 fuerant
672 2753 836 2784 immodica
860 2753 890 2784 in
918 2753 963 2784 ira
990 2754 1043 2785 ad·

368 2806 469 2827 versus
484 2797 594 2827 hostes.
619 2796 706 2827 Nihil
722 2795 856 2838 planius.
879 2797 977 2835 Atque
993 2807 1045 2837 pro

366 2850 409 2871 ar,
425 2839 496 2879 quia
514 2840 652 2869 nimirum
675 2839 822 2881 particula
839 2850 871 2867 ne
889 2848 1042 2878 nunquam

1087 2540 1231 2572 Andreae.

1129 2583 1269 2624 (io-Ea]
1296 2581 1387 2616 Urbs,
1403 2581 1513 2612 insula.

1130 2627 1168 2656 61
1194 2627 1245 2656 Ad
1268 2624 1394 2655 Mendin
1410 2647 1416 2653 .
1434 2646 1441 2653 .
1457 2646 1465 2653 .
1486 2623 1619 2664 tenuere]
1644 2624 1765 2665 Praepo-

1088 2667 1157 2698 sitio
1190 2670 1228 2698 ad
1261 2677 1320 2696 non
1350 2672 1395 2697 est
1425 2665 1607 2700 necessaria.
1637 2672 1668 2697 et
1697 2676 1765 2697 eam

1087 2710 1198 2742 omittit
1223 2709 1338 2740 Victor.
1360 2708 1467 2740 codex.
1511 2709 1543 2740 Si
1570 2708 1638 2751 quis
1663 2714 1767 2740 tamen

1087 2763 1155 2784 eam
1198 2758 1345 2783 retentam
1385 2751 1466 2785 velit,
1504 2752 1672 2794 explicabis
1709 2751 1766 2782 hoc

1090 2795 1196 2826 modo:
1226 2800 1348 2825 tenuere
1374 2795 1459 2825 littus
1485 2794 1521 2825 ad
1551 2793 1693 2827 Mendin.
1717 2793 1765 2823 lit-

1089 2844 1136 2868 tus
1152 2838 1284 2868 vicinum
1302 2837 1368 2867 vico
1383 2838 1434 2877 qui
1452 2842 1575 2867 vocatur
1591 2836 1726 2868 Mendis.
