1947 3222
322 132 372 170 70

194 244 234 316 L'o·

109 244 152 318 ,κ’

164 238 190 317 (3Γῖ

236 243 275 317 3⁶3

844 121 983 185 'rlrl
1007 126 1197 165 -lell

278 264 289 275 .
321 233 456 276 nensis
487 236 594 289 erat)
623 234 755 276 filiurn
785 234 1084 291 damiurgum‘,
1105 237 1271 277 nomine
1301 237 1583 286 Memnonem,
1605 235 1729 278 habe-

279 297 289 317 ·'
322 292 410 341 bat,
440 291 571 347 partis
600 291 705 347 ejus,
736 306 833 347 quae
863 292 1077 333 decretum
1106 293 1285 343 recitari,
1316 292 1614 349 perrogarique
1644 299 1732 335 sen-

324 347 474 389 tentias
503 347 764 403 prohibebat.
827 348 885 397 Is,
907 347 982 389 diu
1011 349 1245 391 obtestatus
1275 349 1422 399 filium,
1443 358 1492 391 ut
1519 349 1732 391 consulere

324 404 504 446 Achaeos
533 405 743 446 communi
773 403 897 446 saluti
926 407 1155 460 pateretur,
1176 420 1258 446 neu
1278 406 1506 462 pertinacia
1535 421 1611 447 sua
1635 412 1734 462 gen-

324 468 409 503 tem
430 460 663 502 universam
690 461 903 517 perditum
933 461 1027 510 iret,
1049 466 1272 517 postquam
1293 472 1441 518 parum
1462 463 1734 519 proficiebant

354 523 480 567 reces,
504 517 675 574 juratus
699 532 741 559 se
761 532 858 558 eum
886 531 962 558 sua
984 531 1110 559 manu
1139 517 1475 570 interemturum,
1496 535 1570 560 nec
1591 535 1668 576 pro
1688 519 1736 560 fi-

342 573 394 625 'o,
417 573 489 615 sed
512 588 589 629 pro
608 574 742 624 hoste,
763 572 1023 623 habiturum,
1044 573 1165 615 minis
1191 575 1383 631 pervicit,
1404 579 1453 617 ut
1479 584 1646 632 postero
1666 575 1735 617 die

325 631 596 687 conjungeret
616 631 667 671 iis
688 646 744 681 se,
766 629 841 686 qui
863 630 1110 672 referebant.
1144 631 1219 687 qui
1233 639 1372 687 ¹quu'm
1392 632 1534 689 plures
1553 633 1654 674 facti
1675 648 1738 674 re-

325 687 497 737 ferrent,
518 686 711 728 omnibus
730 687 816 728 fere
836 687 1003 743 populis
1033 687 1149 728 haud
1169 687 1297 729 dubie
1326 686 1656 744 adprobantibus
1675 705 1739 731 re-

326 743 536 793 lationem,
558 758 605 784 ac
634 759 722 799 prae
744 759 785 785 se
814 743 1060 794 ferentibus,
1082 743 1188 799 quid
1217 744 1425 786 decreturi
1454 755 1614 793 essent3
1648 746 1738 803 Dy-

327 800 420 841 maei
450 815 497 841 ac
528 798 889 857 Megalopolitani,
918 808 959 842 et
989 800 1162 856 quidam
1191 800 1465 856 Argivorum,
1492 802 1736 858 priusquam
1934 815 1943 864 Β

327 856 540 898 decretum
575 857 706 908 fieret,
736 865 1101 908 consurrexerunt,
1132 872 1179 898 ac
1208 857 1469 914 'reliquerunt
1499 859 1734 910 concilium,
1934 885 1938 904 ‚

327 922 462 969 nequ'e
491 913 667 955 mirante
696 913 798 965 ullo,
828 926 964 970 neque
999 913 1258 970 inprobante.
1320 915 1429 955 Nam
1453 914 1739 971 ⁸⁷Megalopo-
1933 914 1938 967 ξ

327 969 491 1020 litanos,
512 985 687 1012 avorum
715 971 914 1012 memoria
941 970 1085 1027 pulsos
1114 970 1167 1011 ab
1199 971 1541 1022 Lacedaemoniis,
1569 971 1739 1014 restitu-

327 1034 416 1068 erat
436 1026 479 1067 in
499 1027 677 1083 patriam
706 1027 971 1083 Antigonus:
1004 1034 1045 1068 et
1067 1027 1269 1083 Dymaeis,
1292 1027 1424 1084 captis
1448 1043 1583 1083 nuper
1602 1028 1739 1085 direp-

328 1083 466 1139 tisque
494 1084 549 1125 ab
579 1085 765 1126 exercitu
797 1085 1002 1135 Romano,
1030 1099 1164 1140 quum
1194 1085 1340 1126 redimi
1371 1100 1454 1135 eos,
1482 1085 1739 1141 ubicumque

328 1140 543 1188 servirent,
566 1140 790 1197 Philippus
814 1140 1020 1198 jussisset,
1041 1155 1123 1182 non
1153 1141 1388 1183 libertatem
1418 1141 1558 1192 modo,
1580 1141 1653 1183 sed
1680 1150 1740 1183 et-

326 1196 407 1237 iam
437 1198 632 1252 patriam,
662 1198 914 1239 reddiderat.
981 1199 1080 1238 Jam
1111 1197 1278 1254 Argivi,
1309 1206 1591 1255 praeterquam
1622 1198 1739 1254 quod

328 1253 610 1295 Macedonum
639 1269 757 1310 reges
787 1255 841 1296 ab
874 1271 915 1295 se
947 1254 1146 1296 oriundos
1180 1255 1370 1303 credunt,
1404 1255 1578 1311 privatis
1613 1254 1737 1295 etiam

326 1309 519 1365 hospitiis
560 1311 840 1368 familiarique
889 1311 1071 1353 amicitia
1107 1311 1297 1368 plerique
1336 1311 1498 1367 inligati
1541 1310 1739 1367 Philippo

327 1375 456 1408 erant.
518 1368 585 1409 Ob
616 1367 706 1409 haec
741 1368 929 1419 concilio,
964 1368 1081 1424 quod
1114 1368 1382 1410 inclinaverat
1414 1368 1468 1409 ad
1505 1368 1737 1409 Romanam

327 1422 562 1465 societatem
587 1424 834 1480 jubendam,
865 1433 1153 1466 excesserunt:
1199 1426 1403 1480 veniaque
1433 1424 1484 1466 iis
1518 1425 1647 1481 hujus
1677 1440 1759 1466 se-.

325 1480 516 1521 cessionis
536 1481 634 1530 fuit,
657 1490 698 1522 et
719 1481 880 1537 magnis
901 1489 941 1522 et
963 1481 1198 1523 recentibus
1218 1481 1413 1537 obligatis
1432 1481 1652 1522 beneficiis.

390 1536 583 1578 XXIII.
623 1537 761 1579 Ceteri
793 1537 940 1594 populi
976 1537 1246 1587 Achaeorum,
1277 1537 1311 1562 ⁸⁸
1323 1552 1457 1593 quum
1497 1536 1743 1579 sententias*

119 1592 217 1624 Pacta
234 1592 311 1624 inter
330 1602 668 1649 perrogarentur,
691 1595 928 1635 societatem
958 1610 1054 1635 cum
1085 1595 1234 1636 Attalo
1264 1610 1310 1635 ae
1339 1593 1518 1635 Rhodiis
1547 1593 1740 1650 praesenti

115 1635 295 1709 figffi‘sslzgt
330 1650 496 1690 decreto
525 1650 846 1692 confirmarunt:
893 1666 989 1692 cum
1026 1651 1243 1699 Romanis,
1274 1652 1376 1706 quia
1404 1651 1564 1707 injussu
1595 1650 1742 1707 populi

115 1721 253 1753 societas.
328 1717 411 1747 n'on
440 1714 605 1762 poterat
634 1711 726 1748 rata
755 1723 856 1757 esse,
878 1707 920 1748 in
947 1707 991 1748 id
1021 1715 1202 1763 tempus,
1225 1722 1310 1763 quo
1339 1708 1518 1748 Romam
1545 1707 1658 1748 mitti
1686 1707 1741 1748 le-

327 1763 415 1818 gati
450 1771 632 1819 possent,
668 1763 799 1805 dilata
832 1771 906 1805 est.
952 1764 995 1805 in
1029 1764 1252 1819 praesentia
1286 1772 1370 1805 tres
1406 1763 1564 1819 legatos
1599 1763 1652 1804 ad
1687 1764 1738 1804 L.

181 1870 186 1874 ¹
331 1819 572 1869 Quinctium
604 1819 715 1861 mitti
750 1820 924 1876 placuit,
952 1828 993 1862 et
1028 1821 1257 1862 exercitum
1290 1834 1452 1861 omnem
1485 1820 1740 1861 Achaeorum

117 1870 283 1955 ῗὲξυῡὲῑὲἒξ
329 1876 362 1901 ⁸9
374 1877 428 1918 ad
461 1877 712 1917 Corinthum
739 1877 977 1924 admoveri;
1010 1875 1044 1901 ⁹⁰
1057 1877 1189 1933 captis
1212 1876 1449 1928 Cenchreis,
1474 1877 1563 1933 jam
1593 1876 1741 1918 urbem

121 1961 182 1988 tur.

631 1992 643 2010 ¹
657 1991 800 2031 (lentim-g.
819 1990 917 2021 Gron.
933 1990 1025 2021 Crev.
1153 2005 1163 2021 s
1178 1993 1327 2022 sententia:
1342 1989 1431 2021 Eaed.

373 2099 413 2129 87
452 2097 709 2140 llIegalopnIitnnos
752 2109 872 2128 avorum
908 2109 1009 2128 memo-

1098 2099 1139 2129 89
1165 2098 1209 2128 Ad
1234 2098 1407 2128 Corinthum
1430 2098 1590 2138 admoveri]
1624 2097 1694 2131 Hic,
1711 2104 1740 2129 et

335 2141 396 2182 rin]
448 2141 629 2172 Cleomenes
668 2139 925 2172 Lacedaemonius
962 2151 1012 2171 rex

1058 2139 1136 2171 infra
1164 2142 1203 2171 ad
1230 2141 1389 2172 Cenchreas
1413 2153 1524 2172 versam
1548 2146 1659 2180 partem
1687 2152 1741 2170 ur-

334 2183 556 2224 Megalopolim
600 2182 682 2225 cepit
726 2193 763 2213 ac
799 2183 902 2218 diruit,
936 2189 1014 2214 teste

336 2227 445 2267 Polyb.
467 2226 541 2257 libb.
558 2226 602 2256 11.
619 2233 649 2256 et
667 2226 707 2256 V.
731 2226 905 2267 Antigonus
928 2226 1013 2257 resti-

335 2269 402 2304 tuit,
441 2269 523 2299 haud
559 2278 634 2299 sane
678 2269 809 2299 multum
847 2275 1014 2310 antequam

334 2318 430 2343 morte
456 2322 511 2341 sua
541 2321 667 2352 regnum
697 2311 842 2354 Philippo
868 2312 1014 2343 traderet.

339 2355 447 2396 ltaque
462 2355 634 2396 Philippus,
652 2354 704 2396 qui
722 2354 890 2386 etiamnum
907 2355 937 2386 in
954 2366 1016 2386 me—

335 2397 386 2428 d'io
410 2398 515 2428 robore
545 2397 654 2428 virium
684 2403 740 2432 est,
769 2403 800 2428 et
824 2408 960 2429 eversam
988 2404 1019 2429 et

336 2440 507 2477 restitutam
528 2440 749 2482 Megalopolim
773 2440 903 2472 viderat.
950 2442 1014 2472 Un-

337 2483 376 2515 ‹le
395 2493 456 2514 non
480 2482 554 2513 satis
577 2488 751 2514 accuratam
775 2483 895 2515 videtur
911 2483 1017 2515 Livius

337 2529 506 2568 tempomm
539 2526 686 2556 rationem
715 2525 837 2559 habere.
863 2537 956 2568 quum
987 2524 1016 2558 id

337 2569 452 2600 factum
470 2568 545 2599 dicit
558 2579 677 2598 avorum
693 2571 836 2599 memoria.

380 2612 420 2642 88
456 2611 555 2646 Quum
592 2613 742 2642 sententia*
772 2614 1016 2654 per-rogarentur]

340 2655 483 2685 Affirmat
513 2655 697 2688 Gronovius,
725 2665 831 2685 omnes
866 2656 1016 2686 membra-

338 2708 393 2728 nas
422 2697 534 2728 habere
560 2708 627 2727 cum
653 2698 806 2728 sententias
829 2705 1018 2739 perrogarerz-

339 2746 399 2775 tur,
425 2739 455 2770 id
482 2747 538 2775 est,
562 2750 657 2781 quum
683 2740 852 2770 sententias
878 2752 1018 2779 rogaren-

340 2788 385 2813 tur
409 2784 510 2813 cuncti
532 2783 715 2814 Arba—orum
740 2782 855 2824 populi.
900 2783 1018 2815 Victor.

339 2825 405 2855 co'd.
436 2831 535 2855 servat
562 2826 717 2863 vulf-ratam
749 2826 921 2859 lectionem.
950 2832 1019 2866 qn‘ae

339 2867 462 2907 quidem
481 2868 553 2899 nihil
571 2868 661 2899 habet
677 2868 749 2899 vitii.

1059 2185 1110 2219 his,
1132 2183 1268 2225 plerique
1292 2184 1397 2226 scripti
1420 2184 1564 2215 omittunt
1586 2185 1635 2213 ad.
1680 2183 1740 2214 Sed

1060 2236 1198 2257 veremur
1224 2237 1260 2257 ne
1285 2227 1352 2258 haec
1374 2227 1553 2267 conjectura
1575 2226 1614 2256 sit
1638 2229 1743 2257 'e'men-

1057 2269 1209 2305 datorum,
1228 2269 1347 2300 Liviani
1371 2269 1463 2301 moris
1485 2270 1670 2310 ignarorum.
1687 2269 1739 2309 qui

1060 2313 1174 2343 vellent
1199 2312 1294 2344 nostn'
1321 2312 1475 2354 scriptoris
1503 2312 1669 2342 orationem
1701 2311 1741 2342 ad

1062 2356 1206 2396 vulgares

1063 2398 1196 2438 exigere.

1061 2441 1160 2472 tiones
1182 2443 1231 2476 ad,
1246 2443 1281 2471 ab
1293 2441 1418 2471 urbium
1434 2440 1608 2471 nominibus
1631 2438 1741 2480 adjun-

1058 2494 1142 2524 gere,
1172 2489 1206 2515 ut
1234 2484 1348 2526 passim
1377 2484 1539 2514 observare
1568 2482 1657 2520 facile
1685 2488 1743 2513 est.

1063 2522 1156 2564 Quod
1179 2532 1300 2568 spectat
1317 2526 1362 2557 'ad
1385 2526 1440 2556 hos
1462 2526 1544 2557 locos
1567 2524 1605 2556 de
1632 2524 1745 2566 quibus

1062 2579 1143 2601 nunc
1167 2569 1297 2611 agimuS,
1319 2568 1350 2600 in
1374 2569 1472 2611 primo
1492 2567 1640 2611 supprimi
1663 2579 1743 2610 prae-

1056 2611 1241 2654 positionem
1262 2622 1326 2643 non
1347 2622 1426 2653 aegre
1446 2617 1633 2653 pateremur,
1649 2611 1679 2641 in
1696 2621 1744 2641 se-

1061 2656 1162 2686 cundo
1176 2660 1326 2685 retentam
1341 2655 1494 2697 cupimuS.

1106 2698 1289 2737 90*Captis
1336 2699 1498 2733 Cenchreis,
1533 2699 1599 2736 jam
1647 2697 1743 2727 urbem

1258 2350 1368 2386 ‘lebeiae
1407 2354 1625 2387 Grammaticae
1661 2354 1746 2395 lege's

1257 2398 1344 2429 ,iv-ius
1373 2397 1452 2429 enim
1486 2400 1571 2428 a'mat
1596 2396 1742 2439 praeposi-

1065 2740 1169 2781 ipsam]
1202 2740 1344 2782 Intellige
1368 2740 1561 2776 Corinthum,
1585 2738 1673 2779 cujus
1695 2749 1743 2769 ur-

1063 2783 1110 2814 bis
1133 2782 1303 2814 Uenchreae
1327 2783 1500 2826 ‘emporium
1523 2788 1611 2814 erant
1634 2782 1665 2813 e't
1688 2784 1743 2812 'na-

1063 2826 1142 2861 vale‚
1170 2826 1200 2856 in
1224 2826 1370 2857 Saronico
1397 2828 1476 2860 sinu.
1501 2825 1546 2856 *ad
1573 2828 1656 2857 mare
1688 2826 1747 2855 32ss

1064 2879 1153 2909 grum
1169 2879 1282 2901 uersus,
