1947 3222
0 268 19 568 Δ-Αξῖ-“..,.-,-,...,
17 211 19 225 ..
17 187 19 199 ..
11 159 13 162 ⁴
12 129 21 146 Α.
13 79 15 83 ’
8 0 25 67 ‘22‘-

494 118 618 156 LIB.
648 117 842 155 XXXIX.
889 119 1017 157 CAP.
1046 120 1194 159 XLVI.
1475 128 1544 163 441

138 228 263 269 licum
294 243 457 284 agrum,
479 227 671 269 deductae
692 233 800 266 sunt.
864 227 971 266 Sena
985 227 1138 282 jugera
1158 230 1198 269 in
1221 230 1406 287 singulos
1436 233 1546 276 data..
1566 247 1604 279 U.
1619 248 1654 278 c.
1668 249 1741 280 568.

138 285 370 327 diviserunt
409 299 571 340 agrum,
606 281 870 337 coloniasque
905 281 1173 325 deduxerunt
1208 287 1333 328 iidem
1370 291 1549 342 tresviri,
1567 290 1742 322 A.C.184.

141 344 189 391 Q.
215 343 372 384 Fabius
403 341 560 390 Labeo,
581 348 622 381 et
655 340 718 379 M.
740 346 782 380 et
814 340 863 389 Q.
887 339 1045 390 Fulvii,
1069 340 1245 382 Flaccus
1274 352 1316 384 et
1346 346 1549 389 Nobilior.

143 399 344 441 Consules
367 400 456 455 ejus
485 396 582 437 anni
612 412 686 438 nec
716 395 828 437 domi
850 410 924 437 nec
944 395 1104 439 militiae
1133 400 1400 442 memorabile
1429 404 1552 459 quid-

141 471 267 511 quam
290 465 476 511 egerunt.
1544 495 1546 499 .

200 512 338 553 XLV.
362 513 414 552 In
434 510 721 566 insequentem
743 526 897 552 annum
918 519 1112 552 crearunt
1134 512 1322 554 consules
1345 515 1408 554 M.
1428 516 1552 557 Clau-
1566 530 1655 561 1).st
1670 533 1744 562 569.

139 568 256 610 dium
283 567 547 617 Marcellum,
572 569 620 618 Q.
645 567 825 609 Fabium
855 568 1106 609 Labeonem.
1168 570 1232 609 M.
1257 570 1477 622 Claudius,
1502 577 1550 624 Q.
1566 573 1655 627 A.C'.
1676 575 1743 621 183.

141 626 298 667 Fabius
321 625 470 666 Idibus
493 624 675 675 Martiis,
693 640 779 680 quo
800 624 867 665 die
887 625 1150 666 consulatum
1172 625 1369 678 inierunt,
1386 629 1439 670 de
1459 644 1553 685 pro-
1566 616 1766 694 {gssfflgffl

139 682 282 723 vinciis
304 681 388 723 suis
408 690 725 738 praetorumque
748 681 996 723 retulerunt.
1058 683 1266 724 Praetores
1287 686 1414 726 creati
1435 696 1553 728 erant
1568 682 1655 732 Coss.

138 741 188 780 C.
212 739 401 780 Valerius
430 738 579 780 flamen
616 738 765 789 Dialis,
796 738 871 794 qui
906 746 948 780 et
980 739 1118 795 priore
1153 755 1260 781 anno
1290 741 1481 797 petierat,
1511 753 1554 785 et

141 796 212 858 Sp.
242 796 486 838 Postumius
522 794 721 845 Albinus,
758 804 798 838 et
836 797 884 837 P.
915 796 1134 837 Cornelius
1170 797 1358 848 Sisenna,
1391 800 1443 839 L.
1470 802 1555 842 Pu-

137 868 249 908 pius,
277 854 328 893 L.
351 852 510 903 Julius,
538 853 614 893 Cn.
640 852 829 894 Sicinius.
892 853 1146 894 Consulibus
1168 854 1348 910 Ligures
1373 871 1469 898 cum
1489 857 1556 898 iis-
1570 872 1751 905 Provinciae.

137 909 233 950 dem
254 910 521 960 exercitibus,
543 924 650 964 quos
675 910 723 950 P.
743 909 948 951 Claudius
969 918 1008 951 et
1032 910 1083 950 L.
1103 911 1276 953 Porcius
1305 912 1554 965 habuerant,

138 966 353 1022 provincia
379 966 546 1008 decreta
574 975 648 1008 est.
710 966 928 1023 Hispaniae
957 975 1076 1008 extra
1106 976 1259 1009 sortem
1288 969 1439 1024 prioris
1458 972 1555 1012 anni

136 1023 390 1079 praetoribus
429 1039 525 1065 cum
565 1023 651 1064 suis
690 1023 943 1065 exercitibus
988 1032 1174 1066 servatae.
1249 1026 1457 1068 Praetores
1495 1029 1557 1070 ita

140 1081 279 1122 sortiri
309 1080 431 1136 jussi,
466 1080 530 1121 uti
561 1079 719 1121 flamini
754 1080 868 1121 Diali
904 1080 1053 1136 utique
1087 1081 1218 1122 altera
1245 1083 1355 1137 juris
1390 1084 1555 1126 dicendi

142 1137 290 1178 Romae
322 1137 536 1193 provincia
569 1145 687 1178 esset.
731 1137 993 1192 peregrinam
1028 1146 1089 1179 est
1126 1138 1310 1181 sortitus.
1373 1140 1555 1183 Sisennae

141 1194 336 1235 Cornelio
369 1194 543 1243 urbana,
581 1195 650 1249 Sp.
676 1193 893 1234 Postumio
931 1193 1087 1244 Sicilia,
1122 1195 1176 1235 L.
1207 1196 1346 1252 Pupio
1378 1198 1555 1253 Apulia,

139 1250 191 1291 L.
213 1252 243 1292 J
247 1251 332 1292 ulio
354 1250 507 1300 Gallia,
531 1251 608 1292 Cn.
629 1250 782 1291 Sicinio
806 1249 997 1291 Sardinia
1017 1252 1167 1292 evenit.
1229 1253 1282 1292 L.
1305 1253 1448 1295 Julius
1470 1270 1557 1297 ma-

136 1317 279 1350 turare
299 1315 360 1348 est
385 1307 541 1363 jussus.
603 1306 717 1348 Galli
741 1307 1024 1363 Transalpini,
1046 1322 1120 1362 per
1151 1308 1280 1350 saltus
1310 1309 1466 1366 ignotae
1486 1328 1557 1354 an-

138 1372 205 1406 tea
234 1365 312 1406 viae
335 1363 443 1417 (⁷³ut
473 1372 570 1405 ante
595 1363 756 1406 dictum
781 1368 863 1417 est)
886 1363 927 1404 in
960 1364 1127 1406 Italiam
1160 1367 1418 1421 transgressi,
1439 1370 1557 1425 oppi-

136 1421 240 1463 dum
269 1423 314 1463 in
344 1436 460 1475 agrm
486 1420 560 1476 qui
590 1435 701 1462 nunc
730 1429 792 1462 est
820 1420 1142 1476 Aquileiensis0,
1165 1423 1439 1466 aedificabant.
1503 1428 1553 1467 Id

135 1495 208 1520 eos
244 1488 291 1520 ut
325 1478 583 1535 prohiberet,
612 1477 790 1533 ⁷⁴²quodv
820 1478 910 1534 ejus
946 1478 1032 1519 sine
1061 1479 1172 1520 bello
1201 1489 1354 1536 posset,
1387 1484 1554 1537 praetori

141 1536 388 1577 mandatum
416 1543 490 1576 est.
522 1534 556 1575 si
583 1535 709 1575 armis
739 1534 987 1590 prohibendi
1018 1544 1169 1586 essent,
1190 1537 1379 1578 consules
1409 1539 1556 1581 certio-

140 1607 206 1634 res
241 1592 406 1633 faceret.
453 1607 505 1632 ex
540 1591 606 1632 his
639 1591 802 1647 placere
842 1591 1021 1633 alterum
1060 1592 1260 1635 adversus
1300 1595 1446 1637 Gallos
1480 1596 1558 1638 du-

138 1665 231 1691 cere
260 1649 454 1705 legiones.
514 1649 721 1690 Extremo
755 1648 904 1704 prioris
935 1649 1031 1690 anni
1067 1650 1235 1691 comitia
1265 1651 1412 1694 habita
1439 1663 1556 1695 erant

139 1706 182 1747 in
202 1706 412 1748 demortui
444 1706 521 1746 Cn.
546 1705 727 1746 Cornelii
758 1706 894 1746 locum
916 1707 1089 1761 auguris
1115 1707 1371 1749 subiiciendi.
1434 1711 1558 1752 Crea-

141 1773 210 1805 tus
234 1765 304 1819 Sp.
324 1763 568 1804 Postumius
589 1762 785 1803 Albinus.

199 1820 368 1861 XLVI.
402 1820 547 1876 Hujus
577 1819 783 1875 principio
812 1820 909 1861 anni
936 1821 984 1861 P.
1004 1819 1192 1862 Licinius
1215 1823 1390 1864 Crassus
1420 1825 1557 1879 ponti-

138 1878 210 1919 fex
240 1876 447 1918 maximus
478 1883 669 1917 mortuus
695 1884 781 1918 est:
814 1876 856 1917 in
877 1878 1000 1932 cujus
1029 1877 1167 1918 locum
1199 1879 1262 1920 M.
1288 1881 1558 1937 Sempronius

142 1934 388 1975 Tuditanus
417 1932 645 1989 ⁷⁵pontifex
676 1941 737 1974 est
762 1942 1005 1990 cooptatus:
1038 1934 1228 1990 pontifex
1259 1936 1466 1978 maximus
1495 1947 1556 1980 cst

139 1999 305 2032 creatus
328 1992 374 2031 C.
391 1989 589 2031 Servilius
607 1990 823 2031 Geminus.
862 1992 910 2031 P.
927 1990 1078 2031 Licinii
1099 1991 1259 2033 funeris
1274 2009 1419 2035 caussa
1438 1994 1558 2035 7⁶vis-

137 2048 295 2096 ceratio
314 2047 428 2096 data,
449 2055 491 2087 et
511 2045 800 2102 ⁷⁷gladiatores
824 2055 989 2088 centum
1013 2047 1161 2102 viginti
1182 2060 1493 2105 pugnaverunt,
1515 2060 1556 2093 ct

142 2103 232 2145 ludi
254 2102 543 2159 funebres-per
564 2103 754 2155 triduum
779 2104 893 2154 facti,
915 2112 1010 2159 post
1032 2103 1153 2145 ludos
1173 2107 1361 2161 epulum.
1393 2107 1434 2148 in
1455 2124 1556 2164 que,

140 2176 276 2216 quum
299 2169 388 2202 toto
408 2160 499 2201 foro
516 2168 646 2205 strata
666 2159 845 2202 triclinia
859 2169 1009 2213 essent,
1027 2169 1266 2217 tempestas,
1283 2179 1379 2205 cum
1397 2165 1558 2220 magnis
1573 2174 1727 2215 Prochgm.

141 2217 333 2274 procellis
347 2225 502 2267 coorta,
519 2216 654 2272 coegit
670 2217 891 2274 plerosque
913 2218 1181 2260 tabernacula
1196 2228 1378 2263 statuere
1394 2223 1437 2263 in
1454 2220 1556 2264 foro.

382 2340 398 2356 ⁰
412 2336 601 2377 Aquileiensis
612 2342 652 2366 est
669 2336 767 2368 Gron.
782 2336 875 2368 Crev.
1048 2341 1066 2366 Ρ
1077 2340 1170 2379 quoad
1183 2339 1282 2372 Gron-

147 2445 264 2476 Gallici
291 2457 404 2478 nomen
434 2457 453 2477 a
480 2447 634 2478 veteribus
662 2446 830 2478 cultoribus
917 2450 958 2480 75
984 2449 1122 2490 Pontifex
1143 2456 1183 2479 est
1207 2452 1370 2492 cooptatus]
1408 2453 1438 2483 A
1465 2453 1556 2484 colle-

148 2487 324 2519 retinuerat.
368 2490 408 2520 Id
433 2490 543 2531 probat
571 2490 685 2521 Cellar.
713 2490 830 2530 Geogr.
873 2490 923 2531 gio
974 2491 1164 2533 pontificum.
1231 2493 1367 2535 Pontifex
1420 2498 1560 2526 marium

150 2530 225 2560 Ant.
251 2531 273 2562 l.
298 2533 346 2564 II.
373 2543 401 2563 c.
428 2534 459 2564 9.
488 2543 581 2573 pagg.
607 2533 682 2563 645.
704 2538 735 2563 ct
757 2533 832 2564 739.
873 2540 913 2564 est
946 2541 1061 2565 creatus
1090 2545 1108 2565 a
1145 2535 1271 2577 populo,
1309 2537 1430 2568 tn'butis
1465 2538 1559 2570 comi-

148 2575 169 2595 Ο
182 2572 255 2603 Vid.
272 2580 333 2604 not.
349 2576 400 2606 62.
417 2576 456 2606 ad
473 2576 603 2605 XXIII.
623 2576 671 2605 14.
875 2575 937 2606 tiis.
1205 2591 1209 2593 *

192 2616 315 2646 73*[sc
344 2625 411 2648 ante
433 2620 544 2648 dictum
573 2618 629 2659 cst]
674 2619 774 2660 Supra
802 2628 830 2649 c.
917 2620 958 2650 76
987 2620 1160 2661 Vas-ceratio]
1200 2621 1314 2652 Crudae
1337 2622 1437 2652 carnis
1459 2621 1561 2652 distri--

193 2681 201 2688 .
874 2662 972 2693 butio.
1007 2662 1080 2693 vid.
1094 2669 1158 2695 not.
1172 2665 1224 2694 37.
1240 2664 1279 2694 ad
1294 2664 1314 2694 l.
1332 2665 1429 2694 VIII.
1443 2675 1471 2694 c.
1485 2666 1537 2694 22.

192 2700 233 2730 74
272 2701 356 2734 Quod
390 2701 467 2741 qius]
525 2703 666 2735 Usitatus
711 2703 833 2734 Latinis
918 2706 957 2736 77
983 2706 1168 2736 Gladiatores
1189 2706 1310 2746 CXX]
1350 2706 1472 2748 Lipsius
1493 2709 1557 2738 Sat.

150 2743 346 2783 pleonasmus
366 2742 398 2773 in
422 2754 496 2775 voce
519 2747 581 2784 sgjus
603 2746 652 2777 hic
679 2746 833 2778 notandus
876 2747 898 2778 1.
914 2748 940 2778 Ι.
960 2758 990 2778 c.
1012 2749 1043 2778 8.
1061 2748 1183 2790 judicat
1205 2748 1285 2778 hunc
1310 2759 1469 2779 numerum
1492 2760 1558 2780 esse

148 2785 288 2815 occurrit.
342 2786 446 2826 Vulgo
477 2791 569 2826 quoad
603 2792 674 2829 ejus.
722 2791 828 2820 Muta-
873 2790 1066 2831 grandiorem
1088 2801 1180 2831 quarn
1205 2796 1238 2821 ut
1264 2792 1428 2822 conveniat
1451 2791 1481 2821 in
1502 2792 1558 2824 hoc

151 2827 252 2857 vimus
272 2839 310 2858 ex
340 2828 458 2869 scriptis
481 2829 696 2869 Gronovianis,
719 2832 830 2874 quibus
873 2843 985 2867 aevum,
1010 2839 1041 2864 et
1065 2833 1202 2864 rescribit
1233 2833 1335 2864 IXX.
1382 2834 1456 2865 vid.
1481 2835 1560 2866 insta

152 2870 272 2902 accedit
287 2876 386 2901 noster
404 2871 428 2901 V
434 2870 486 2902 iet.
875 2876 899 2907 1.
915 2876 1002 2906 XLI.
1017 2886 1046 2906 c.
1061 2875 1118 2906 ult.

147 2660 189 2688 22
