1947 3222
582 103 702 142 LIB.
731 102 815 140 XL.
846 102 978 140 CAP.
1007 104 1122 142 XIII.
1492 109 1565 149 465

139 214 283 268 magis,
305 228 422 268 quam
452 213 600 253 crimen
628 226 752 252 meum
784 211 1033 259 indicatura,
1056 213 1176 254 hodie
1205 228 1357 270 quoque
1385 231 1469 258 eam
1491 226 1563 261 (tut
1578 230 1666 262 U.C.
1682 231 1756 263 570.

131 272 409 324 praetermitti,
443 276 514 311 aut
543 270 586 310 in
617 270 737 309 aliud
763 275 916 321 tempus
944 268 1127 324 differri:
1175 278 1219 310 ut
1246 275 1558 327 perspiceretur,
1574 273 1614 305 A.
1628 273 1664 304 C.
1681 274 1754 305 ¹82·

137 335 269 369 atrum
300 343 374 383 ego
403 327 492 374 tibi,
515 340 570 366 an
590 332 635 367 tu
655 327 769 372 milti,
791 340 893 366 novo
923 327 1080 379 quidem
1111 332 1150 366 et
1177 329 1388 382 singulari
1411 347 1560 386 genere

137 387 241 435 odii,
275 386 449 427 insidias
464 384 651 439 fecisses.
709 385 803 438 Ego
840 390 985 433 tamen,
1019 390 1210 438 quantum
1243 387 1286 425 in
1320 389 1396 428 t'aac
1424 390 1557 431 subita

127 443 438 495 perturbatione
452 447 608 494 potero,
630 441 828 494 separabo
848 455 909 489 ea,
927 454 1015 494 quce
1034 447 1079 482 tu
1097 441 1341 496 confudisti.-
1373 451 1411 484 et
1431 449 1558 489 noctis

135 498 252 553 liujus
281 500 467 548 insidias,
499 505 572 539 aut
600 505 706 548 tuas,
734 504 804 538 aut
834 512 952 546 meas,
984 499 1179 552 detegam.
1242 498 1466 542 Occidendi
1493 507 1557 545 sui

134 558 338 598 consilium
359 571 418 597 me
448 556 582 605 inisse,
605 556 735 596 videri
753 556 857 596 vult:
889 562 933 595 ut
952 556 1116 604 scilicet,
1139 555 1290 609 majore
1301 557 1452 610 fratre
1470 562 1557 600 sub-

134 615 234 663 lato,
256 612 365 667 cujus
377 613 478 667 jure
496 614 691 667 gentium,
717 626 823 653 more
849 613 1132 661 Macedonum,
1154 619 1223 653 tuo
1249 615 1385 665 etiam,
1407 625 1453 656 ut
1477 619 1553 665 ait,

118 670 283 724 judicio
313 685 477 725 regnum
507 677 563 711 est
574 671 781 724 futurum,
804 683 876 724 ego
907 671 1037 710 minor
1063 671 1106 710 in
1127 669 1221 724 ejus,
1244 686 1359 725 quem
1388 675 1554 715 occidis-

131 742 222 777 sem,
244 730 486 768 succederem
516 729 655 768 locum.
719 727 833 776 Quid
861 741 956 781 ergo
987 728 1062 767 illa
1091 728 1171 768 sibi
1190 730 1273 769 vult
1300 743 1401 782 pars
1421 733 1555 772 altera

131 786 346 835 orationis,
364 800 443 839 qua
463 786 666 826 Romanos
686 800 712 825 a
734 799 793 825 me
812 786 936 825 cultos
956 786 1033 833 ait,
1051 791 1171 839 atque
1190 788 1487 840 eorumfiducia
1509 790 1553 830 in

129 856 237 896 spem
267 845 385 897 regni
415 858 472 883 me
501 844 683 883 venisse?
727 856 819 882 nam
849 843 886 882 si
914 849 953 882 et
983 843 1026 882 in
1063 842 1260 884 Romanis
1288 850 1444 885 tantum
1476 861 1555 886 mo-

132 900 257 941 menti
279 914 360 941 esse
388 900 607 948 credebam,
630 906 687 950 ut,
711 914 822 954 quem
853 900 1012 947 vellent,
1035 900 1275 953 inponerent
1295 901 1556 944 Macedonico

132 972 277 1011 regem,
299 964 337 998 et
357 971 453 998 meae
474 963 628 998 tantum
655 958 770 1010 apud
793 971 858 997 eos
879 958 1034 1011 gratiae
1059 958 1314 1011 confidebam,
1339 961 1440 1013 quid
1457 975 1556 1014 opus

125 1015 359 1068 parricidio
362 1015 488 1068 ficit?
522 1015 604 1065 An,
624 1021 668 1054 ut
684 1014 1096 1068 cruentumfiaterna
1112 1016 1219 1055 ccede
1233 1016 1423 1056 diadema
1439 1032 1554 1071 gere-

131 1076 246 1113 rem?
281 1079 326 1113 ut
356 1074 440 1113 illis
470 1074 582 1126 ipsis,
604 1073 718 1124 apud
745 1086 841 1125 quos
869 1077 942 1111 aut
971 1085 1081 1120 vera,
1113 1078 1185 1112 aut
1214 1080 1320 1112 certe
1347 1075 1552 1124 simulata,

125 1129 335 1182 probitate
347 1136 516 1183 partam
533 1129 875 1183 gratiaszabeo,
892 1128 930 1168 si
949 1142 1066 1181 quam
1071 1129 1194 1183 forte
1213 1129 1352 1179 habeo,
1374 1145 1554 1172 exsecra-

131 1187 227 1228 bilis
247 1194 285 1228 et
306 1188 459 1228 invisus
473 1189 619 1228 essem?
651 1187 735 1227 nisi
754 1185 785 1209 41
799 1186 849 1226 T.
868 1186 1098 1233 Quinctium
1114 1188 1256 1234 credis,
1275 1187 1386 1241 cujus
1406 1190 1554 1229 virtute

131 1250 171 1285 et
189 1245 369 1286 consiliis
389 1259 448 1285 me
469 1258 572 1284 nunc
587 1245 732 1298 arguis
751 1243 854 1297 regi,
871 1257 988 1297 quum
1009 1249 1047 1283 et
1069 1244 1154 1296 ipse
1173 1245 1253 1284 tali
1262 1247 1424 1297 pietate
1444 1246 1553 1287 vivat

128 1302 389 1356 cumfratre,
413 1301 510 1342 milti
521 1301 736 1356 fraternae
763 1300 1036 1354 caedz‘sfuisse
1064 1307 1276 1341 auctorem.
1337 1303 1450 1344 Idem
1473 1318 1551 1344 non

129 1359 407 1400 Romanorum
436 1360 559 1400 solu-m
584 1359 782 1412 gratiam,
804 1358 874 1398 sed
892 1357 1162 1398 Macedonum
1179 1357 1358 1411 judicia,
1382 1375 1429 1400 ac
1444 1375 1553 1414 pene

131 1418 304 1457 omnium
341 1418 520 1457 Deorum
556 1417 835 1469 hominumque
868 1429 1091 1455 consensum
1127 1417 1313 1470 conlegit,
1346 1432 1425 1470 per
1463 1432 1552 1472 quae

130 1475 268 1514 omnia
298 1488 339 1515 se
370 1474 467 1514 milei
489 1488 634 1526 parem
670 1474 714 1513 in
746 1474 968 1513 certamine
1000 1487 1079 1512 non
1091 1473 1287 1527 ficturum
1316 1477 1549 1516 crediderit.

129 1531 248 1581 idem,
271 1537 471 1585 tamquam
492 1533 536 1572 in
557 1532 655 1571 aliis
675 1530 854 1571 omnibus
877 1530 991 1570 rebus
1015 1530 1187 1584 inferior
1208 1546 1338 1580 essem,
1361 1534 1419 1572 ad
1435 1534 1551 1573 scele-

128 1589 189 1628 ris
207 1603 316 1642 spem
334 1589 514 1629 ultimam
535 1588 763 1643 corficgisse
783 1602 842 1628 me
862 1588 1084 1627 insimulat.
1153 1588 1220 1629 Vis
1240 1587 1550 1644 ‘¹²lzancformu-

128 1646 210 1686 lam
239 1645 481 1700 cognitionis
510 1661 605 1696 esse,
627 1652 685 1695 ut,
706 1651 793 1685 uter
821 1645 1014 1694 timuerit,
1037 1659 1087 1685 ne
1106 1645 1214 1685 alter
1242 1647 1409 1700 dignior
1438 1647 1548 1688 vide-

127 1710 240 1743 retur
274 1717 415 1758 regno,
450 1704 485 1744 is
515 1704 724 1744 consilium
757 1701 1011 1756 obprimendi
1025 1702 1192 1756 fratris
1222 1704 1371 1756 cepisse
1387 1703 1549 1758 judice-

126 1764 223 1800 tur?

186 1818 329 1859 XIII.
367 1819 644 1873 Exsequamur
668 1824 802 1858 tamen
822 1816 1098 1872 4⁵quocumq11e
1121 1819 1235 1858 modo
1261 1820 1421 1871 conficti
1439 1821 1548 1860 ordi-

128 1889 215 1916 nem
245 1876 439 1932 criminis.
500 1876 695 1917 Pluribus
725 1876 851 1916 modis
879 1890 919 1916 se
939 1877 1111 1928 petitum
1143 1875 1380 1917 criminatus
1409 1883 1479 1925 est,
1508 1885 1548 1917 et

125 1946 258 1973 omnes
282 1933 522 1973 insidiarum
543 1935 631 1974 vias
652 1935 693 1973 in
713 1947 831 1972 unum
858 1933 962 1972 diem
982 1933 1164 1973 contulit.
1233 1933 1349 1974 Volui
1368 1934 1548 1974 interdiu

125 2003 211 2030 eum
225 1996 318 2043 post
337 1991 629 2047 lustrationem,
652 2003 769 2044 quum
792 1990 1076 2039 concurrimus,
1099 1996 1137 2030 et
1157 1990 1328 2044 quidem,
1352 1989 1426 2031 44si
1446 1992 1549 2032 Diis

860 2082 1051 2112 Hotomanni
1078 2086 1196 2113 notam.
1248 2080 1428 2113 Demetrius
1455 2082 1546 2123 igitur

859 2124 916 2155 hoc
939 2125 1006 2155 loco
1027 2125 1138 2166 quaerit
1159 2135 1179 2155 a
1200 2124 1303 2161 fratre,
1320 2136 1395 2156 num
1417 2126 1493 2156 velit
1509 2136 1547 2156 ex

859 2178 897 2198 ea
923 2167 1053 2198 formula
1075 2167 1163 2198 litem
1187 2167 1268 2198 inter
1293 2178 1346 2199 eos
1372 2168 1545 2210 dijudicari,

175 2083 213 2113 41
242 2082 275 2113 T.
293 2082 450 2116 Quintium
473 2105 481 2112 .
499 2104 507 2113 .
526 2106 532 2112 .
550 2104 558 2113 .
580 2084 666 2122 cnjus
687 2082 814 2123 virtute]

130 2127 199 2156 Vox
214 2127 324 2156 virtute
344 2135 455 2166 parum
477 2125 549 2156 huic
568 2126 638 2156 loco
652 2125 816 2157 convenire

132 2168 262 2199 videtur.
298 2168 417 2199 Melius
429 2168 564 2211 profecto
578 2169 731 2210 legeretur
744 2179 816 2198 auc-

128 2213 255 2242 toritate-
301 2212 434 2242 Perseus
455 2211 629 2253 objecerat:
661 2212 694 2242 T.
720 2212 815 2246 Quin-

130 2256 190 2286 tius
211 2266 292 2285 nunc
313 2261 354 2285 est
375 2261 478 2285 auctor
500 2256 629 2285 omnium
651 2265 750 2285 rerum
765 2256 813 2284 isti

128 2303 156 2327 et
172 2299 320 2339 magister.

172 2341 213 2370 42
238 2341 326 2371 Hanc
345 2341 515 2382 firmatam
542 2341 714 2382 cognitionis
742 2340 812 2381 esse]

133 2383 262 2414 Locutio
275 2394 313 2414 ex
324 2383 394 2424 jure
411 2385 554 2414 Romano
576 2382 683 2425 petita.
728 2383 813 2413 Prae-

131 2431 178 2456 tor
196 2425 278 2456 enim
300 2437 396 2468 quum
415 2427 537 2468 judices
559 2426 646 2456 daret
667 2424 816 2466 litiganti-

132 2468 200 2502 bus,
216 2468 312 2499 dabat
327 2475 358 2501 et
373 2470 534 2501 formulam
550 2480 587 2499 ex
601 2479 664 2510 qua
680 2479 727 2499 res
743 2479 815 2498 con-

131 2516 266 2542 troversa
279 2511 445 2555 disceptari
466 2519 497 2544 et
515 2511 649 2554 judicari
671 2511 813 2542 deberet:

131 2559 224 2595 atque
239 2553 279 2584 ad
301 2564 370 2585 eam
392 2555 552 2587 formulam
570 2553 707 2586 adstricti
729 2559 817 2585 erant

125 2596 260 2637 judices,
276 2606 332 2627 nec
355 2597 443 2629 aliter
457 2609 552 2640 quam
568 2608 606 2629 ex
620 2608 657 2628 ea
679 2607 814 2638 pronun-

127 2639 209 2671 ciare
231 2645 384 2681 poterant.
427 2641 488 2672 Hic
510 2640 742 2681 mosaregibus
764 2651 815 2670 us-

129 2693 191 2724 que
214 2682 326 2713 ductus
340 2686 416 2717 erat,
432 2688 465 2713 ut
481 2690 608 2726 apparet
630 2694 668 2714 ex
686 2683 816 2714 formula

132 2723 314 2766 cognitionis
349 2724 424 2755 data
459 2725 629 2757 duumviris
669 2736 688 2757 a
722 2726 816 2756 Tullo

133 2777 203 2808 rege
229 2768 261 2797 in
282 2777 376 2798 causa
399 2768 533 2803 Horatii,
556 2779 660 2810 supra,
685 2769 706 2799 l.
733 2769 761 2800 Ι.
787 2779 815 2799 e.

131 2811 186 2841 26.
209 2809 284 2841 Vid.
301 2815 331 2840 et
347 2809 414 2840 Cic.
432 2810 454 2840 l.
470 2811 519 2841 ΙΙ.
540 2810 572 2840 in
595 2812 685 2842 Verr.
708 2821 740 2842 n.
763 2812 816 2842 31.

135 2859 165 2883 et
188 2862 242 2894 pro
267 2852 381 2882 Roscio
408 2853 498 2883 Com.
524 2862 554 2882 n.
580 2853 634 2885 24.
658 2858 749 2894 atque
775 2853 815 2883 ibi

190 2909 286 2935 YOL.
311 2908 380 2936 111.

859 2210 940 2241 hanc
964 2211 1064 2252 legem
1087 2210 1209 2252 utrique
1232 2210 1306 2247 dici,
1326 2216 1361 2241 ut
1382 2222 1409 2241 is
1431 2212 1485 2252 qui
1509 2212 1544 2241 ti-

857 2253 968 2285 muerit
990 2264 1029 2284 ne
1056 2252 1133 2284 alter
1159 2253 1279 2294 dignior
1305 2264 1398 2295 regno
1424 2254 1544 2284 videre-

857 2302 917 2332 tur,
947 2296 1107 2327 consilium
1136 2296 1330 2338 opprimendi
1364 2296 1464 2327 fratris
1494 2308 1544 2327 ce—

857 2339 937 2380 pisse
955 2339 1122 2380 judicetur.
1169 2340 1262 2376 Quod
1285 2339 1311 2369 si
1331 2339 1512 2369 admittatur
1527 2349 1545 2369 a

858 2383 983 2418 Perseo,
1012 2392 1075 2412 non
1104 2382 1228 2412 dubitat
1253 2381 1442 2416 Demetrius,
1471 2382 1546 2422 quin

860 2435 918 2455 sua
943 2425 1069 2456 victoria
1095 2424 1145 2459 sit,
1173 2430 1205 2455 et
1227 2424 1343 2455 crimen
1364 2424 1545 2455 insidiarum

859 2472 995 2498 vertatur
1009 2467 1040 2497 in
1056 2473 1276 2508 accusatorem.

917 2511 957 2541 43
967 2512 984 2528 ³
999 2510 1184 2551 Quocumque
1263 2511 1343 2540 modo
1411 2510 1542 2549 conficti]

860 2552 1012 2590 Quamvis
1034 2558 1096 2584 tam
1123 2563 1231 2595 parum
1254 2552 1452 2595 probabiliter
1472 2561 1543 2581 con-

859 2595 933 2631 ficti,
963 2602 998 2626 ut
1024 2595 1179 2627 accusatio
1204 2596 1262 2626 sibi
1291 2596 1358 2637 ipsa
1385 2605 1447 2625 non
1472 2604 1544 2624 con-

859 2639 982 2675 sentiat,
1001 2645 1031 2670 et
1050 2639 1089 2670 ad
1112 2639 1199 2669 illam
1222 2636 1448 2669 dissolvendam
1471 2646 1543 2666 con-

859 2687 963 2713 tentus
977 2692 1042 2712 esse
1065 2682 1176 2722 possim
1195 2692 1231 2712 eo
1248 2680 1330 2721 quod
1353 2679 1429 2708 mihi
1451 2689 1543 2710 accu-

859 2730 941 2756 sator
953 2724 1019 2766 ipse
1035 2724 1149 2766 objicit.

902 2768 1013 2797 44*Si
1035 2769 1090 2797 diis
1115 2766 1226 2806 placet]
1273 2765 1411 2794 Utuntur
1438 2763 1542 2793 Latini

859 2809 918 2841 hac
943 2810 1101 2839 verborum
1128 2807 1270 2841 formula,
1296 2813 1329 2836 ut
1349 2807 1414 2847 jam
1440 2807 1542 2836 obser-

860 2853 1011 2885 vavimffi,
1035 2852 1065 2880 in
1090 2861 1120 2880 ro
1143 2850 1281 2889 indigna.
1306 2849 1419 2879 atroci:
1449 2848 1542 2888 quale

922 2908 951 2932 H
975 2894 998 2933 h
