1947 3222
472 104 505 142 L
522 104 538 142 1
555 103 596 141 Β.
626 101 817 149 XXXIV.
863 102 942 139 CA
958 103 998 139 P.
1028 105 1074 140 V.
1402 109 1473 149 139

72 225 189 267 quum
208 213 308 254 satis
328 213 471 254 dictum
493 225 574 264 pro
593 216 764 264 utraque
787 215 909 263 parte
928 209 1207 259 existimarem,
1230 213 1374 254 tacitus
1392 214 1474 269 suf-
1490 219 1530 250 U.
1542 219 1577 250 c,
1593 219 1664 258 56⁷·

52 270 216 325 fragia
236 275 367 311 vestra
389 273 680 322 exspectassem.
704 281 822 315 nunc,
845 281 960 320 quum
981 267 1047 308 vir
1060 269 1324 321 gravissimus
1343 273 1477 313 consul
1489 263 1530 295 A·
1543 262 1581 294 C·
1596 263 1665 293 195.

71 327 139 368 M.
161 328 346 375 Porcius,
367 339 448 366 non
478 325 721 365 auctoritate
747 325 888 374 solum,
911 337 999 378 quae
1018 325 1146 365 tacita
1176 326 1276 366 satis
1297 329 1479 369 momenti

71 384 285 432 habuisset,
306 385 376 424 sed
395 382 578 422 oratione
607 382 727 422 etiam
756 383 879 435 longa
899 388 938 422 et
956 382 1155 422 adcurata
1186 383 1401 424 insectatus
1423 386 1477 425 sit

71 442 320 496 rogationem
337 445 525 485 nostram,
545 452 737 479 necessum
753 445 810 479 est
822 439 968 491 paucis
984 440 1232 491 respondere.
1259 440 1330 493 qui
1345 446 1477 481 tamen

65 499 193 552 plura
213 497 330 538 verba
352 497 396 538 in
416 496 666 550 castigandis
681 497 888 543 matronis,
907 510 1024 550 quam
1044 497 1088 536 in
1108 497 1321 550 rogatione
1341 503 1479 538 nostra

72 555 358 602 dissuadenda,
374 554 604 594 consumsit.-
636 559 674 593 et
694 553 864 606 quidem,
885 560 930 593 ut
951 554 995 594 in
1015 553 1136 594 dubio
1149 559 1331 606 poneret,
1349 560 1478 594 utrum

72 613 131 660 id,
153 612 258 665 quod
275 611 595 664 reprehenderet,
617 616 813 650 matronae
831 624 903 651 sua
923 616 1075 663 sponte,
1096 625 1150 650 an
1172 610 1284 651 nobis
1302 612 1480 652 auctori·

73 669 157 718 bus,
170 668 381 722 ficissent.
441 668 542 708 Rem
573 667 798 722 defendam,
820 681 899 707 non
927 682 1018 714 nos;
1052 669 1095 708 in
1117 682 1211 721 quos
1226 667 1328 722 jecit
1354 669 1482 722 magis
1523 667 1525 672 ’

71 726 171 766 hoc¹¹¹
189 726 323 766 consul
351 724 468 766 verbo
496 731 624 773 tenus,
646 739 762 778 quam
783 730 827 764 ut
855 739 901 764 re
930 726 1192 766 insimularet.
1255 727 1421 774 Coetum,
1443 732 1482 766 et

70 782 300 832 seditiones,
318 789 356 823 et
380 783 578 822 interdum
607 783 855 822 secessionem
873 781 1097 822 muliebrem
1117 783 1354 835 adpellavit,
1378 784 1484 837 quod

72 845 268 880 matronae
298 841 342 880 in
364 839 527 892 publico
557 853 623 879 vos
652 844 871 893 rogassent,
893 845 936 878 ut
957 840 1094 893 legem,
1116 840 1159 879 in
1190 854 1231 879 se
1254 841 1380 880 latam
1403 854 1482 892 per

72 895 214 937 bellum
235 896 475 950 temporibus
499 897 624 944 duris,
648 896 691 936 in
705 910 810 948 pace
829 901 867 935 et
870 896 1052 951 florente
1070 910 1119 936 ac
1139 895 1256 936 beata
1277 897 1481 949 republica

73 953 341 1010 abrogaretis.
407 953 537 993 Verba
566 966 726 1006 magna,
750 965 839 1006 quoe
856 953 920 992 rei
938 954 1133 1005 augendae
1152 967 1292 993 caussa
1321 956 1482 1008 conqui-

72 1017 232 1060 rantur,
255 1017 293 1051 et
313 1011 407 1060 haec,
428 1016 467 1050 et
486 1010 574 1049 alia
595 1024 675 1049 esse
688 1011 789 1050 scio:
819 1015 857 1049 et
878 1008 942 1049 Μ
968 1010 1158 1050 Catonem
1184 1016 1383 1050 oratorem
1403 1025 1482 1051 non

72 1069 195 1109 solum
220 1081 397 1121 gravem,
417 1067 487 1107 sed
500 1067 703 1106 interdum
731 1066 850 1106 etiam
881 1072 1042 1116 trucem,
1064 1081 1143 1107 esse
1168 1067 1308 1108 scimus
1336 1082 1480 1117 omnes,

74 1139 190 1179 quum
212 1125 374 1178 ingenio
393 1124 444 1164 sit
463 1124 584 1164 mitis.
645 1123 753 1163 Nam
781 1124 881 1177 quid
908 1125 1067 1164 tandem
1088 1125 1184 1164 novi
1204 1131 1399 1165 matronae
1411 1125 1484 1179 fe-

74 1187 224 1230 cerunt,
247 1183 351 1235 quod
361 1181 602 1234 'frequentes
631 1181 675 1221 in
705 1194 844 1221 caussa
874 1182 932 1220 ad
956 1195 997 1221 se
1018 1181 1249 1233 pertinente
1279 1183 1323 1222 in
1345 1182 1484 1236 publi-

71 1252 157 1278 cum
169 1241 481 1291 processerunt?
513 1238 740 1291 Numquam
761 1243 856 1278 ante
875 1238 947 1277 lzoc
974 1244 1123 1291 tempus
1150 1240 1195 1279 in
1216 1239 1382 1293 publico
1411 1241 1486 1280 ad-

65 1299 325 1348 paruerunt?
355 1294 389 1319 ‘²⁸
403 1295 512 1336 Tuas
540 1296 729 1336 adversus
757 1301 797 1336 te
828 1294 1023 1349 Origines
1051 1297 1261 1337 revolvam.
1323 1298 1484 1350 Accipe,

74 1353 229 1406 quoties
258 1353 304 1393 id
314 1353 512 1406 jecerint,
542 1359 580 1392 et
608 1353 763 1406 quidem
791 1365 941 1405 semper
970 1352 1070 1392 bono
1092 1354 1272 1406 publico,
1330 1354 1428 1396 Jam
1459 1368 1484 1394 a

65 1410 294 1463 principio,
315 1416 510 1464 regnante
530 1410 715 1458 Romulo,
737 1424 852 1463 quum
876 1410 1079 1462 Capitolio
1099 1410 1150 1450 ab
1169 1411 1334 1452 Sabinis
1352 1418 1485 1464 capto,

75 1467 204 1507 medio
224 1468 267 1507 in
279 1465 379 1518 soro
393 1467 523 1521 signis
537 1467 709 1507 conlatis
724 1467 996 1515 dimicaretur,
1015 1481 1146 1507 nonne
1161 1469 1385 1509 intercursu
1401 1483 1486 1508 ma—

75 1529 284 1563 tronarum
306 1525 414 1564 inter
434 1525 539 1564 acies
563 1524 663 1564 duas
675 1525 869 1576 proelium
888 1524 1066 1564 sedatum
1087 1527 1172 1564 est?
1208 1525 1345 1572 Quid?
1376 1526 1485 1579 regi-

76 1580 146 1621 bus
175 1581 338 1629 exactis,
362 1594 477 1634 quum
501 1581 718 1621 Coriolano
738 1580 901 1620 Marcio
930 1582 1039 1629 duce,
1060 1582 1236 1634 legiones
1261 1582 1486 1623 Volscorum

77 1643 213 1678 castra
242 1639 300 1677 ad
327 1638 505 1691 quintum
535 1638 710 1689 lapidem
733 1638 972 1690 posuissent,
1001 1651 1131 1678 nonne
1160 1639 1206 1678 id
1233 1652 1387 1692 agmen,
1409 1654 1487 1694 quo

76 1693 220 1734 obruta
246 1694 330 1735 lzcec
355 1694 447 1735 urbs
475 1700 584 1742 esset,
607 1700 801 1734 matronoe
820 1698 1080 1735 averterunt?
1118 1695 1232 1740 Jam,
1250 1696 1346 1736 urbe
1364 1703 1488 1749 capta

78 1765 106 1790 a
139 1750 290 1799 Gallis,
322 1766 398 1805 quo
431 1753 608 1791 redemta
639 1751 732 1791 urbs
760 1754 845 1792 est?
887 1766 1026 1805 nempe
1059 1766 1200 1793 aurum
1229 1751 1487 1794 ⁶²⁹matronoe¹¹

76 1821 265 1849 consensu
284 1810 445 1849 onnium
467 1810 509 1848 in
532 1808 736 1861 publicum
759 1810 1020 1850 contulerunt.
1084 1810 1279 1850 Proximo
1299 1810 1400 1851 bello
1421 1814 1488 1865 (ne

77 1867 248 1919 antiqua
277 1867 474 1919 repetam)
497 1880 628 1906 nonne
657 1872 708 1914 et,
739 1879 855 1920 quum
877 1866 1055 1919 pecunia
1093 1881 1190 1920 opus
1202 1867 1312 1921 ficit,
1343 1869 1487 1908 vidua-

75 1936 164 1962 rum
186 1921 637 1976 pecunioe'acffuverunt
665 1924 870 1972 (erarium,
894 1930 946 1973 et,
968 1938 1084 1977 quum
1119 1924 1193 1964 Dii
1213 1938 1365 1979 quoque
1393 1927 1489 1967 novi

76 1981 133 2019 ad
152 1993 260 2031 opem
266 1980 486 2034 serendam
506 1980 638 2021 dubiis
653 1980 767 2020 rebus
785 1987 1093 2031 arcesserentur,
1110 1987 1307 2022 matronae
1326 1983 1487 2023 univer-

77 2050 130 2076 sae
158 2037 215 2076 ad
242 2051 352 2077 mare
374 2037 568 2091 profectae
600 2044 692 2078 sunt
721 2038 778 2078 ad
805 2044 969 2078 matrem
999 2038 1152 2078 Idaeam
1179 2039 1482 2091 accipiendam?

80 2094 329 2144 Dissimiles,
356 2095 521 2147 inquis⁰,
552 2109 700 2136 caussoe
727 2102 833 2136 sunt.
895 2095 979 2136 Nec
1008 2096 1108 2136 milii
1135 2110 1294 2137 caussas
1322 2110 1484 2150 aeqaare

69 2151 319 2204 propositum
339 2157 409 2192 est.
434 2152 540 2192 nihil
559 2153 653 2192 novi
655 2152 834 2206 factum,
843 2167 1030 2207 purgare
1049 2153 1150 2193 satis
1170 2159 1238 2193 est.
1283 2155 1481 2205 Ceterum,

122 2235 146 2253 ¹¹¹
161 2232 223 2262 hoec
245 2232 343 2263 Gron.
367 2232 458 2263 Crev.

585 2236 602 2252 ¹¹
619 2231 724 2269 Gallis,
747 2244 856 2264 aurum
877 2246 905 2274 q.
927 2244 954 2264 r.
975 2245 1006 2264 u.
1030 2240 1081 2270 est,
1103 2245 1202 2274 nempe
1227 2241 1368 2265 matrona·
1391 2235 1482 2266 Eaed.

77 2277 94 2294 ⁰
108 2276 204 2316 inquit
220 2274 308 2306 Eaed.

123 2339 165 2369 28
192 2339 272 2369 Tuas
295 2360 303 2368 .
319 2360 328 2368 .
343 2360 351 2368 .
369 2360 378 2368 .
402 2339 552 2380 Origines]
597 2339 761 2375 Historias,
805 2339 946 2381 quintum
966 2340 1078 2371 librum
1105 2340 1336 2382 Originumait
1357 2342 1397 2372 ab
1416 2342 1482 2383 ipso

84 2389 161 2420 quas
181 2380 250 2412 ideo
273 2381 393 2411 videtur
412 2384 490 2412 Cato
505 2382 675 2424 appellasse
693 2383 760 2412 Ori<

83 2424 177 2463 gines,
199 2423 273 2464 quia
295 2423 328 2453 in
353 2423 489 2455 secundo
512 2430 543 2454 et
565 2425 654 2456 tertio
677 2425 762 2456 libris

87 2464 219 2496 docebat
233 2466 315 2497 unde
329 2477 461 2507 quaeque
477 2466 585 2498 civitas
598 2474 665 2498 orta
683 2474 762 2499 esset

89 2506 211 2539 Italica.
255 2509 376 2540 Primus
399 2514 430 2540 et
449 2515 579 2550 quatuor
601 2510 701 2541 ultimi
715 2521 762 2542 res

89 2548 248 2581 Romanas
271 2551 480 2583 continebant.
525 2554 602 2584 Haec
630 2564 685 2585 nos
707 2554 762 2584 do-

87 2596 137 2622 cet
158 2593 244 2633 testis
263 2594 401 2637 locuples
423 2596 583 2626 Cornelius
603 2596 711 2638 Nepos
731 2597 763 2626 in

91 2635 217 2665 Catonis
251 2636 323 2667 vita.
376 2639 518 2668 Ceterum
554 2638 637 2670 idem
670 2642 761 2670 Corn.

90 2677 196 2718 Nepos
217 2684 322 2709 auctor
340 2686 396 2715 est,
414 2682 564 2712 Catonem
578 2692 681 2712 senem
702 2682 764 2713 his-

26 2725 30 2729 ⁴
89 2719 182 2749 toi-ias
203 2720 331 2752 scribere
349 2722 526 2754 instituisse.
571 2725 614 2755 Et
635 2724 667 2755 id
689 2735 766 2766 quo-

88 2772 149 2802 que
165 2761 280 2793 adstrui
300 2770 401 2805 potest
421 2776 459 2796 ex
480 2766 547 2808 ipso
561 2767 658 2803 Livio,
674 2768 726 2808 qui
742 2768 762 2798 l.

90 2804 192 2835 XLV.
212 2814 239 2835 c.
262 2806 314 2836 25.
336 2807 502 2838 orationem
524 2820 543 2839 a
566 2811 683 2841 Catone
700 2810 766 2852 jam

91 2856 162 2877 sene
185 2847 216 2877 in
242 2857 335 2879 causa
363 2849 554 2882 Rhodiorum
576 2852 713 2883 habitam
736 2853 767 2883 in

805 2383 934 2414 relatam
958 2382 1060 2413 fuisse.
1102 2385 1144 2414 Et
1159 2384 1241 2425 apud
1256 2384 1322 2415 Cic.
1338 2385 1359 2414 1.
1374 2384 1411 2415 de
1427 2385 1482 2415 Se-

805 2431 939 2461 nectute,
971 2426 1050 2456 Cato
1076 2426 1185 2456 ultimo
1213 2426 1283 2458 vitae
1312 2438 1374 2457 suae
1401 2437 1482 2458 anuo

805 2469 968 2510 septimum
1005 2468 1048 2499 ait
1076 2468 1239 2509 Originum
1276 2469 1388 2500 librum
1424 2469 1482 2499 sibi

805 2521 872 2542 esse
887 2511 918 2541 'm
934 2511 1086 2542 manibus.
1131 2513 1210 2548 Quae
1233 2512 1259 2542 si
1273 2513 1320 2544 ita
1333 2518 1415 2547 sunt,
1431 2522 1482 2542 ve-

805 2565 906 2585 remur
920 2564 958 2584 ne
980 2553 1086 2584 Livius
1101 2553 1151 2584 hic
1167 2560 1238 2585 ante
1261 2561 1383 2597 tempus
1398 2565 1482 2585 men-

806 2598 921 2629 tionem
935 2596 1099 2637 Originum
1112 2596 1228 2629 fecerit.

848 2642 890 2671 ‘29
913 2640 1062 2670 Matrouoe
1082 2651 1216 2671 consensu
1231 2641 1375 2681 omnium]
1407 2640 1484 2670 con-

807 2695 890 2714 sensu
912 2684 1039 2713 omnium
1053 2682 1096 2713 sic
1110 2682 1221 2714 dicitur
1235 2684 1292 2714 hoc
1308 2684 1375 2714 loco
1397 2680 1484 2722 quasi

808 2737 945 2757 consensu
979 2727 1124 2756 unanimi.
1177 2726 1226 2757 Sic
1254 2726 1343 2760 infra,
1372 2735 1399 2755 c.
1429 2724 1482 2753 32.

810 2770 964 2804 Thessalos,
996 2775 1023 2798 et
1061 2768 1227 2803 Phocenses,
1263 2775 1290 2798 et
1324 2768 1485 2802 Locremes,

809 2823 944 2843 consensu
969 2813 1095 2841 muniam
1126 2813 1229 2841 scimus
1252 2812 1381 2850 partium
1407 2810 1487 2841 Phi-

812 2855 994 2896 lippifnisse.
