1947 3222
398 161 475 195 250
887 156 1063 194 -ΤΙΤΙ
1115 156 1289 194 LIVII

192 277 369 307 U.C.561.
399 281 423 306 a
443 265 515 306 tali
537 265 700 307 furore:
731 273 953 322 postquam
973 281 1235 322 perseverare
1251 265 1292 306 in
1308 265 1472 321 incepto
1493 264 1612 316 vidit,
1635 266 1802 308 tribuno

191 320 281 351 A·C·
300 320 370 350 ¹9¹·
397 321 431 345 ⁵⁵
444 336 540 363 cum
571 322 751 363 duorum
783 323 996 378 signorum
1026 322 1229 364 militibus
1257 321 1551 372 circummisso,
1572 321 1802 364 interclusit

398 378 453 419 ad
473 379 618 419 urbem
647 378 726 419 iter
752 379 935 428 armatis,
956 394 1214 434 vacuamque
1235 394 1324 419 eam
1345 379 1466 435 cepit.
1498 386 1604 428 tum,
1625 378 1802 420 clamore

399 435 452 476 ab
472 444 590 491 tergo
609 443 742 491 captae
766 435 882 476 urbis
902 435 1060 483 audito,
1082 435 1377 490 refugientium
1409 434 1596 490 undique
1616 450 1666 475 ex
1689 435 1801 476 silvis

399 491 688 533 insidiatorum
709 491 842 532 caedes
868 491 977 531 facta
999 499 1072 532 est.
1132 492 1175 531 A
1198 491 1451 532 Thaumacis
1471 491 1600 532 altero
1621 491 1687 531 die
1708 507 1803 532 con-

399 547 466 589 sul
485 549 538 589 ad
562 548 806 604 Sperchium
822 562 983 587 amnem
1003 547 1215 602 pervenit:
1247 548 1344 589 inde
1358 549 1666 604 Hypataeorum
1681 563 1803 604 agros

399 613 589 646 vastavit.

457 662 554 701 XV.
588 662 729 710 Quum
767 660 857 701 haec
896 661 1142 716 agebantur,
1180 661 1377 702 Chalcide
1416 670 1504 703 erat
1543 660 1800 702 Antiochus:

398 717 486 772 qui,
512 718 600 773 jam
635 725 726 757 tum
756 733 939 767 cernens,
960 717 1063 758 nihil
1098 733 1140 758 se
1172 733 1223 758 ex
1253 718 1429 768 Graecia,
1460 726 1613 774 praeter
1644 733 1806 758 amoena

400 773 599 815 Chalcide
633 773 808 815 hiberna
836 783 877 815 et
906 773 940 798 ⁵⁶
952 774 1126 815 infames
1155 774 1338 830 nuptias,
1369 774 1533 830 petisse,
1563 773 1804 815 AEtolorum

399 845 505 870 vana
542 830 743 886 promissa
781 831 970 872 incusare
1004 839 1045 872 et
1083 831 1343 872 Thoantem:
1378 831 1657 871 Hannibalem
1690 846 1804 881 vero,

398 902 480 927 non
502 895 549 927 ut
570 886 819 942 prudentem
839 895 1004 928 tantum
1023 887 1176 937 virum,
1198 888 1270 928 sed
1296 902 1426 943 prope
1445 896 1582 928 vatem
1603 886 1803 937 omnium,

397 959 494 999 quae
516 952 606 984 tum
631 945 857 995 evenirent,
879 944 1087 985 admirari.
1118 959 1170 984 ne
1199 951 1338 984 tamen
1368 952 1521 985 temere
1545 952 1696 999 coepta,
1718 959 1807 999 seg-

398 1000 502 1040 nitia
521 999 689 1056 insuper
709 1008 926 1052 everteret,
947 1001 1120 1042 nuncios
1150 1000 1191 1041 in
1214 1000 1410 1042 AEtoliam
1441 1000 1585 1048 mittit,
1608 1008 1671 1050 ut,
1693 999 1804 1040 omni

399 1065 610 1098 contracta
638 1058 878 1113 juventute,
914 1057 1189 1099 convenirent.
1250 1058 1348 1098 Jam
1384 1065 1425 1098 et
1460 1057 1547 1112 ipse
1581 1072 1629 1097 eo
1664 1056 1805 1096 decem

398 1113 528 1154 millia
552 1114 638 1154 fere
668 1114 857 1170 peditum
879 1130 930 1155 ex
951 1114 1015 1164 iis,
1038 1114 1111 1170 qui
1141 1122 1286 1170 postea
1305 1122 1502 1154 venerant
1524 1129 1574 1154 ex
1597 1113 1714 1163 Asia,
1737 1128 1807 1153 ex-

398 1170 525 1226 pleta,
547 1178 588 1211 et
623 1171 785 1226 equites
815 1171 1065 1227 quingentos
1095 1170 1229 1212 duxit.
1291 1171 1385 1220 Quo
1420 1185 1553 1225 quum
1588 1169 1804 1224 aliquanto

398 1227 627 1282 pauciores,
650 1243 776 1283 quam
807 1243 1008 1283 umquam
1039 1235 1174 1277 antea,
1200 1227 1498 1277 convenissent,
1527 1235 1570 1267 et
1601 1225 1807 1282 principes

399 1284 689 1324 tantummodo
710 1299 804 1325 cum
834 1285 978 1340 paucis
998 1284 1218 1325 clientibus
1239 1292 1387 1333 essent,
1409 1292 1478 1339 atq
1487 1299 1537 1324 ue
1557 1283 1585 1323 ii
1606 1283 1806 1332 dicerent,

399 1340 537 1381 onmia
567 1341 711 1382 sedulo
738 1342 791 1382 ab
819 1357 860 1382 se
890 1341 1014 1391 facta,
1036 1349 1084 1382 ut
1105 1356 1231 1396 quam
1262 1340 1463 1395 plurimos
1490 1356 1540 1381 ex
1568 1339 1808 1380 civitatibus

401 1397 485 1437 suis
515 1407 758 1445 evocarent3
796 1413 870 1438 nec
898 1397 1206 1447 ⁵⁷auctoritate,
1237 1413 1311 1437 nec
1345 1396 1494 1451 gratia,
1526 1412 1600 1436 nec
1633 1395 1808 1450 imperio

188 1459 361 1508 Antiochus
399 1453 598 1495 adversus
622 1454 900 1496 detrectantes
929 1454 1116 1496 militiam
1138 1454 1340 1501 valuisse,
1374 1453 1602 1494 destitutus
1622 1451 1809 1507 undique

187 1505 344 1578 {ntraTsfil-
399 1518 440 1551 et
464 1511 517 1551 ab
546 1511 643 1560 suis,
666 1512 741 1567 qui
770 1512 1040 1552 morabantur
1067 1510 1108 1551 in
1130 1511 1248 1561 Asia,
1270 1519 1310 1551 et
1341 1510 1393 1550 ab
1424 1509 1556 1559 sociis,
1577 1509 1651 1564 qui
1682 1524 1743 1559 ea,
1765 1508 1808 1548 in

186 1557 380 1631 ssssylaffin
400 1582 580 1622 quorum
621 1583 735 1624 spem
775 1576 1036 1617 vocaverant,
1073 1582 1155 1607 non
1194 1567 1464 1623 praestabant,
1504 1567 1616 1607 intra
1655 1564 1807 1606 saltum

186 1633 388 1666 castralocat.
402 1624 782 1681 Thermopylarum
819 1640 905 1666 sese
938 1624 1105 1680 recepit.
1169 1625 1223 1665 Id
1252 1625 1421 1680 jugum,
1453 1622 1559 1664 sicut
1594 1622 1808 1678 Apennini

400 1681 523 1722 dorso
559 1682 685 1723 Italia
713 1681 932 1728 dividitur,
963 1681 1022 1722 ita
1056 1680 1234 1721 mediam
1266 1680 1472 1721 Graeciam
1507 1679 1676 1720 dirimit.
1714 1686 1810 1719 ante

186 1741 361 1785 Descriptio
401 1738 552 1778 saltum
583 1738 964 1794 Thermopylarum
998 1738 1041 1778 in
1072 1737 1392 1792 septentrionem
1422 1751 1541 1777 versa
1570 1735 1744 1791 Epirus,
1766 1743 1808 1776 et

184 1783 330 1818 ¹⁰⁶⁰¹¹¹¹¹³⁸
400 1796 656 1846 Perrhaebia,
697 1803 737 1835 et
780 1795 1012 1850 Magnesia,
1054 1802 1095 1834 et
1137 1793 1355 1834 Thessalia
1397 1800 1473 1843 cst,
1515 1801 1555 1834 et
1597 1792 1810 1833 Phthiotae

399 1851 563 1901 Achaei,
595 1860 636 1893 et
672 1852 786 1893 sinus
818 1851 1035 1892 Maliacus.
1077 1850 1187 1891 intra
1220 1850 1360 1890 fauces
1389 1849 1443 1889 ad
1477 1848 1691 1890 meridiem
1720 1863 1812 1888 ver-

398 1918 505 1962 gunt
544 1908 714 1949 AEtoliae
748 1923 844 1964 pars
878 1909 1024 1962 major,
1061 1915 1100 1948 et
1140 1907 1388 1955 Acarnania,
1423 1914 1464 1947 et
1499 1921 1594 1946 cum
1631 1904 1810 1945 Locride

400 1965 566 2015 Phocis,
583 1973 624 2006 et
646 1966 810 2006 Boeotia
830 1965 1112 2020 adjunctaque
1134 1963 1268 2004 insula
1289 1964 1469 2012 Euboea,
1487 1971 1542 2012 et,
1564 1970 1809 2003 excurrente

398 2021 440 2061 in
461 2022 608 2073 altum,
632 2022 746 2063 velut
775 2021 1072 2077 promontorio,
1096 2020 1241 2062 Attica
1265 2029 1390 2069 terra,
1413 2020 1492 2059 sita
1511 2019 1563 2059 ab
1585 2027 1703 2073 tergo
1723 2016 1757 2041 ⁵⁸
1769 2026 1810 2059 et

400 2078 721 2134 Peloponnesus.
784 2079 879 2118 Hoc
907 2079 1077 2133 jugum,
1110 2077 1162 2117 ab
1194 2077 1377 2117 Leucate
1407 2084 1447 2116 et
1484 2075 1587 2116 mari
1618 2075 1671 2116 ad
1706 2075 1811 2115 occi-

398 2134 564 2176 dentem
589 2151 705 2176 verso
735 2151 809 2192 per
833 2135 1035 2176 AEtoliam
1064 2134 1118 2174 ad
1147 2134 1324 2174 alterum
1356 2147 1467 2173 mare
1497 2131 1644 2172 orienti
1675 2132 1810 2186 objec-

400 2200 489 2232 tum
512 2192 700 2241 tendens,
723 2208 770 2232 ea
799 2199 964 2248 aspreta
993 2206 1202 2247 rupesque
1231 2190 1468 2245 interjectas
1498 2189 1638 2237 habet,
1660 2196 1708 2228 ut
1729 2202 1811 2227 non

398 2248 522 2288 modo
557 2250 778 2299 exercituS,
815 2249 886 2289 sed
921 2263 973 2288 ne
1007 2248 1192 2304 expediti
1229 2246 1397 2303 quidem
1438 2245 1557 2286 facile
1592 2244 1723 2285 ullase
1756 2243 1809 2284 ad

400 2306 621 2347 transitum
652 2305 774 2346 calles
803 2305 1029 2346 inveniant.
1091 2306 1315 2345 Extremos
1341 2303 1394 2344 ad
1424 2302 1621 2343 orientem
1651 2308 1812 2341 montes

401 2363 548 2403 O'etam
568 2371 729 2411 vocant,
743 2377 924 2417 quorum
945 2361 1059 2417 quod
1082 2360 1326 2401 altissimum
1343 2368 1419 2407 est,
1436 2357 1716 2399 Callidromon
1738 2357 1810 2398 ad—

399 2418 605 2473 pellatur:
630 2419 671 2459 in
693 2419 812 2474 cujus
833 2418 939 2459 valle
960 2418 1013 2458 ad
1036 2418 1263 2458 Maliacum
1287 2416 1420 2457 sinum
1434 2423 1629 2469 vergente
1650 2414 1727 2455 iter
1748 2422 1810 2455 est

399 2489 480 2515 non
511 2476 650 2523 latius,
673 2491 798 2531 quam
828 2476 1042 2530 sexaginta
1072 2489 1228 2530 passus.
1292 2474 1397 2513 Haec
1422 2487 1505 2512 una
1533 2470 1722 2511 militaris
1743 2471 1812 2511 via

398 2539 475 2582 cst,
497 2547 582 2588 qua
602 2532 764 2574 traduci
787 2531 1006 2581 exercitus,
1030 2532 1062 2572 si
1084 2546 1164 2571 non
1186 2529 1499 2586 prohibeantur,
1521 2527 1692 2584 possint.
1715 2527 1809 2569 idco

939 2612 954 2629 Ε
970 2611 1044 2640 ullos
1061 2611 1157 2641 Gron.
1176 2609 1268 2639 Crev-

441 2689 510 2718 55·
521 2685 595 2715 Cum
611 2686 733 2714 duorum
758 2686 905 2723 sigum-um
927 2683 1082 2723 militibus]
1128 2683 1170 2711 rio
1186 2681 1247 2711 vid.
1261 2680 1382 2710 not.49.
1399 2678 1438 2709 ad
1454 2680 1480 2708 Ῑ.
1495 2681 1523 2709 7.
1548 2679 1655 2709 Gratia
1673 2689 1691 2709 a
1706 2677 1810 2708 volen-

401 2730 474 2761 vid.
491 2734 554 2759 not.
566 2729 595 2758 2.
610 2727 648 2757 ad
662 2727 770 2758 xxx}
783 2727 824 2756 ΙΙ.
844 2727 871 2756 l.
1127 2724 1209 2754 tibus
1231 2722 1423 2753 eblanditur:
1456 2725 1615 2752 auctoritas
1640 2720 1736 2762 injicit
1759 2731 1809 2750 ve-

443 2771 652 2811 56'Irgf'umes
667 2770 798 2809 nuptias]
826 2767 960 2809 Nuptias
976 2778 1082 2809 parum
1127 2766 1306 2813 recundiam
1349 2764 1527 2795 recusandic
1568 2766 1720 2805 imperium
1758 2773 1807 2793 co-

399 2815 524 2846 decoras
537 2819 622 2844 tanto
638 2813 712 2853 regi.
1126 2816 1180 2849 gn.

443 2858 704 2887 57¹·:1ucwrimw
727 2878 735 2885 .
755 2878 763 2885 .
788 2877 797 2884 .
817 2855 917 2893 gratia
940 2875 947 2882 .
967 2875 975 2883 .
996 2876 1003 2882 .
1028 2854 1080 2881 im-
1169 2852 1235 2882 58·
1251 2851 1287 2880 lz'!
1327 2850 1548 2891 l‘rlvpsmnesns]
1590 2849 1669 2880 Dele
1705 2857 1808 2890 super-

398 2902 492 2941 perio]
518 2900 567 2930 De
591 2899 717 2930 vocibus
744 2899 917 2928 auctoritate
939 2903 968 2927 ct
995 2897 1081 2934 impt—
1129 2894 1221 2925 lluam
1238 2893 1377 2924 voculam
1393 2899 1430 2923 (r.
