1947 3222
352 116 427 155 436
880 110 1024 150 T1T1
1063 111 1226 149 L1V11

147 236 236 268 uc.
254 236 327 267 568.
358 241 463 282 que:
497 223 699 278 quoniam,
716 222 906 275 praetoris
926 220 1170 275 subrogandi
1190 219 1351 260 comitia
1373 232 1422 258 ne
1441 217 1595 272 legibus
1604 218 1768 271 fierent,

148 278 190 311 Α·
205 279 242 310 C.
257 279 326 309 184.
356 283 588 337 pertinacia
612 281 661 329 Q.
683 280 824 321 Flacci
843 285 880 319 et
904 292 1039 331 prava
1060 278 1196 318 studia
1224 277 1424 317 hominum
1447 276 1691 328 inpedirent,
1710 289 1770 315 se-

361 346 497 381 natum
517 351 686 389 censere,
708 338 807 378 satis
821 341 1041 388 praetorum
1062 348 1162 375 esse.-
1198 335 1248 374 P.
1268 334 1479 376 Cornelius
1498 338 1707 386 utramque
1727 333 1772 372 in

362 397 458 439 urbe
462 395 783 450 jurisdictionem
803 392 978 441 haberet,
999 390 1301 444 ⁴⁸Apollinique
1319 391 1433 431 ludos
1446 390 1625 443 faceret.

153 466 332 496 Contentio—
422 453 522 495 XL.
554 451 636 493 His
671 449 846 492 comitiis
875 447 1100 504 prudentia
1128 455 1170 488 et
1199 447 1356 488 virtute
1386 455 1552 488 senatus
1582 445 1773 495 sublatis,

152 519 206 539 ”es
220 509 258 538 ‘³⁶³
273 519 344 540 ⁰⁶¹¹·
364 510 444 553 alia
463 509 630 566 majoris
650 505 899 555 certaminis,
921 519 1013 560 qm
1027 511 1068 545 et
1096 504 1252 560 majore
1272 503 1324 544 de
1350 519 1410 554 re,
1431 512 1472 545 et
1497 503 1604 544 inter
1632 502 1775 558 plures

153 562 231 582 ⁵⁰¹³·
365 567 702 625 potentioresque
731 563 856 612 viros,
886 569 983 603 sunt
1012 568 1169 602 exorta.
1232 561 1460 601 Censuram
1491 574 1653 601 summa
1680 574 1775 600 con-

366 623 548 666 tentione
583 619 782 676 petebant
812 618 864 659 L.
888 616 1077 659 Valerius
1108 617 1299 666 Flaccus,
1328 617 1376 657 P.
1399 624 1441 657 et
1471 617 1524 657 I..
1549 615 1775 672 Scipiones,

368 679 444 722 Cn.
468 677 655 720 Manlius
685 675 831 726 Vulso,
863 674 914 716 L.
939 673 1095 715 Furius
1132 675 1368 729 PurpureO,
1399 673 1587 729 patricii:
1624 671 1777 729 plebeii

366 746 522 787 autem,
555 735 617 775 M.
646 733 821 774 Porcius
853 733 974 780 Cato,
1006 731 1071 771 M.
1101 730 1281 772 Fulvius
1310 729 1517 779 Nobilior,
1549 729 1620 769 Ti.
1647 738 1690 771 et
1712 729 1777 769 M.

369 791 617 849 Sempronii,
640 790 816 845 Longus
845 796 885 830 et
913 787 1168 829 Tuditanus.
1201 786 1272 828 sed
1302 801 1443 827 omnes
1471 784 1666 842 patricios
1694 785 1781 841 ple-

158 857 205 888 M.
223 859 320 888 Porcii
368 850 566 904 beiosque
600 846 949 888 nobilissimarum
981 844 1234 886 familiarum
1265 844 1328 885 M.
1353 842 1528 884 Porcius
1559 841 1682 898 longe
1711 857 1782 883 an-

158 901 286 973 IC³¹⁰¹¹i⁸
356 906 511 953 *teiban
573 905 625 945 In
659 903 739 945 hoc
773 902 862 944 viro
898 910 1014 943 tanta
1048 901 1112 942 vis
1146 900 1274 942 animi
1307 899 1548 956 ingeniique
1581 899 1680 949 fuit,
1717 906 1782 947 ut,

171 944 273 974 audes.
369 976 637 1019 quocumque
671 959 762 1001 loco
797 967 921 1000 natus
956 967 1077 1008 esset,
1107 957 1321 1010 fortunam
1356 956 1433 998 sibi
1473 956 1560 1012 ipse
1594 956 1785 997 facturus

340 1015 344 1021 ’
370 1020 496 1062 fuisse
516 1018 741 1059 videretur.
802 1015 932 1057 Nulla
958 1031 1039 1065 ars,
1061 1029 1197 1071 neque
1225 1014 1416 1070 privatae,
1436 1028 1574 1068 neque
1602 1012 1784 1068 publicae

371 1076 429 1118 rei
449 1074 658 1132 gerendae,
679 1073 716 1114 ei
737 1072 885 1114 defuit.
945 1072 1141 1113 Urbanas
1161 1071 1421 1126 rusticasque
1440 1085 1506 1110 res
1526 1070 1684 1126 pariter
1703 1068 1786 1111 cal-

372 1133 495 1175 lebat.
556 1131 630 1172 Ad
660 1144 843 1171 summos
876 1129 1052 1169 honores
1085 1127 1186 1168 alios
1218 1127 1387 1169 scientia
1415 1126 1538 1183 juris,
1567 1126 1669 1167 alios
1702 1126 1785 1167 elo-

373 1188 559 1246 quentia,
582 1187 682 1229 alios
711 1185 844 1242 gloria
872 1184 1063 1226 militaris
1092 1183 1296 1240 provexit.
1328 1183 1426 1225 huic
1451 1183 1643 1225 versatile
1670 1183 1787 1240 inge-

374 1246 488 1288 nium
510 1245 567 1286 sic
597 1243 753 1300 pariter
772 1241 826 1283 ad
846 1241 985 1285 omnia
1003 1241 1101 1291 fuit,
1123 1249 1172 1282 ut
1201 1249 1346 1282 natum
1367 1240 1420 1281 ad
1450 1239 1495 1280 id
1525 1255 1654 1281 unum
1677 1239 1786 1281 dice-

374 1319 452 1353 res,
475 1301 772 1358 quodcumque
798 1307 951 1355 ageret.
1015 1298 1067 1339 In
1097 1297 1207 1339 bello
1235 1312 1362 1338 manu
1392 1296 1658 1346 fortissimus,
1678 1296 1786 1337 mul-

375 1360 513 1415 tisque
533 1357 767 1413 insignibus
786 1355 923 1397 clarus
942 1354 1108 1411 pugnis.
1140 1353 1266 1404 idem,
1288 1362 1510 1410 postquam
1532 1352 1586 1394 ad
1614 1368 1787 1409 magnos

374 1416 550 1457 honores
579 1412 783 1470 pervenit,
809 1427 996 1454 summus
1025 1410 1274 1467 imperator:
1306 1410 1414 1451 idem
1445 1410 1489 1451 in
1517 1424 1634 1466 pace,
1656 1409 1689 1450 si
1713 1411 1788 1470 jus

376 1471 624 1521 consuleres,
659 1469 958 1526 peritissimus;
1001 1467 1034 1509 si
1070 1482 1215 1509 caussa
1247 1467 1405 1509 oranda
1437 1475 1559 1517 esset,
1591 1466 1790 1522 eloquen-

377 1528 571 1572 tissimus.
603 1542 677 1568 nec
707 1526 741 1567 is
770 1534 951 1576 tantum,
972 1525 1094 1578 cuius
1123 1524 1268 1580 lingua
1287 1525 1384 1565 vivo
1412 1540 1461 1565 eo
1481 1523 1680 1579 viguerit,
1702 1538 1788 1564 mo-

375 1593 622 1626 numentum
658 1582 907 1639 eloquentiae
946 1571 1109 1623 nullum
1149 1589 1308 1622 exstet:
1350 1581 1454 1622 vivit
1495 1580 1622 1621 immo
1656 1579 1790 1636 viget-

377 1657 461 1698 que
495 1639 732 1697 eloquentia
760 1640 864 1695 ejus,
896 1647 1056 1680 sacrata
1089 1637 1252 1694 scriptis
1286 1638 1420 1679 omnis
1453 1637 1626 1693 generis.
1687 1637 1791 1678 Ora-

379 1699 510 1740 tiones
539 1706 580 1740 et
614 1712 692 1754 pro
722 1710 764 1737 se
793 1695 953 1746 multae,
976 1704 1018 1736 et
1051 1710 1129 1752 pro
1159 1694 1262 1744 aliis,
1284 1703 1326 1736 et
1360 1693 1403 1735 in
1431 1694 1544 1735 alios.
1574 1708 1671 1734 nam
1705 1707 1790 1734 non

379 1755 513 1797 solum
543 1752 789 1804 accusando,
811 1752 884 1794 sed
912 1752 1038 1793 etiam
1065 1766 1251 1792 caussam
1281 1750 1470 1800 dicendo,
1491 1749 1685 1806 fatigavit
1714 1749 1790 1790 ini-

379 1811 519 1852 micos.
578 1809 860 1851 ”Simultates
894 1807 1021 1849 nimio
1057 1807 1197 1864 plures
1226 1816 1268 1849 et
1302 1814 1578 1848 exercuerunt
1608 1820 1719 1856 eum,
1748 1813 1789 1847 et

381 1867 467 1924 ipse
503 1865 688 1909 exercuit
722 1881 801 1907 eas.
832 1880 906 1906 nec
940 1863 1060 1906 facile
1095 1863 1264 1914 dixeris,
1290 1872 1433 1905 utrum
1469 1863 1602 1918 magis
1635 1876 1792 1918 presse-

382 1924 434 1965 rit
472 1939 566 1965 eum
603 1922 809 1972 nobilitas,
845 1937 896 1964 an
937 1921 1007 1962 ille
1041 1920 1261 1977 agitaverit
1295 1919 1567 1962 nobilitatem.
1640 1919 1790 1983 Asper-i

382 1980 528 2037 procul
563 1979 695 2021 dubio
729 1979 870 2029 animi,
902 1987 941 2020 et
983 1978 1139 2033 linguae
1173 1977 1346 2028 acerbae,
1378 1985 1419 2018 et
1454 1976 1658 2018 inmodice
1693 1976 1793 2017 hbe-

383 2053 440 2078 rae
475 2038 581 2079 fuit:
620 2035 691 2077 sed
726 2035 870 2079 invicti
905 2050 931 2077 a
961 2034 1264 2091 cupiditatibus
1298 2033 1440 2084 animi,
1475 2042 1516 2075 et
1551 2033 1699 2089 rigidae
1733 2033 1794 2073 in-

385 2094 614 2140 nocentiae3
656 2101 887 2135 contemtor
920 2092 1082 2148 gratiae,
1117 2090 1373 2133 divitiarum.
1435 2091 1486 2131 In
1526 2090 1792 2146 parsimonia,

384 2151 426 2191 in
463 2151 665 2206 patientia
694 2150 860 2199 laboris,
891 2148 1100 2205 periculi¹¹‚
1123 2147 1244 2189 ferrei
1279 2163 1410 2204 prope
1439 2147 1622 2203 corporis
1651 2145 1794 2187 animi-

385 2222 493 2261 que;
526 2221 650 2262 quem
681 2220 731 2247 ne
754 2214 943 2248 senectus
964 2205 1150 2261 quidem,
1171 2219 1269 2260 quae
1293 2204 1414 2245 solvit
1435 2203 1586 2250 omnia,
1608 2202 1792 2258 fregerit.

385 2262 420 2286 ⁵⁰
432 2263 514 2314 Qui
561 2271 724 2305 sextum
771 2271 812 2304 ct
858 2262 1156 2318 octogesimum
1204 2276 1358 2302 annum
1399 2275 1524 2315 agens
1562 2259 1594 2283 ⁵¹
1608 2273 1793 2300 caussam

881 2345 895 2368 h
909 2345 1089 2386 periculique
1103 2344 1200 2376 Gron.
1216 2344 1309 2375 Crev.

431 2428 471 2457 48
496 2426 678 2466 Apollinique
704 2426 784 2455 ludos
801 2425 934 2468 ficeret]
969 2424 1072 2455 Ludos
1115 2423 1215 2456 sactus
1238 2429 1295 2456 est.
1342 2422 1434 2455 Unde
1459 2432 1553 2463 quum
1580 2426 1697 2453 constet
1725 2432 1797 2452 eum

391 2468 587 2510 Apollinares
621 2473 731 2509 praetor
762 2469 897 2499 urbanus
929 2468 1071 2499 faciebat.
1115 2473 1267 2498 mortuum
1296 2466 1388 2496 fuisse
1419 2465 1454 2496 L.
1467 2464 1587 2495 Marcio
1617 2463 1796 2499 censorino,

391 2511 464 2543 Vid.
480 2521 569 2551 supra
585 2510 605 2540 1.
624 2511 768 2542 XXVII.
783 2521 810 2541 c.
825 2512 878 2541 23.
1116 2510 1176 2540 Μ’.
1200 2508 1332 2540 Manilio
1362 2510 1446 2538 Coss.
1484 2516 1565 2538 anno
1592 2510 1689 2549 primo
1716 2507 1796 2538 tertii

433 2556 473 2585 49
496 2555 663 2584 Simultates
684 2555 773 2583 nimio
793 2553 905 2593 ptiar-cs]
936 2552 1070 2588 Inimici,
1116 2552 1224 2583 Punici
1257 2551 1342 2586 belli,
1370 2555 1548 2590 sequeretur
1583 2560 1653 2581 eum
1687 2549 1800 2582 vixisse

391 2607 467 2638 quos
510 2596 676 2638 permultos
715 2594 835 2631 habuit,
871 2601 1072 2626 exercuerunt
1116 2605 1211 2626 annos
1245 2600 1364 2624 tanturn
1395 2592 1531 2633 quinque
1565 2599 1595 2624 et
1630 2592 1796 2633 octoginta.

391 2645 517 2675 eum,et
547 2638 611 2681 ipse
639 2648 691 2668 eos
712 2637 846 2669 vicissim
875 2638 1010 2668 exercuit
1036 2648 1071 2668 ac
1115 2637 1174 2668 Sed
1209 2635 1350 2667 nimirum
1384 2635 1490 2665 Livius
1523 2635 1591 2666 aliis
1620 2635 1797 2666 auctoribus

392 2681 542 2721 fatigavit.
1116 2690 1187 2711 usus
1203 2683 1259 2710 est.
1305 2679 1386 2709 Nam
1405 2683 1436 2709 et
1458 2677 1489 2708 in
1512 2678 1550 2708 iis
1562 2688 1633 2719 qum
1655 2687 1724 2708 mox
1747 2687 1795 2708 se·

435 2726 476 2756 50
500 2725 560 2759 Qui
592 2730 698 2755 sextum
736 2729 762 2753 et
792 2724 991 2761 octogesimum
1019 2734 1071 2753 an-
1116 2728 1261 2761 quuntur,
1286 2731 1355 2751 euni
1387 2731 1501 2751 annum
1528 2731 1589 2761 quo
1614 2720 1694 2751 Cato
1724 2721 1794 2751 Ser-

393 2779 462 2798 uum
485 2767 588 2808 agens]
616 2767 663 2797 Ex
687 2765 754 2797 Cic.
776 2765 806 2796 in
831 2765 917 2796 Dial.
939 2765 978 2801 de
1000 2766 1072 2795 Seu.
1117 2764 1198 2795 vium
1229 2763 1362 2796 Galbam
1393 2762 1560 2799 accusavit,
1591 2763 1644 2804 qui
1670 2762 1796 2793 ultimus

396 2821 422 2838 n.
445 2811 490 2840 10.
515 2813 593 2841 cato
614 2815 703 2839 natus
717 2814 779 2839 erat
797 2818 877 2838 anno
893 2815 1071 2849 antequam
1116 2807 1182 2847 ejus
1211 2807 1278 2837 vita*
1305 2807 1372 2842 suit,
1400 2806 1630 2847 nonagesimum
1656 2810 1796 2836 numerat

395 2852 436 2888 Q.
463 2852 573 2883 Fabius
612 2851 768 2881 Maximus
803 2851 906 2881 consul
941 2850 1069 2892 primurn
1119 2849 1231 2881 Livius.
1274 2849 1352 2880 'roto
1387 2859 1458 2887 erno
1491 2847 1698 2889 quinquennio
1732 2846 1793 2878 dis-
