<?xml version="1.0" encoding="UTF-8"?>
<!DOCTYPE html PUBLIC "-//W3C//DTD XHTML 1.0 Transitional//EN"
    "http://www.w3.org/TR/xhtml1/DTD/xhtml1-transitional.dtd">
<html xmlns="http://www.w3.org/1999/xhtml" xml:lang="en" lang="en">
 <head>
  <title>
</title>
<meta http-equiv="Content-Type" content="text/html;charset=utf-8" />
  <meta name='ocr-system' content='tesseract 3.04.00' />
  <meta name='ocr-capabilities' content='ocr_page ocr_carea ocr_par ocr_line ocrx_word'/>
</head>
<body>
  <div class='ocr_page' id='page_1' title='image "./historiarumaburb03livyuoft_0249.png"; bbox 0 0 1947 3222; ppageno 0'>
   <div class='ocr_carea' id='block_1_1' title="bbox 0 0 33 956">
    <p class='ocr_par' dir='ltr' id='par_1_1' title="bbox 0 0 33 956">
     <span class='ocr_line' id='line_1_1' title="bbox 0 0 33 956; baseline 0 0"><span class='ocrx_word' id='word_1_1' title='bbox 0 0 33 956; x_wconf 95' lang='lat' dir='ltr'><em> </em></span> 
     </span>
    </p>
   </div>
   <div class='ocr_carea' id='block_1_2' title="bbox 155 117 1790 1822">
    <p class='ocr_par' dir='ltr' id='par_1_2' title="bbox 155 117 1762 913">
     <span class='ocr_line' id='line_1_2' title="bbox 550 117 1568 167; baseline -0.003 -10"><span class='ocrx_word' id='word_1_2' title='bbox 550 119 616 157; x_wconf 94' lang='lat' dir='ltr'><em>LI</em></span> <span class='ocrx_word' id='word_1_3' title='bbox 632 119 683 163; x_wconf 63' lang='lat' dir='ltr'><em>B.&gt;</em></span> <span class='ocrx_word' id='word_1_4' title='bbox 702 117 896 156; x_wconf 82' lang='lat' dir='ltr'>XXXVI.</span> <span class='ocrx_word' id='word_1_5' title='bbox 935 117 1064 155; x_wconf 90' lang='lat' dir='ltr'><em>CAP.</em></span> <span class='ocrx_word' id='word_1_6' title='bbox 1095 119 1162 155; x_wconf 85' lang='lat' dir='ltr'><em>IV.</em></span> <span class='ocrx_word' id='word_1_7' title='bbox 1491 125 1568 167; x_wconf 75' lang='lat'><em>239</em></span> 
     </span>
     <span class='ocr_line' id='line_1_3' title="bbox 157 227 1761 281; baseline -0.002 -12"><span class='ocrx_word' id='word_1_8' title='bbox 157 228 227 269; x_wconf 80' lang='lat' dir='ltr'><em>bus</em></span> <span class='ocrx_word' id='word_1_9' title='bbox 248 243 323 277; x_wconf 87' lang='lat' dir='ltr'><em>res,</em></span> <span class='ocrx_word' id='word_1_10' title='bbox 346 243 416 269; x_wconf 77' lang='lat' dir='ltr'><em>nec</em></span> <span class='ocrx_word' id='word_1_11' title='bbox 435 229 566 278; x_wconf 82' lang='lat' dir='ltr'><em>reddi,</em></span> <span class='ocrx_word' id='word_1_12' title='bbox 584 242 655 268; x_wconf 85' lang='lat' dir='ltr'><em>nec</em></span> <span class='ocrx_word' id='word_1_13' title='bbox 673 227 865 281; x_wconf 81' lang='lat' dir='ltr'><em>satisfieri</em></span> <span class='ocrx_word' id='word_1_14' title='bbox 883 239 1036 280; x_wconf 81' lang='lat' dir='ltr'><em>aequum</em></span> <span class='ocrx_word' id='word_1_15' title='bbox 1057 228 1308 268; x_wconf 81' lang='lat' dir='ltr'><em>censuissent.</em></span> <span class='ocrx_word' id='word_1_16' title='bbox 1370 228 1571 272; x_wconf 69' lang='lat' dir='ltr'><em>¹³AEolos</em></span> <span class='ocrx_word' id='word_1_17' title='bbox 1584 239 1622 271; x_wconf 85' lang='lat' dir='ltr'><em>U.</em></span> <span class='ocrx_word' id='word_1_18' title='bbox 1634 240 1672 270; x_wconf 86' lang='lat' dir='ltr'><em>C.</em></span> <span class='ocrx_word' id='word_1_19' title='bbox 1687 240 1761 270; x_wconf 80' lang='lat'><em>561.</em></span> 
     </span>
     <span class='ocr_line' id='line_1_4' title="bbox 159 282 1762 338; baseline 0.002 -12"><span class='ocrx_word' id='word_1_20' title='bbox 159 287 266 326; x_wconf 80' lang='lat' dir='ltr'><em>ultro</em></span> <span class='ocrx_word' id='word_1_21' title='bbox 281 286 360 327; x_wconf 80' lang='lat' dir='ltr'><em>sibi</em></span> <span class='ocrx_word' id='word_1_22' title='bbox 371 286 510 326; x_wconf 77' lang='lat' dir='ltr'><em>bellum</em></span> <span class='ocrx_word' id='word_1_23' title='bbox 528 285 734 330; x_wconf 67' lang='lat' dir='ltr'><em>indixisse,</em></span> <span class='ocrx_word' id='word_1_24' title='bbox 750 298 866 338; x_wconf 80' lang='lat' dir='ltr'><em>quum</em></span> <span class='ocrx_word' id='word_1_25' title='bbox 885 284 1200 332; x_wconf 72' lang='lat' dir='ltr'><em>Demetriadem,</em></span> <span class='ocrx_word' id='word_1_26' title='bbox 1215 285 1406 326; x_wconf 85' lang='lat' dir='ltr'><em>sociorum</em></span> <span class='ocrx_word' id='word_1_27' title='bbox 1423 288 1569 335; x_wconf 76' lang='lat' dir='ltr'><em>urbem,</em></span> <span class='ocrx_word' id='word_1_28' title='bbox 1585 282 1626 313; x_wconf 87' lang='lat' dir='ltr'><em>A.</em></span> <span class='ocrx_word' id='word_1_29' title='bbox 1637 283 1672 314; x_wconf 91' lang='lat' dir='ltr'><em>C.</em></span> <span class='ocrx_word' id='word_1_30' title='bbox 1693 282 1762 313; x_wconf 83' lang='lat'><em>191.</em></span> 
     </span>
     <span class='ocr_line' id='line_1_5' title="bbox 155 342 1572 397; baseline 0.005 -17"><span class='ocrx_word' id='word_1_31' title='bbox 155 357 234 396; x_wconf 80' lang='lat' dir='ltr'><em>per</em></span> <span class='ocrx_word' id='word_1_32' title='bbox 260 345 338 384; x_wconf 85' lang='lat' dir='ltr'><em>vim</em></span> <span class='ocrx_word' id='word_1_33' title='bbox 371 349 622 395; x_wconf 77' lang='lat' dir='ltr'><em>occupassent</em></span> <span class='ocrx_word' id='word_1_34' title='bbox 629 357 644 389; x_wconf 77' lang='lat'><em>‚-</em></span> <span class='ocrx_word' id='word_1_35' title='bbox 689 342 919 383; x_wconf 77' lang='lat' dir='ltr'><em>Chalcidem</em></span> <span class='ocrx_word' id='word_1_36' title='bbox 952 347 1063 381; x_wconf 86' lang='lat' dir='ltr'><em>terra</em></span> <span class='ocrx_word' id='word_1_37' title='bbox 1094 344 1276 394; x_wconf 78' lang='lat' dir='ltr'><em>morique</em></span> <span class='ocrx_word' id='word_1_38' title='bbox 1305 342 1572 397; x_wconf 78' lang='lat' dir='ltr'><em>obpugnatum</em></span> 
     </span>
     <span class='ocr_line' id='line_1_6' title="bbox 161 398 1573 454; baseline 0.001 -13"><span class='ocrx_word' id='word_1_39' title='bbox 161 402 304 448; x_wconf 87' lang='lat' dir='ltr'><em>issent,·</em></span> <span class='ocrx_word' id='word_1_40' title='bbox 336 414 463 454; x_wconf 85' lang='lat' dir='ltr'><em>regem</em></span> <span class='ocrx_word' id='word_1_41' title='bbox 487 400 723 440; x_wconf 77' lang='lat' dir='ltr'><em>Antiochum</em></span> <span class='ocrx_word' id='word_1_42' title='bbox 747 400 789 439; x_wconf 84' lang='lat' dir='ltr'><em>in</em></span> <span class='ocrx_word' id='word_1_43' title='bbox 816 400 1027 451; x_wconf 83' lang='lat' dir='ltr'><em>Europam</em></span> <span class='ocrx_word' id='word_1_44' title='bbox 1057 400 1114 438; x_wconf 85' lang='lat' dir='ltr'><em>ad</em></span> <span class='ocrx_word' id='word_1_45' title='bbox 1142 398 1282 438; x_wconf 77' lang='lat' dir='ltr'><em>bellum</em></span> <span class='ocrx_word' id='word_1_46' title='bbox 1307 402 1458 452; x_wconf 78' lang='lat' dir='ltr'><em>populo</em></span> <span class='ocrx_word' id='word_1_47' title='bbox 1486 403 1573 443; x_wconf 82' lang='lat' dir='ltr'><em>Ro-</em></span> 
     </span>
     <span class='ocr_line' id='line_1_7' title="bbox 160 455 1574 515; baseline 0 -17"><span class='ocrx_word' id='word_1_48' title='bbox 160 471 280 498; x_wconf 84' lang='lat' dir='ltr'><em>mano</em></span> <span class='ocrx_word' id='word_1_49' title='bbox 310 458 560 509; x_wconf 64' lang='lat' dir='ltr'><em>inferendum</em></span> <span class='ocrx_word' id='word_1_50' title='bbox 591 457 878 497; x_wconf 69' lang='lat' dir='ltr'><em>traduxissent.</em></span> <span class='ocrx_word' id='word_1_51' title='bbox 941 455 1146 497; x_wconf 90' lang='lat' dir='ltr'><em>Omnibus</em></span> <span class='ocrx_word' id='word_1_52' title='bbox 1161 455 1252 511; x_wconf 84' lang='lat' dir='ltr'><em>jam</em></span> <span class='ocrx_word' id='word_1_53' title='bbox 1283 455 1381 497; x_wconf 85' lang='lat' dir='ltr'><em>satis</em></span> <span class='ocrx_word' id='word_1_54' title='bbox 1411 473 1574 515; x_wconf 85' lang='lat' dir='ltr'><em>compa-</em></span> 
     </span>
     <span class='ocr_line' id='line_1_8' title="bbox 163 512 1574 567; baseline 0.001 -12"><span class='ocrx_word' id='word_1_55' title='bbox 163 515 276 564; x_wconf 88' lang='lat' dir='ltr'><em>ratis,</em></span> <span class='ocrx_word' id='word_1_56' title='bbox 299 513 378 555; x_wconf 93' lang='lat' dir='ltr'><em>M&#39;.</em></span> <span class='ocrx_word' id='word_1_57' title='bbox 397 513 562 554; x_wconf 88' lang='lat' dir='ltr'><em>Acilius</em></span> <span class='ocrx_word' id='word_1_58' title='bbox 583 512 728 554; x_wconf 88' lang='lat' dir='ltr'><em>consul</em></span> <span class='ocrx_word' id='word_1_59' title='bbox 749 513 905 554; x_wconf 82' lang='lat' dir='ltr'><em>edixit:</em></span> <span class='ocrx_word' id='word_1_60' title='bbox 947 512 1014 562; x_wconf 83' lang='lat' dir='ltr'><em>Ut,</em></span> <span class='ocrx_word' id='word_1_61' title='bbox 1037 527 1132 567; x_wconf 83' lang='lat' dir='ltr'><em>quos</em></span> <span class='ocrx_word' id='word_1_62' title='bbox 1152 513 1204 553; x_wconf 92' lang='lat' dir='ltr'><em>L.</em></span> <span class='ocrx_word' id='word_1_63' title='bbox 1232 512 1444 561; x_wconf 77' lang='lat' dir='ltr'><em>Quinctius</em></span> <span class='ocrx_word' id='word_1_64' title='bbox 1465 517 1574 556; x_wconf 79' lang='lat' dir='ltr'><em>mili-</em></span> 
     </span>
     <span class='ocr_line' id='line_1_9' title="bbox 161 571 1575 625; baseline 0.001 -13"><span class='ocrx_word' id='word_1_65' title='bbox 161 579 218 612; x_wconf 90' lang='lat' dir='ltr'><em>tes</em></span> <span class='ocrx_word' id='word_1_66' title='bbox 237 572 544 624; x_wconf 81' lang='lat' dir='ltr'><em>conscripsisset,</em></span> <span class='ocrx_word' id='word_1_67' title='bbox 567 577 604 611; x_wconf 89' lang='lat' dir='ltr'><em>et</em></span> <span class='ocrx_word' id='word_1_68' title='bbox 626 585 722 624; x_wconf 76' lang='lat' dir='ltr'><em>quos</em></span> <span class='ocrx_word' id='word_1_69' title='bbox 740 572 859 612; x_wconf 78' lang='lat' dir='ltr'><em>sociis</em></span> <span class='ocrx_word' id='word_1_70' title='bbox 889 571 1119 625; x_wconf 78' lang='lat' dir='ltr'><em>nominique</em></span> <span class='ocrx_word' id='word_1_71' title='bbox 1141 571 1298 611; x_wconf 79' lang='lat' dir='ltr'><em>Latino</em></span> <span class='ocrx_word' id='word_1_72' title='bbox 1329 572 1575 624; x_wconf 80' lang='lat' dir='ltr'><em>imperasset,</em></span> 
     </span>
     <span class='ocr_line' id='line_1_10' title="bbox 161 627 1575 683; baseline 0.001 -15"><span class='ocrx_word' id='word_1_73' title='bbox 161 643 255 683; x_wconf 79' lang='lat' dir='ltr'><em>qnos</em></span> <span class='ocrx_word' id='word_1_74' title='bbox 274 643 397 669; x_wconf 83' lang='lat' dir='ltr'><em>secum</em></span> <span class='ocrx_word' id='word_1_75' title='bbox 421 630 463 669; x_wconf 82' lang='lat' dir='ltr'><em>in</em></span> <span class='ocrx_word' id='word_1_76' title='bbox 487 629 743 681; x_wconf 76' lang='lat' dir='ltr'><em>provinciam</em></span> <span class='ocrx_word' id='word_1_77' title='bbox 771 630 832 669; x_wconf 82' lang='lat' dir='ltr'><em>ire</em></span> <span class='ocrx_word' id='word_1_78' title='bbox 851 634 1065 680; x_wconf 83' lang='lat' dir='ltr'><em>oporteret,</em></span> <span class='ocrx_word' id='word_1_79' title='bbox 1088 634 1126 668; x_wconf 87' lang='lat' dir='ltr'><em>et</em></span> <span class='ocrx_word' id='word_1_80' title='bbox 1155 627 1311 673; x_wconf 72' lang='lat' dir='ltr'><em>tribuni</em></span> <span class='ocrx_word' id='word_1_81' title='bbox 1329 629 1500 670; x_wconf 81' lang='lat' dir='ltr'><em>militum</em></span> <span class='ocrx_word' id='word_1_82' title='bbox 1521 631 1575 675; x_wconf 82' lang='lat' dir='ltr'><em>le·</em></span> 
     </span>
     <span class='ocr_line' id='line_1_11' title="bbox 155 685 1578 740; baseline 0.001 -14"><span class='ocrx_word' id='word_1_83' title='bbox 155 687 293 740; x_wconf 76' lang='lat' dir='ltr'><em>gionis</em></span> <span class='ocrx_word' id='word_1_84' title='bbox 306 687 456 738; x_wconf 65' lang='lat' dir='ltr'><em>primae</em></span> <span class='ocrx_word' id='word_1_85' title='bbox 476 693 514 726; x_wconf 87' lang='lat' dir='ltr'><em>et</em></span> <span class='ocrx_word' id='word_1_86' title='bbox 534 687 682 735; x_wconf 68' lang='lat' dir='ltr'><em>tertiae,</em></span> <span class='ocrx_word' id='word_1_87' title='bbox 704 685 805 726; x_wconf 76' lang='lat' dir='ltr'><em>1¹1ati</em></span> <span class='ocrx_word' id='word_1_88' title='bbox 833 700 964 726; x_wconf 79' lang='lat' dir='ltr'><em>omnes</em></span> <span class='ocrx_word' id='word_1_89' title='bbox 994 686 1260 726; x_wconf 74' lang='lat' dir='ltr'><em>Bmmdisz&#39;um</em></span> <span class='ocrx_word' id='word_1_90' title='bbox 1282 685 1422 726; x_wconf 72' lang='lat' dir='ltr'><em>Idibus</em></span> <span class='ocrx_word' id='word_1_91' title='bbox 1442 688 1578 728; x_wconf 78' lang='lat' dir='ltr'><em>Maiis</em></span> 
     </span>
     <span class='ocr_line' id='line_1_12' title="bbox 159 741 1577 799; baseline 0.003 -17"><span class='ocrx_word' id='word_1_92' title='bbox 159 744 430 783; x_wconf 80' lang='lat' dir='ltr'><em>convenirent.</em></span> <span class='ocrx_word' id='word_1_93' title='bbox 452 743 540 799; x_wconf 87' lang='lat' dir='ltr'><em>ipse</em></span> <span class='ocrx_word' id='word_1_94' title='bbox 561 751 656 784; x_wconf 90' lang='lat' dir='ltr'><em>ante</em></span> <span class='ocrx_word' id='word_1_95' title='bbox 677 742 787 784; x_wconf 89' lang='lat' dir='ltr'><em>diem</em></span> <span class='ocrx_word' id='word_1_96' title='bbox 808 742 1005 798; x_wconf 87' lang='lat' dir='ltr'><em>quintum</em></span> <span class='ocrx_word' id='word_1_97' title='bbox 1027 743 1169 783; x_wconf 90' lang='lat' dir='ltr'><em>Nonas</em></span> <span class='ocrx_word' id='word_1_98' title='bbox 1193 741 1332 783; x_wconf 84' lang='lat' dir='ltr'><em>Maias</em></span> <span class='ocrx_word' id='word_1_99' title='bbox 1351 743 1577 799; x_wconf 84' lang='lat' dir='ltr'><em>paludatus</em></span> 
     </span>
     <span class='ocr_line' id='line_1_13' title="bbox 156 799 1579 856; baseline 0.002 -16"><span class='ocrx_word' id='word_1_100' title='bbox 156 800 264 841; x_wconf 84' lang='lat' dir='ltr'><em>urbe</em></span> <span class='ocrx_word' id='word_1_101' title='bbox 295 815 484 856; x_wconf 85' lang='lat' dir='ltr'><em>egressus</em></span> <span class='ocrx_word' id='word_1_102' title='bbox 515 809 588 841; x_wconf 90' lang='lat' dir='ltr'><em>est.</em></span> <span class='ocrx_word' id='word_1_103' title='bbox 651 801 733 840; x_wconf 89' lang='lat' dir='ltr'><em>Per</em></span> <span class='ocrx_word' id='word_1_104' title='bbox 763 799 929 840; x_wconf 85' lang='lat' dir='ltr'><em>eosdem</em></span> <span class='ocrx_word' id='word_1_105' title='bbox 959 799 1047 840; x_wconf 89' lang='lat' dir='ltr'><em>dies</em></span> <span class='ocrx_word' id='word_1_106' title='bbox 1067 808 1107 841; x_wconf 91' lang='lat' dir='ltr'><em>et</em></span> <span class='ocrx_word' id='word_1_107' title='bbox 1129 807 1328 856; x_wconf 86' lang='lat' dir='ltr'><em>praetores</em></span> <span class='ocrx_word' id='word_1_108' title='bbox 1349 800 1391 840; x_wconf 90' lang='lat' dir='ltr'><em>in</em></span> <span class='ocrx_word' id='word_1_109' title='bbox 1411 802 1579 856; x_wconf 85' lang='lat' dir='ltr'><em>provin-</em></span> 
     </span>
     <span class='ocr_line' id='line_1_14' title="bbox 160 856 827 913; baseline 0.006 -16"><span class='ocrx_word' id='word_1_110' title='bbox 160 856 243 898; x_wconf 86' lang='lat' dir='ltr'><em>cias</em></span> <span class='ocrx_word' id='word_1_111' title='bbox 263 857 441 913; x_wconf 84' lang='lat' dir='ltr'><em>profecti</em></span> <span class='ocrx_word' id='word_1_112' title='bbox 462 866 574 899; x_wconf 86' lang='lat' dir='ltr'><em>sunt.</em></span> <span class='ocrx_word' id='word_1_113' title='bbox 825 898 827 901; x_wconf 14' lang='grc' dir='ltr'><em>Α</em></span> 
     </span>
    </p>

    <p class='ocr_par' dir='ltr' id='par_1_3' title="bbox 158 913 1790 1822">
     <span class='ocr_line' id='line_1_15' title="bbox 221 913 1735 970; baseline 0.001 -15"><span class='ocrx_word' id='word_1_114' title='bbox 221 914 296 955; x_wconf 90' lang='lat' dir='ltr'><em>IV.</em></span> <span class='ocrx_word' id='word_1_115' title='bbox 331 915 419 955; x_wconf 89' lang='lat' dir='ltr'><em>Sub</em></span> <span class='ocrx_word' id='word_1_116' title='bbox 449 914 561 955; x_wconf 83' lang='lat' dir='ltr'><em>idem</em></span> <span class='ocrx_word' id='word_1_117' title='bbox 588 922 754 970; x_wconf 89' lang='lat' dir='ltr'><em>tempus</em></span> <span class='ocrx_word' id='word_1_118' title='bbox 781 913 908 968; x_wconf 79' lang='lat' dir='ltr'><em>legati</em></span> <span class='ocrx_word' id='word_1_119' title='bbox 940 913 1032 955; x_wconf 88' lang='lat' dir='ltr'><em>¹⁵ab</em></span> <span class='ocrx_word' id='word_1_120' title='bbox 1063 913 1230 954; x_wconf 88' lang='lat' dir='ltr'><em>duobus</em></span> <span class='ocrx_word' id='word_1_121' title='bbox 1259 913 1444 969; x_wconf 85' lang='lat' dir='ltr'><em>regibus,</em></span> <span class='ocrx_word' id='word_1_122' title='bbox 1479 916 1579 957; x_wconf 87' lang='lat' dir='ltr'><em>Phi-</em></span> <span class='ocrx_word' id='word_1_123' title='bbox 1593 918 1735 967; x_wconf 57' lang='lat' dir='ltr'><em>Legatia</em></span> 
     </span>
     <span class='ocr_line' id='line_1_16' title="bbox 161 962 1782 1035; baseline 0.002 -25"><span class='ocrx_word' id='word_1_124' title='bbox 161 969 277 1026; x_wconf 91' lang='lat' dir='ltr'><em>lippo</em></span> <span class='ocrx_word' id='word_1_125' title='bbox 300 970 562 1013; x_wconf 89' lang='lat' dir='ltr'><em>Macedoniae</em></span> <span class='ocrx_word' id='word_1_126' title='bbox 591 980 632 1013; x_wconf 88' lang='lat' dir='ltr'><em>et</em></span> <span class='ocrx_word' id='word_1_127' title='bbox 662 971 890 1012; x_wconf 87' lang='lat' dir='ltr'><em>Ptolemaeo</em></span> <span class='ocrx_word' id='word_1_128' title='bbox 913 969 1134 1026; x_wconf 63' lang='lat' dir='ltr'><em>AEgyptig‚</em></span> <span class='ocrx_word' id='word_1_129' title='bbox 1158 971 1337 1011; x_wconf 86' lang='lat' dir='ltr'><em>Romam</em></span> <span class='ocrx_word' id='word_1_130' title='bbox 1359 982 1577 1023; x_wconf 83' lang='lat' dir='ltr'><em>venerunt,</em></span> <span class='ocrx_word' id='word_1_131' title='bbox 1592 962 1782 1035; x_wconf 49' lang='lat' dir='ltr'><em>ffiffppg‘f‘</em></span> 
     </span>
     <span class='ocr_line' id='line_1_17' title="bbox 158 1016 1768 1084; baseline 0.002 -17"><span class='ocrx_word' id='word_1_132' title='bbox 158 1028 402 1083; x_wconf 43' lang='lat' dir='ltr'><em>*pollicentes</em></span> <span class='ocrx_word' id='word_1_133' title='bbox 431 1028 486 1070; x_wconf 88' lang='lat' dir='ltr'><em>ad</em></span> <span class='ocrx_word' id='word_1_134' title='bbox 516 1028 673 1069; x_wconf 88' lang='lat' dir='ltr'><em>bellum</em></span> <span class='ocrx_word' id='word_1_135' title='bbox 701 1027 871 1077; x_wconf 83' lang='lat' dir='ltr'><em>auxilia,</em></span> <span class='ocrx_word' id='word_1_136' title='bbox 893 1036 935 1069; x_wconf 87' lang='lat' dir='ltr'><em>et</em></span> <span class='ocrx_word' id='word_1_137' title='bbox 965 1027 1200 1084; x_wconf 84' lang='lat' dir='ltr'><em>pecuniam,</em></span> <span class='ocrx_word' id='word_1_138' title='bbox 1231 1035 1272 1068; x_wconf 92' lang='lat' dir='ltr'><em>et</em></span> <span class='ocrx_word' id='word_1_139' title='bbox 1303 1027 1576 1070; x_wconf 84' lang='lat' dir='ltr'><em>frumentum.</em></span> <span class='ocrx_word' id='word_1_140' title='bbox 1663 1016 1711 1036; x_wconf 78' lang='lat' dir='ltr'><em>em</em></span> <span class='ocrx_word' id='word_1_141' title='bbox 1760 1026 1768 1034; x_wconf 76' lang='grc'>’</span> 
     </span>
     <span class='ocr_line' id='line_1_18' title="bbox 161 1083 1578 1140; baseline 0.001 -15"><span class='ocrx_word' id='word_1_142' title='bbox 161 1084 214 1125; x_wconf 86' lang='lat' dir='ltr'><em>ab</em></span> <span class='ocrx_word' id='word_1_143' title='bbox 237 1085 465 1127; x_wconf 88' lang='lat' dir='ltr'><em>Ptolemaeo</em></span> <span class='ocrx_word' id='word_1_144' title='bbox 487 1085 611 1126; x_wconf 85' lang='lat' dir='ltr'><em>etiam</em></span> <span class='ocrx_word' id='word_1_145' title='bbox 633 1084 784 1125; x_wconf 82' lang='lat' dir='ltr'><em>¹⁶mille</em></span> <span class='ocrx_word' id='word_1_146' title='bbox 804 1084 946 1140; x_wconf 90' lang='lat' dir='ltr'><em>pondo</em></span> <span class='ocrx_word' id='word_1_147' title='bbox 966 1083 1072 1133; x_wconf 69' lang='lat' dir='ltr'><em>ariri,</em></span> <span class='ocrx_word' id='word_1_148' title='bbox 1095 1084 1247 1138; x_wconf 83' lang='lat' dir='ltr'><em>viginti</em></span> <span class='ocrx_word' id='word_1_149' title='bbox 1277 1083 1408 1125; x_wconf 86' lang='lat' dir='ltr'><em>millia</em></span> <span class='ocrx_word' id='word_1_150' title='bbox 1436 1086 1578 1140; x_wconf 89' lang='lat' dir='ltr'><em>pondo</em></span> 
     </span>
     <span class='ocr_line' id='line_1_19' title="bbox 158 1140 1578 1197; baseline 0.001 -16"><span class='ocrx_word' id='word_1_151' title='bbox 158 1142 321 1197; x_wconf 86' lang='lat' dir='ltr'><em>argenti</em></span> <span class='ocrx_word' id='word_1_152' title='bbox 353 1142 504 1184; x_wconf 87' lang='lat' dir='ltr'><em>adlata.</em></span> <span class='ocrx_word' id='word_1_153' title='bbox 564 1141 684 1183; x_wconf 91' lang='lat' dir='ltr'><em>Nihil</em></span> <span class='ocrx_word' id='word_1_154' title='bbox 714 1142 804 1197; x_wconf 87' lang='lat' dir='ltr'><em>ejus</em></span> <span class='ocrx_word' id='word_1_155' title='bbox 830 1149 1062 1197; x_wconf 87' lang='lat' dir='ltr'><em>acceptum.</em></span> <span class='ocrx_word' id='word_1_156' title='bbox 1123 1140 1283 1181; x_wconf 81' lang='lat' dir='ltr'><em>Gratiae</em></span> <span class='ocrx_word' id='word_1_157' title='bbox 1315 1140 1486 1196; x_wconf 79' lang='lat' dir='ltr'><em>regibus</em></span> <span class='ocrx_word' id='word_1_158' title='bbox 1514 1157 1578 1183; x_wconf 85' lang='lat' dir='ltr'><em>ac-</em></span> 
     </span>
     <span class='ocr_line' id='line_1_20' title="bbox 160 1196 1576 1255; baseline 0.001 -17"><span class='ocrx_word' id='word_1_159' title='bbox 160 1205 227 1239; x_wconf 85' lang='lat' dir='ltr'><em>tae.</em></span> <span class='ocrx_word' id='word_1_160' title='bbox 260 1207 316 1249; x_wconf 89' lang='lat' dir='ltr'><em>et,</em></span> <span class='ocrx_word' id='word_1_161' title='bbox 348 1214 479 1254; x_wconf 89' lang='lat' dir='ltr'><em>quum</em></span> <span class='ocrx_word' id='word_1_162' title='bbox 510 1207 690 1255; x_wconf 90' lang='lat' dir='ltr'><em>uterque</em></span> <span class='ocrx_word' id='word_1_163' title='bbox 719 1213 760 1239; x_wconf 92' lang='lat' dir='ltr'><em>se</em></span> <span class='ocrx_word' id='word_1_164' title='bbox 790 1213 886 1239; x_wconf 89' lang='lat' dir='ltr'><em>cum</em></span> <span class='ocrx_word' id='word_1_165' title='bbox 917 1197 1111 1239; x_wconf 86' lang='lat' dir='ltr'><em>omnibus</em></span> <span class='ocrx_word' id='word_1_166' title='bbox 1140 1197 1272 1253; x_wconf 87' lang='lat' dir='ltr'><em>copiis</em></span> <span class='ocrx_word' id='word_1_167' title='bbox 1298 1196 1341 1238; x_wconf 88' lang='lat' dir='ltr'><em>in</em></span> <span class='ocrx_word' id='word_1_168' title='bbox 1373 1196 1576 1240; x_wconf 86' lang='lat' dir='ltr'><em>AEtoliam</em></span> 
     </span>
     <span class='ocr_line' id='line_1_21' title="bbox 159 1254 1577 1311; baseline 0.001 -16"><span class='ocrx_word' id='word_1_169' title='bbox 159 1263 399 1306; x_wconf 87' lang='lat' dir='ltr'><em>venturum,</em></span> <span class='ocrx_word' id='word_1_170' title='bbox 421 1256 616 1311; x_wconf 87' lang='lat' dir='ltr'><em>belloque</em></span> <span class='ocrx_word' id='word_1_171' title='bbox 646 1255 949 1297; x_wconf 83' lang='lat' dir='ltr'><em>interfuturum</em></span> <span class='ocrx_word' id='word_1_172' title='bbox 977 1254 1260 1311; x_wconf 79' lang='lat' dir='ltr'><em>polliceretur,</em></span> <span class='ocrx_word' id='word_1_173' title='bbox 1287 1254 1513 1296; x_wconf 72' lang='lat' dir='ltr'><em>Ptolemaeo</em></span> <span class='ocrx_word' id='word_1_174' title='bbox 1533 1256 1577 1297; x_wconf 91' lang='lat' dir='ltr'><em>id</em></span> 
     </span>
     <span class='ocr_line' id='line_1_22' title="bbox 159 1312 1577 1369; baseline 0.001 -18"><span class='ocrx_word' id='word_1_175' title='bbox 159 1312 401 1354; x_wconf 86' lang='lat' dir='ltr'><em>remissum:</em></span> <span class='ocrx_word' id='word_1_176' title='bbox 445 1313 630 1369; x_wconf 84' lang='lat' dir='ltr'><em>Philippi</em></span> <span class='ocrx_word' id='word_1_177' title='bbox 660 1312 808 1368; x_wconf 84' lang='lat' dir='ltr'><em>legatis</em></span> <span class='ocrx_word' id='word_1_178' title='bbox 836 1327 1097 1369; x_wconf 80' lang='lat' dir='ltr'><em>responsum,</em></span> <span class='ocrx_word' id='word_1_179' title='bbox 1130 1319 1300 1367; x_wconf 87' lang='lat' dir='ltr'><em>gratum</em></span> <span class='ocrx_word' id='word_1_180' title='bbox 1331 1326 1427 1352; x_wconf 88' lang='lat' dir='ltr'><em>eum</em></span> <span class='ocrx_word' id='word_1_181' title='bbox 1463 1328 1577 1353; x_wconf 88' lang='lat' dir='ltr'><em>sena-</em></span> 
     </span>
     <span class='ocr_line' id='line_1_23' title="bbox 161 1367 1576 1426; baseline 0.001 -17"><span class='ocrx_word' id='word_1_182' title='bbox 161 1369 225 1409; x_wconf 87' lang='lat' dir='ltr'><em>tui</em></span> <span class='ocrx_word' id='word_1_183' title='bbox 255 1370 499 1426; x_wconf 89' lang='lat' dir='ltr'><em>populoque</em></span> <span class='ocrx_word' id='word_1_184' title='bbox 530 1370 722 1410; x_wconf 77' lang='lat' dir='ltr'><em>Romano</em></span> <span class='ocrx_word' id='word_1_185' title='bbox 746 1369 973 1419; x_wconf 84' lang='lat' dir='ltr'><em>facturum,</em></span> <span class='ocrx_word' id='word_1_186' title='bbox 997 1368 1029 1409; x_wconf 88' lang='lat' dir='ltr'><em>si</em></span> <span class='ocrx_word' id='word_1_187' title='bbox 1053 1367 1133 1408; x_wconf 88' lang='lat' dir='ltr'><em>M’.</em></span> <span class='ocrx_word' id='word_1_188' title='bbox 1160 1367 1294 1409; x_wconf 84' lang='lat' dir='ltr'><em>Acilio</em></span> <span class='ocrx_word' id='word_1_189' title='bbox 1314 1368 1472 1409; x_wconf 89' lang='lat' dir='ltr'><em>consuli</em></span> <span class='ocrx_word' id='word_1_190' title='bbox 1494 1385 1576 1410; x_wconf 92' lang='lat' dir='ltr'><em>non</em></span> 
     </span>
     <span class='ocr_line' id='line_1_24' title="bbox 160 1424 1790 1482; baseline 0.001 -17"><span class='ocrx_word' id='word_1_191' title='bbox 160 1424 374 1468; x_wconf 84' lang='lat' dir='ltr'><em>defuisset.</em></span> <span class='ocrx_word' id='word_1_192' title='bbox 436 1428 545 1469; x_wconf 87' lang='lat' dir='ltr'><em>Item</em></span> <span class='ocrx_word' id='word_1_193' title='bbox 581 1427 633 1467; x_wconf 87' lang='lat' dir='ltr'><em>ab</em></span> <span class='ocrx_word' id='word_1_194' title='bbox 672 1425 1093 1480; x_wconf 59' lang='lat' dir='ltr'><em>Karthaginiensibus</em></span> <span class='ocrx_word' id='word_1_195' title='bbox 1133 1434 1174 1467; x_wconf 87' lang='lat' dir='ltr'><em>et</em></span> <span class='ocrx_word' id='word_1_196' title='bbox 1219 1424 1442 1466; x_wconf 82' lang='lat' dir='ltr'><em>Masinissa</em></span> <span class='ocrx_word' id='word_1_197' title='bbox 1478 1441 1576 1482; x_wconf 84' lang='lat' dir='ltr'><em>rege</em></span> <span class='ocrx_word' id='word_1_198' title='bbox 1590 1429 1790 1471; x_wconf 73' lang='lat' dir='ltr'><em>Karthagini-</em></span> 
     </span>
     <span class='ocr_line' id='line_1_25' title="bbox 159 1479 1737 1546; baseline 0.001 -24"><span class='ocrx_word' id='word_1_199' title='bbox 159 1481 286 1538; x_wconf 82' lang='lat' dir='ltr'><em>legati</em></span> <span class='ocrx_word' id='word_1_200' title='bbox 329 1492 542 1525; x_wconf 82' lang='lat' dir='ltr'><em>venerunt.</em></span> <span class='ocrx_word' id='word_1_201' title='bbox 605 1483 976 1538; x_wconf 79' lang='lat' dir='ltr'><em>Karthaginienses</em></span> <span class='ocrx_word' id='word_1_202' title='bbox 1015 1482 1181 1523; x_wconf 82' lang='lat' dir='ltr'><em>¹⁷tritiei</em></span> <span class='ocrx_word' id='word_1_203' title='bbox 1221 1482 1409 1523; x_wconf 68' lang='lat' dir='ltr'><em>modium</em></span> <span class='ocrx_word' id='word_1_204' title='bbox 1446 1483 1573 1533; x_wconf 84' lang='lat' dir='ltr'><em>mille,</em></span> <span class='ocrx_word' id='word_1_205' title='bbox 1589 1479 1737 1546; x_wconf 53' lang='grc' dir='ltr'><em>ξῗζξῗῌῗὲδ</em></span> 
     </span>
     <span class='ocr_line' id='line_1_26' title="bbox 159 1527 1775 1595; baseline 0.001 -17"><span class='ocrx_word' id='word_1_206' title='bbox 159 1538 305 1580; x_wconf 86' lang='lat' dir='ltr'><em>hordei</em></span> <span class='ocrx_word' id='word_1_207' title='bbox 336 1540 567 1595; x_wconf 81' lang='lat' dir='ltr'><em>quingenta</em></span> <span class='ocrx_word' id='word_1_208' title='bbox 595 1540 726 1580; x_wconf 83' lang='lat' dir='ltr'><em>millia</em></span> <span class='ocrx_word' id='word_1_209' title='bbox 755 1540 809 1580; x_wconf 85' lang='lat' dir='ltr'><em>ad</em></span> <span class='ocrx_word' id='word_1_210' title='bbox 840 1540 1084 1589; x_wconf 81' lang='lat' dir='ltr'><em>exercitum,</em></span> <span class='ocrx_word' id='word_1_211' title='bbox 1116 1538 1337 1579; x_wconf 85' lang='lat' dir='ltr'><em>dimidium</em></span> <span class='ocrx_word' id='word_1_212' title='bbox 1368 1540 1458 1595; x_wconf 80' lang='lat' dir='ltr'><em>ejus</em></span> <span class='ocrx_word' id='word_1_213' title='bbox 1490 1540 1575 1580; x_wconf 87' lang='lat' dir='ltr'><em>Ro-</em></span> <span class='ocrx_word' id='word_1_214' title='bbox 1589 1527 1775 1589; x_wconf 59' lang='lat' dir='ltr'><em>irumentuin</em></span> 
     </span>
     <span class='ocr_line' id='line_1_27' title="bbox 160 1595 1781 1652; baseline 0.001 -17"><span class='ocrx_word' id='word_1_215' title='bbox 160 1610 270 1637; x_wconf 89' lang='lat' dir='ltr'><em>mam</em></span> <span class='ocrx_word' id='word_1_216' title='bbox 291 1597 586 1652; x_wconf 86' lang='lat' dir='ltr'><em>adportaturos</em></span> <span class='ocrx_word' id='word_1_217' title='bbox 601 1595 778 1652; x_wconf 87' lang='lat' dir='ltr'><em>polliciti</em></span> <span class='ocrx_word' id='word_1_218' title='bbox 799 1605 894 1637; x_wconf 89' lang='lat' dir='ltr'><em>sunt</em></span> <span class='ocrx_word' id='word_1_219' title='bbox 911 1613 918 1637; x_wconf 93' lang='lat'>:</span> <span class='ocrx_word' id='word_1_220' title='bbox 952 1596 996 1637; x_wconf 91' lang='lat' dir='ltr'><em>id</em></span> <span class='ocrx_word' id='word_1_221' title='bbox 1018 1605 1065 1637; x_wconf 88' lang='lat' dir='ltr'><em>ut</em></span> <span class='ocrx_word' id='word_1_222' title='bbox 1086 1596 1139 1637; x_wconf 86' lang='lat' dir='ltr'><em>ab</em></span> <span class='ocrx_word' id='word_1_223' title='bbox 1161 1611 1202 1636; x_wconf 88' lang='lat' dir='ltr'><em>se</em></span> <span class='ocrx_word' id='word_1_224' title='bbox 1222 1610 1376 1636; x_wconf 89' lang='lat' dir='ltr'><em>munus</em></span> <span class='ocrx_word' id='word_1_225' title='bbox 1393 1597 1573 1637; x_wconf 88' lang='lat' dir='ltr'><em>Romani</em></span> <span class='ocrx_word' id='word_1_226' title='bbox 1588 1601 1781 1648; x_wconf 28' lang='lat' dir='ltr'><em>fet—hordeum</em></span> 
     </span>
     <span class='ocr_line' id='line_1_28' title="bbox 162 1650 1724 1710; baseline 0.001 -18"><span class='ocrx_word' id='word_1_227' title='bbox 162 1653 410 1708; x_wconf 85' lang='lat' dir='ltr'><em>acciperent,</em></span> <span class='ocrx_word' id='word_1_228' title='bbox 432 1663 573 1710; x_wconf 88' lang='lat' dir='ltr'><em>petere</em></span> <span class='ocrx_word' id='word_1_229' title='bbox 595 1669 648 1694; x_wconf 89' lang='lat' dir='ltr'><em>se.</em></span> <span class='ocrx_word' id='word_1_230' title='bbox 681 1662 722 1695; x_wconf 91' lang='lat' dir='ltr'><em>et</em></span> <span class='ocrx_word' id='word_1_231' title='bbox 752 1653 921 1694; x_wconf 84' lang='lat' dir='ltr'><em>classem</em></span> <span class='ocrx_word' id='word_1_232' title='bbox 943 1652 1154 1693; x_wconf 56' lang='lat' dir='ltr'><em>1Ssuorum</em></span> <span class='ocrx_word' id='word_1_233' title='bbox 1185 1667 1260 1693; x_wconf 86' lang='lat' dir='ltr'><em>suo</em></span> <span class='ocrx_word' id='word_1_234' title='bbox 1291 1662 1433 1694; x_wconf 88' lang='lat' dir='ltr'><em>sumtu</em></span> <span class='ocrx_word' id='word_1_235' title='bbox 1465 1668 1574 1694; x_wconf 71' lang='lat' dir='ltr'><em>com-</em></span> <span class='ocrx_word' id='word_1_236' title='bbox 1587 1650 1724 1674; x_wconf 61' lang='lat' dir='ltr'><strong>mmum·</strong></span> 
     </span>
     <span class='ocr_line' id='line_1_29' title="bbox 161 1709 1573 1767; baseline 0 -18"><span class='ocrx_word' id='word_1_237' title='bbox 161 1718 403 1764; x_wconf 71' lang='lat' dir='ltr'><em>paratiuos:</em></span> <span class='ocrx_word' id='word_1_238' title='bbox 451 1720 491 1752; x_wconf 88' lang='lat' dir='ltr'><em>et</em></span> <span class='ocrx_word' id='word_1_239' title='bbox 532 1711 801 1767; x_wconf 82' lang='lat' dir='ltr'><em>stipendium,</em></span> <span class='ocrx_word' id='word_1_240' title='bbox 838 1709 954 1765; x_wconf 89' lang='lat' dir='ltr'><em>quod</em></span> <span class='ocrx_word' id='word_1_241' title='bbox 989 1709 1182 1766; x_wconf 87' lang='lat' dir='ltr'><em>pluribus</em></span> <span class='ocrx_word' id='word_1_242' title='bbox 1223 1709 1492 1765; x_wconf 81' lang='lat' dir='ltr'><em>pensionibus</em></span> <span class='ocrx_word' id='word_1_243' title='bbox 1532 1710 1573 1750; x_wconf 90' lang='lat' dir='ltr'><em>in</em></span> 
     </span>
     <span class='ocr_line' id='line_1_30' title="bbox 159 1765 1574 1822; baseline 0.001 -17"><span class='ocrx_word' id='word_1_244' title='bbox 159 1765 314 1807; x_wconf 89' lang='lat' dir='ltr'><em>multos</em></span> <span class='ocrx_word' id='word_1_245' title='bbox 335 1783 463 1808; x_wconf 84' lang='lat' dir='ltr'><em>annos</em></span> <span class='ocrx_word' id='word_1_246' title='bbox 493 1767 706 1817; x_wconf 83' lang='lat' dir='ltr'><em>deberent,</em></span> <span class='ocrx_word' id='word_1_247' title='bbox 727 1782 909 1822; x_wconf 80' lang='lat' dir='ltr'><em>praesens</em></span> <span class='ocrx_word' id='word_1_248' title='bbox 938 1782 1059 1807; x_wconf 88' lang='lat' dir='ltr'><em>omne</em></span> <span class='ocrx_word' id='word_1_249' title='bbox 1089 1766 1276 1807; x_wconf 86' lang='lat' dir='ltr'><em>daturos.</em></span> <span class='ocrx_word' id='word_1_250' title='bbox 1339 1765 1574 1807; x_wconf 62' lang='lat' dir='ltr'><em>Masinissae</em></span> 
     </span>
    </p>
   </div>
   <div class='ocr_carea' id='block_1_3' title="bbox 162 1822 1574 1965">
    <p class='ocr_par' dir='ltr' id='par_1_4' title="bbox 162 1822 1574 1965">
     <span class='ocr_line' id='line_1_31' title="bbox 162 1822 1574 1880; baseline 0.001 -18"><span class='ocrx_word' id='word_1_251' title='bbox 162 1822 289 1878; x_wconf 82' lang='lat' dir='ltr'><em>legati</em></span> <span class='ocrx_word' id='word_1_252' title='bbox 319 1824 550 1880; x_wconf 83' lang='lat' dir='ltr'><em>quingenta</em></span> <span class='ocrx_word' id='word_1_253' title='bbox 577 1825 708 1865; x_wconf 86' lang='lat' dir='ltr'><em>millia</em></span> <span class='ocrx_word' id='word_1_254' title='bbox 737 1823 926 1865; x_wconf 70' lang='lat' dir='ltr'><em>modium</em></span> <span class='ocrx_word' id='word_1_255' title='bbox 956 1823 1099 1873; x_wconf 85' lang='lat' dir='ltr'><em>tritici,</em></span> <span class='ocrx_word' id='word_1_256' title='bbox 1131 1832 1315 1864; x_wconf 87' lang='lat' dir='ltr'><em>trecenta</em></span> <span class='ocrx_word' id='word_1_257' title='bbox 1343 1823 1489 1864; x_wconf 83' lang='lat' dir='ltr'><em>hordei</em></span> <span class='ocrx_word' id='word_1_258' title='bbox 1520 1824 1574 1865; x_wconf 80' lang='lat' dir='ltr'><em>ad</em></span> 
     </span>
     <span class='ocr_line' id='line_1_32' title="bbox 511 1921 1222 1965; baseline -0.003 -11"><span class='ocrx_word' id='word_1_259' title='bbox 511 1928 528 1953; x_wconf 77' lang='lat' dir='ltr'>g</span> <span class='ocrx_word' id='word_1_260' title='bbox 546 1925 681 1964; x_wconf 79' lang='lat' dir='ltr'><em>Philippo</em></span> <span class='ocrx_word' id='word_1_261' title='bbox 695 1930 720 1954; x_wconf 81' lang='lat' dir='ltr'><em>et</em></span> <span class='ocrx_word' id='word_1_262' title='bbox 738 1921 889 1954; x_wconf 74' lang='lat' dir='ltr'><em>Ptole2i1aeo</em></span> <span class='ocrx_word' id='word_1_263' title='bbox 905 1923 1028 1965; x_wconf 75' lang='lat' dir='ltr'><em>AEgyptt&#39;</em></span> <span class='ocrx_word' id='word_1_264' title='bbox 1041 1934 1109 1964; x_wconf 82' lang='lat' dir='ltr'><em>rege</em></span> <span class='ocrx_word' id='word_1_265' title='bbox 1125 1923 1222 1954; x_wconf 88' lang='lat' dir='ltr'><em>Gron.</em></span> 
     </span>
    </p>
   </div>
   <div class='ocr_carea' id='block_1_4' title="bbox 163 2016 1578 2103">
    <p class='ocr_par' dir='ltr' id='par_1_5' title="bbox 163 2016 1578 2103">
     <span class='ocr_line' id='line_1_33' title="bbox 165 2016 1578 2060; baseline 0.003 -14"><span class='ocrx_word' id='word_1_266' title='bbox 165 2016 245 2047; x_wconf 82' lang='lat' dir='ltr'><em>Satis</em></span> <span class='ocrx_word' id='word_1_267' title='bbox 275 2017 465 2049; x_wconf 84' lang='lat' dir='ltr'><em>declaratum</em></span> <span class='ocrx_word' id='word_1_268' title='bbox 500 2019 598 2050; x_wconf 74' lang='lat' dir='ltr'><em>videri</em></span> <span class='ocrx_word' id='word_1_269' title='bbox 634 2019 752 2049; x_wconf 84' lang='lat' dir='ltr'><em>nullam</em></span> <span class='ocrx_word' id='word_1_270' title='bbox 781 2019 848 2060; x_wconf 77' lang='lat' dir='ltr'><em>jam</em></span> <span class='ocrx_word' id='word_1_271' title='bbox 892 2024 937 2048; x_wconf 83' lang='lat' dir='ltr'><em>est</em></span> <span class='ocrx_word' id='word_1_272' title='bbox 959 2018 1025 2060; x_wconf 85' lang='lat' dir='ltr'><em>ipsa</em></span> <span class='ocrx_word' id='word_1_273' title='bbox 1048 2018 1199 2060; x_wconf 82' lang='lat' dir='ltr'><em>scriptura</em></span> <span class='ocrx_word' id='word_1_274' title='bbox 1214 2018 1298 2049; x_wconf 63' lang='lat' dir='ltr'><em>Vict.</em></span> <span class='ocrx_word' id='word_1_275' title='bbox 1322 2018 1445 2053; x_wconf 72' lang='lat' dir='ltr'><em>codicis,</em></span> <span class='ocrx_word' id='word_1_276' title='bbox 1462 2019 1493 2049; x_wconf 87' lang='lat' dir='ltr'><em>in</em></span> <span class='ocrx_word' id='word_1_277' title='bbox 1516 2029 1578 2059; x_wconf 78' lang='lat' dir='ltr'><em>qua</em></span> 
     </span>
     <span class='ocr_line' id='line_1_34' title="bbox 163 2059 1577 2103; baseline 0.002 -14"><span class='ocrx_word' id='word_1_278' title='bbox 163 2059 330 2091; x_wconf 76' lang='lat' dir='ltr'><em>amicitiam</em></span> <span class='ocrx_word' id='word_1_279' title='bbox 350 2063 465 2103; x_wconf 89' lang='lat' dir='ltr'><em>populo</em></span> <span class='ocrx_word' id='word_1_280' title='bbox 488 2062 632 2094; x_wconf 84' lang='lat' dir='ltr'><em>Romano</em></span> <span class='ocrx_word' id='word_1_281' title='bbox 654 2072 755 2103; x_wconf 84' lang='lat' dir='ltr'><em>neque</em></span> <span class='ocrx_word' id='word_1_282' title='bbox 779 2072 849 2092; x_wconf 87' lang='lat' dir='ltr'><em>cum</em></span> <span class='ocrx_word' id='word_1_283' title='bbox 892 2061 969 2091; x_wconf 86' lang='lat' dir='ltr'><em>nihil</em></span> <span class='ocrx_word' id='word_1_284' title='bbox 992 2061 1088 2095; x_wconf 85' lang='lat' dir='ltr'><em>deest,</em></span> <span class='ocrx_word' id='word_1_285' title='bbox 1112 2061 1189 2091; x_wconf 85' lang='lat' dir='ltr'><em>nihil</em></span> <span class='ocrx_word' id='word_1_286' title='bbox 1203 2067 1350 2102; x_wconf 81' lang='lat' dir='ltr'><em>superest.</em></span> <span class='ocrx_word' id='word_1_287' title='bbox 1395 2062 1464 2091; x_wconf 84' lang='lat' dir='ltr'><em>Nec</em></span> <span class='ocrx_word' id='word_1_288' title='bbox 1487 2062 1577 2092; x_wconf 83' lang='lat' dir='ltr'><em>dubi-</em></span> 
     </span>
    </p>
   </div>
   <div class='ocr_carea' id='block_1_5' title="bbox 162 2102 849 2742">
    <p class='ocr_par' dir='ltr' id='par_1_6' title="bbox 162 2102 849 2318">
     <span class='ocr_line' id='line_1_35' title="bbox 164 2102 849 2146; baseline 0.006 -15"><span class='ocrx_word' id='word_1_289' title='bbox 164 2102 329 2140; x_wconf 81' lang='lat' dir='ltr'><em>Antiocho,</em></span> <span class='ocrx_word' id='word_1_290' title='bbox 340 2115 440 2146; x_wconf 86' lang='lat' dir='ltr'><em>neque</em></span> <span class='ocrx_word' id='word_1_291' title='bbox 452 2116 521 2136; x_wconf 90' lang='lat' dir='ltr'><em>cum</em></span> <span class='ocrx_word' id='word_1_292' title='bbox 538 2105 653 2136; x_wconf 73' lang='lat' dir='ltr'><em>AEtolis</em></span> <span class='ocrx_word' id='word_1_293' title='bbox 663 2115 740 2140; x_wconf 86' lang='lat' dir='ltr'><em>esse,</em></span> <span class='ocrx_word' id='word_1_294' title='bbox 755 2115 849 2145; x_wconf 89' lang='lat' dir='ltr'><em>quum</em></span> 
     </span>
     <span class='ocr_line' id='line_1_36' title="bbox 165 2145 848 2190; baseline 0.006 -16"><span class='ocrx_word' id='word_1_295' title='bbox 165 2145 275 2186; x_wconf 86' lang='lat' dir='ltr'><em>legatis</em></span> <span class='ocrx_word' id='word_1_296' title='bbox 292 2147 444 2178; x_wconf 83' lang='lat' dir='ltr'><em>Romanis</em></span> <span class='ocrx_word' id='word_1_297' title='bbox 459 2148 546 2179; x_wconf 81' lang='lat' dir='ltr'><em>toties</em></span> <span class='ocrx_word' id='word_1_298' title='bbox 566 2148 776 2190; x_wconf 83' lang='lat' dir='ltr'><em>repetentibus</em></span> <span class='ocrx_word' id='word_1_299' title='bbox 790 2158 848 2183; x_wconf 74' lang='lat' dir='ltr'><em>reS,</em></span> 
     </span>
     <span class='ocr_line' id='line_1_37' title="bbox 162 2191 847 2233; baseline 0.004 -15"><span class='ocrx_word' id='word_1_300' title='bbox 162 2194 194 2218; x_wconf 89' lang='lat' dir='ltr'><em>et</em></span> <span class='ocrx_word' id='word_1_301' title='bbox 218 2191 476 2230; x_wconf 87' lang='lat' dir='ltr'><em>conquerentibus</em></span> <span class='ocrx_word' id='word_1_302' title='bbox 498 2191 624 2232; x_wconf 80' lang='lat' dir='ltr'><em>injurias</em></span> <span class='ocrx_word' id='word_1_303' title='bbox 645 2191 759 2233; x_wconf 87' lang='lat' dir='ltr'><em>populo</em></span> <span class='ocrx_word' id='word_1_304' title='bbox 781 2191 847 2221; x_wconf 80' lang='lat' dir='ltr'><em>Ro-</em></span> 
     </span>
     <span class='ocr_line' id='line_1_38' title="bbox 163 2233 846 2270; baseline 0.004 -9"><span class='ocrx_word' id='word_1_305' title='bbox 163 2241 256 2262; x_wconf 86' lang='lat' dir='ltr'><em>mano</em></span> <span class='ocrx_word' id='word_1_306' title='bbox 279 2233 388 2270; x_wconf 75' lang='lat' dir='ltr'><em>factas,</em></span> <span class='ocrx_word' id='word_1_307' title='bbox 413 2244 466 2265; x_wconf 82' lang='lat' dir='ltr'><em>rex</em></span> <span class='ocrx_word' id='word_1_308' title='bbox 489 2240 520 2265; x_wconf 86' lang='lat' dir='ltr'><em>et</em></span> <span class='ocrx_word' id='word_1_309' title='bbox 543 2234 643 2265; x_wconf 65' lang='lat' dir='ltr'><em>AEtoli</em></span> <span class='ocrx_word' id='word_1_310' title='bbox 668 2244 726 2264; x_wconf 88' lang='lat' dir='ltr'><em>nec</em></span> <span class='ocrx_word' id='word_1_311' title='bbox 749 2233 846 2269; x_wconf 86' lang='lat' dir='ltr'><em>reddi,</em></span> 
     </span>
     <span class='ocr_line' id='line_1_39' title="bbox 164 2276 729 2318; baseline 0.004 -14"><span class='ocrx_word' id='word_1_312' title='bbox 164 2284 222 2305; x_wconf 87' lang='lat' dir='ltr'><em>nec</em></span> <span class='ocrx_word' id='word_1_313' title='bbox 236 2276 376 2307; x_wconf 85' lang='lat' dir='ltr'><em>satisfieri</em></span> <span class='ocrx_word' id='word_1_314' title='bbox 391 2288 513 2318; x_wconf 80' lang='lat' dir='ltr'><em>aequnm</em></span> <span class='ocrx_word' id='word_1_315' title='bbox 529 2277 729 2308; x_wconf 79' lang='lat' dir='ltr'><em>censuissent.</em></span> 
     </span>
    </p>

    <p class='ocr_par' dir='ltr' id='par_1_7' title="bbox 165 2318 847 2523">
     <span class='ocr_line' id='line_1_40' title="bbox 209 2318 846 2358; baseline 0.002 -11"><span class='ocrx_word' id='word_1_316' title='bbox 209 2318 246 2348; x_wconf 90' lang='grc'><em>13</em></span> <span class='ocrx_word' id='word_1_317' title='bbox 269 2319 378 2351; x_wconf 83' lang='lat' dir='ltr'><em>AEtolos</em></span> <span class='ocrx_word' id='word_1_318' title='bbox 396 2321 476 2350; x_wconf 77' lang='lat' dir='ltr'><em>ultro</em></span> <span class='ocrx_word' id='word_1_319' title='bbox 497 2322 548 2350; x_wconf 69' lang='lat' dir='ltr'><em>sibi</em></span> <span class='ocrx_word' id='word_1_320' title='bbox 571 2321 675 2351; x_wconf 79' lang='lat' dir='ltr'><em>bellum</em></span> <span class='ocrx_word' id='word_1_321' title='bbox 698 2319 846 2358; x_wconf 55' lang='lat' dir='ltr'><em>induisse]</em></span> 
     </span>
     <span class='ocr_line' id='line_1_41' title="bbox 165 2359 847 2404; baseline 0.004 -16"><span class='ocrx_word' id='word_1_322' title='bbox 165 2359 254 2391; x_wconf 81' lang='lat' dir='ltr'><em>Nihil</em></span> <span class='ocrx_word' id='word_1_323' title='bbox 289 2373 366 2404; x_wconf 91' lang='lat' dir='ltr'><em>opus</em></span> <span class='ocrx_word' id='word_1_324' title='bbox 400 2373 466 2394; x_wconf 87' lang='lat' dir='ltr'><em>esse</em></span> <span class='ocrx_word' id='word_1_325' title='bbox 504 2363 619 2394; x_wconf 85' lang='lat' dir='ltr'><em>bellum</em></span> <span class='ocrx_word' id='word_1_326' title='bbox 657 2361 770 2393; x_wconf 77' lang='lat' dir='ltr'><em>AEtolis</em></span> <span class='ocrx_word' id='word_1_327' title='bbox 808 2361 847 2391; x_wconf 83' lang='lat' dir='ltr'><em>ab</em></span> 
     </span>
     <span class='ocr_line' id='line_1_42' title="bbox 166 2401 845 2439; baseline 0.003 -8"><span class='ocrx_word' id='word_1_328' title='bbox 166 2401 316 2436; x_wconf 86' lang='lat' dir='ltr'><em>Romanis</em></span> <span class='ocrx_word' id='word_1_329' title='bbox 341 2405 459 2436; x_wconf 85' lang='lat' dir='ltr'><em>solenni</em></span> <span class='ocrx_word' id='word_1_330' title='bbox 481 2406 718 2437; x_wconf 82' lang='lat' dir='ltr'><em>denunciatione</em></span> <span class='ocrx_word' id='word_1_331' title='bbox 742 2403 845 2439; x_wconf 85' lang='lat' dir='ltr'><em>indici,</em></span> 
     </span>
     <span class='ocr_line' id='line_1_43' title="bbox 166 2447 845 2491; baseline 0 -15"><span class='ocrx_word' id='word_1_332' title='bbox 166 2453 260 2483; x_wconf 90' lang='lat' dir='ltr'><em>quum</em></span> <span class='ocrx_word' id='word_1_333' title='bbox 288 2449 388 2479; x_wconf 81' lang='lat' dir='ltr'><em>AEtoli</em></span> <span class='ocrx_word' id='word_1_334' title='bbox 412 2449 470 2490; x_wconf 85' lang='lat' dir='ltr'><em>ipsi</em></span> <span class='ocrx_word' id='word_1_335' title='bbox 497 2448 555 2480; x_wconf 86' lang='lat' dir='ltr'><em>sibi</em></span> <span class='ocrx_word' id='word_1_336' title='bbox 581 2460 636 2491; x_wconf 86' lang='lat' dir='ltr'><em>per</em></span> <span class='ocrx_word' id='word_1_337' title='bbox 663 2448 788 2479; x_wconf 85' lang='lat' dir='ltr'><em>hostilia</em></span> <span class='ocrx_word' id='word_1_338' title='bbox 813 2447 845 2477; x_wconf 88' lang='lat' dir='ltr'><em>in</em></span> 
     </span>
     <span class='ocr_line' id='line_1_44' title="bbox 167 2486 743 2523; baseline 0.007 -7"><span class='ocrx_word' id='word_1_339' title='bbox 167 2486 325 2521; x_wconf 81' lang='lat' dir='ltr'><em>Romanos</em></span> <span class='ocrx_word' id='word_1_340' title='bbox 339 2491 421 2522; x_wconf 80' lang='lat' dir='ltr'><em>facta</em></span> <span class='ocrx_word' id='word_1_341' title='bbox 434 2492 552 2523; x_wconf 85' lang='lat' dir='ltr'><em>bellum</em></span> <span class='ocrx_word' id='word_1_342' title='bbox 567 2491 743 2523; x_wconf 81' lang='lat' dir='ltr'><em>indixerint.</em></span> 
     </span>
    </p>

    <p class='ocr_par' dir='ltr' id='par_1_8' title="bbox 166 2531 849 2742">
     <span class='ocr_line' id='line_1_45' title="bbox 214 2531 848 2576; baseline -0.002 -13"><span class='ocrx_word' id='word_1_343' title='bbox 214 2531 252 2560; x_wconf 87' lang='lat'><em>14</em></span> <span class='ocrx_word' id='word_1_344' title='bbox 279 2532 330 2563; x_wconf 74' lang='lat' dir='ltr'><em>Uli</em></span> <span class='ocrx_word' id='word_1_345' title='bbox 356 2536 464 2576; x_wconf 79' lang='lat' dir='ltr'><em>omnes]</em></span> <span class='ocrx_word' id='word_1_346' title='bbox 504 2536 598 2575; x_wconf 81' lang='lat' dir='ltr'><em>Lege,</em></span> <span class='ocrx_word' id='word_1_347' title='bbox 622 2542 656 2565; x_wconf 76' lang='lat' dir='ltr'><em>ut</em></span> <span class='ocrx_word' id='word_1_348' title='bbox 683 2535 714 2564; x_wconf 79' lang='lat' dir='ltr'><em>hi</em></span> <span class='ocrx_word' id='word_1_349' title='bbox 739 2544 848 2563; x_wconf 74' lang='lat' dir='ltr'><em>omncs:</em></span> 
     </span>
     <span class='ocr_line' id='line_1_46' title="bbox 169 2575 845 2613; baseline 0.01 -10"><span class='ocrx_word' id='word_1_350' title='bbox 169 2575 438 2613; x_wconf 85' lang='lat' dir='ltr'><em>quemadmodum,</em></span> <span class='ocrx_word' id='word_1_351' title='bbox 468 2578 490 2608; x_wconf 88' lang='lat'><em>1.</em></span> <span class='ocrx_word' id='word_1_352' title='bbox 518 2579 630 2609; x_wconf 80' lang='lat' dir='ltr'>XXII.</span> <span class='ocrx_word' id='word_1_353' title='bbox 658 2588 686 2608; x_wconf 90' lang='lat' dir='ltr'><em>c.</em></span> <span class='ocrx_word' id='word_1_354' title='bbox 716 2578 765 2608; x_wconf 84' lang='lat'><em>11.</em></span> <span class='ocrx_word' id='word_1_355' title='bbox 802 2582 845 2610; x_wconf 74' lang='lat' dir='ltr'><em>ut,</em></span> 
     </span>
     <span class='ocr_line' id='line_1_47' title="bbox 166 2616 848 2661; baseline 0.009 -18"><span class='ocrx_word' id='word_1_356' title='bbox 166 2616 267 2652; x_wconf 77' lang='lat' dir='ltr'><em>quibus</em></span> <span class='ocrx_word' id='word_1_357' title='bbox 318 2621 420 2658; x_wconf 77' lang='lat' dir='ltr'><em>oppida</em></span> <span class='ocrx_word' id='word_1_358' title='bbox 470 2622 642 2661; x_wconf 68' lang='lat' dir='ltr'><em>castellaque</em></span> <span class='ocrx_word' id='word_1_359' title='bbox 693 2621 848 2649; x_wconf 75' lang='lat' dir='ltr'><em>immunita</em></span> 
     </span>
     <span class='ocr_line' id='line_1_48' title="bbox 168 2662 848 2703; baseline -0.001 -10"><span class='ocrx_word' id='word_1_360' title='bbox 168 2665 266 2693; x_wconf 81' lang='lat' dir='ltr'><em>essent,</em></span> <span class='ocrx_word' id='word_1_361' title='bbox 294 2667 328 2690; x_wconf 43' lang='lat' dir='ltr'><em>‘ut</em></span> <span class='ocrx_word' id='word_1_362' title='bbox 356 2662 385 2691; x_wconf 83' lang='lat' dir='ltr'><em>hi</em></span> <span class='ocrx_word' id='word_1_363' title='bbox 412 2665 444 2692; x_wconf 86' lang='lat' dir='ltr'><em>z&#39;n</em></span> <span class='ocrx_word' id='word_1_364' title='bbox 480 2665 542 2694; x_wconf 84' lang='lat' dir='ltr'><em>loca</em></span> <span class='ocrx_word' id='word_1_365' title='bbox 576 2670 641 2694; x_wconf 78' lang='lat' dir='ltr'><em>tnta</em></span> <span class='ocrx_word' id='word_1_366' title='bbox 676 2664 848 2703; x_wconf 74' lang='lat' dir='ltr'><em>commigra-</em></span> 
     </span>
     <span class='ocr_line' id='line_1_49' title="bbox 168 2702 849 2742; baseline 0.012 -15"><span class='ocrx_word' id='word_1_367' title='bbox 168 2706 244 2730; x_wconf 78' lang='lat' dir='ltr'><em>rent.</em></span> <span class='ocrx_word' id='word_1_368' title='bbox 266 2702 340 2733; x_wconf 73' lang='lat' dir='ltr'><em>Vid.</em></span> <span class='ocrx_word' id='word_1_369' title='bbox 362 2711 391 2734; x_wconf 87' lang='lat' dir='ltr'><em>et</em></span> <span class='ocrx_word' id='word_1_370' title='bbox 413 2705 503 2742; x_wconf 86' lang='lat' dir='ltr'><em>infra,</em></span> <span class='ocrx_word' id='word_1_371' title='bbox 525 2706 547 2736; x_wconf 90' lang='lat' dir='ltr'><em>l.</em></span> <span class='ocrx_word' id='word_1_372' title='bbox 570 2706 744 2738; x_wconf 75' lang='lat' dir='ltr'>XXXVII.</span> <span class='ocrx_word' id='word_1_373' title='bbox 769 2715 796 2735; x_wconf 86' lang='lat' dir='ltr'><em>c.</em></span> <span class='ocrx_word' id='word_1_374' title='bbox 819 2706 849 2735; x_wconf 88' lang='grc'><em>4.</em></span> 
     </span>
    </p>
   </div>
   <div class='ocr_carea' id='block_1_6' title="bbox 167 2740 848 2818">
    <p class='ocr_par' dir='ltr' id='par_1_9' title="bbox 167 2740 848 2818">
     <span class='ocr_line' id='line_1_50' title="bbox 170 2740 848 2790; baseline 0.006 -16"><span class='ocrx_word' id='word_1_375' title='bbox 170 2740 220 2772; x_wconf 88' lang='lat' dir='ltr'><em>De</em></span> <span class='ocrx_word' id='word_1_376' title='bbox 257 2745 460 2789; x_wconf 79' lang='lat' dir='ltr'><em>geminatione</em></span> <span class='ocrx_word' id='word_1_377' title='bbox 495 2749 653 2790; x_wconf 80' lang='lat' dir='ltr'><em>particulae</em></span> <span class='ocrx_word' id='word_1_378' title='bbox 686 2755 719 2778; x_wconf 73' lang='lat' dir='ltr'><em>ut</em></span> <span class='ocrx_word' id='word_1_379' title='bbox 755 2747 848 2778; x_wconf 87' lang='lat' dir='ltr'><em>modo</em></span> 
     </span>
     <span class='ocr_line' id='line_1_51' title="bbox 167 2795 350 2818; baseline 0.011 -4"><span class='ocrx_word' id='word_1_380' title='bbox 167 2795 350 2818; x_wconf 87' lang='lat' dir='ltr'><em>monu1mus.</em></span> 
     </span>
    </p>
   </div>
   <div class='ocr_carea' id='block_1_7' title="bbox 169 2830 847 2917">
    <p class='ocr_par' dir='ltr' id='par_1_10' title="bbox 169 2830 847 2917">
     <span class='ocr_line' id='line_1_52' title="bbox 214 2830 846 2874; baseline 0.009 -16"><span class='ocrx_word' id='word_1_381' title='bbox 214 2830 251 2860; x_wconf 82' lang='lat'><em>15</em></span> <span class='ocrx_word' id='word_1_382' title='bbox 274 2831 318 2860; x_wconf 77' lang='lat' dir='ltr'><em>Ab</em></span> <span class='ocrx_word' id='word_1_383' title='bbox 339 2832 447 2862; x_wconf 75' lang='lat' dir='ltr'><em>duobus</em></span> <span class='ocrx_word' id='word_1_384' title='bbox 466 2834 590 2874; x_wconf 77' lang='lat' dir='ltr'><em>regibus,</em></span> <span class='ocrx_word' id='word_1_385' title='bbox 620 2834 756 2873; x_wconf 79' lang='lat' dir='ltr'><em>Philippo</em></span> <span class='ocrx_word' id='word_1_386' title='bbox 778 2834 846 2863; x_wconf 83' lang='lat' dir='ltr'><em>Ma-</em></span> 
     </span>
     <span class='ocr_line' id='line_1_53' title="bbox 169 2874 847 2917; baseline 0.007 -16"><span class='ocrx_word' id='word_1_387' title='bbox 169 2874 300 2908; x_wconf 62' lang='lat' dir='ltr'><em>celonioe,</em></span> <span class='ocrx_word' id='word_1_388' title='bbox 337 2880 362 2903; x_wconf 75' lang='lat' dir='ltr'><em>et</em></span> <span class='ocrx_word' id='word_1_389' title='bbox 400 2874 548 2907; x_wconf 72' lang='lat' dir='ltr'><em>Ptolemaeo</em></span> <span class='ocrx_word' id='word_1_390' title='bbox 584 2877 724 2917; x_wconf 66' lang='lat' dir='ltr'><em>[Egypti]</em></span> <span class='ocrx_word' id='word_1_391' title='bbox 769 2877 847 2906; x_wconf 78' lang='lat' dir='ltr'><em>Haec</em></span> 
     </span>
    </p>
   </div>
   <div class='ocr_carea' id='block_1_8' title="bbox 888 2103 1579 2914">
    <p class='ocr_par' dir='ltr' id='par_1_11' title="bbox 891 2103 1579 2318">
     <span class='ocr_line' id='line_1_54' title="bbox 893 2103 1579 2144; baseline 0.001 -10"><span class='ocrx_word' id='word_1_392' title='bbox 893 2110 1006 2140; x_wconf 81' lang='lat' dir='ltr'><em>tamus,</em></span> <span class='ocrx_word' id='word_1_393' title='bbox 1033 2104 1107 2144; x_wconf 86' lang='lat' dir='ltr'><em>quin</em></span> <span class='ocrx_word' id='word_1_394' title='bbox 1133 2109 1163 2134; x_wconf 85' lang='lat' dir='ltr'><em>et</em></span> <span class='ocrx_word' id='word_1_395' title='bbox 1187 2104 1239 2134; x_wconf 85' lang='lat' dir='ltr'><em>alii</em></span> <span class='ocrx_word' id='word_1_396' title='bbox 1262 2104 1357 2133; x_wconf 78' lang='lat' dir='ltr'><strong>MSS.</strong></span> <span class='ocrx_word' id='word_1_397' title='bbox 1382 2103 1464 2134; x_wconf 87' lang='lat' dir='ltr'><em>idem</em></span> <span class='ocrx_word' id='word_1_398' title='bbox 1493 2110 1579 2135; x_wconf 88' lang='lat' dir='ltr'><em>tene-</em></span> 
     </span>
     <span class='ocr_line' id='line_1_55' title="bbox 895 2147 1578 2187; baseline 0 -10"><span class='ocrx_word' id='word_1_399' title='bbox 895 2153 958 2182; x_wconf 79' lang='lat' dir='ltr'><em>ant,</em></span> <span class='ocrx_word' id='word_1_400' title='bbox 975 2147 999 2177; x_wconf 87' lang='lat' dir='ltr'><em>si</em></span> <span class='ocrx_word' id='word_1_401' title='bbox 1015 2147 1146 2177; x_wconf 82' lang='lat' dir='ltr'><em>editores</em></span> <span class='ocrx_word' id='word_1_402' title='bbox 1161 2147 1320 2177; x_wconf 85' lang='lat' dir='ltr'><em>observare</em></span> <span class='ocrx_word' id='word_1_403' title='bbox 1342 2156 1403 2176; x_wconf 91' lang='lat' dir='ltr'><em>non</em></span> <span class='ocrx_word' id='word_1_404' title='bbox 1427 2147 1578 2187; x_wconf 75' lang='lat' dir='ltr'><em>neglexis-</em></span> 
     </span>
     <span class='ocr_line' id='line_1_56' title="bbox 891 2189 1578 2230; baseline 0.001 -10"><span class='ocrx_word' id='word_1_405' title='bbox 891 2196 970 2221; x_wconf 87' lang='lat' dir='ltr'><em>sent.</em></span> <span class='ocrx_word' id='word_1_406' title='bbox 1016 2190 1154 2230; x_wconf 78' lang='lat' dir='ltr'><em>Vulgata</em></span> <span class='ocrx_word' id='word_1_407' title='bbox 1174 2189 1266 2220; x_wconf 89' lang='lat' dir='ltr'><em>lectio</em></span> <span class='ocrx_word' id='word_1_408' title='bbox 1288 2189 1450 2220; x_wconf 82' lang='lat' dir='ltr'><em>manifeste</em></span> <span class='ocrx_word' id='word_1_409' title='bbox 1471 2191 1578 2221; x_wconf 79' lang='lat' dir='ltr'><em>vitiosa</em></span> 
     </span>
     <span class='ocr_line' id='line_1_57' title="bbox 892 2233 1577 2274; baseline 0.001 -11"><span class='ocrx_word' id='word_1_410' title='bbox 892 2238 955 2263; x_wconf 84' lang='lat' dir='ltr'><em>est:</em></span> <span class='ocrx_word' id='word_1_411' title='bbox 1001 2234 1036 2263; x_wconf 71' lang='lat' dir='ltr'><em>ab</em></span> <span class='ocrx_word' id='word_1_412' title='bbox 1072 2235 1181 2263; x_wconf 71' lang='lat' dir='ltr'><em>duobus</em></span> <span class='ocrx_word' id='word_1_413' title='bbox 1215 2234 1340 2274; x_wconf 76' lang='lat' dir='ltr'><em>regibus,</em></span> <span class='ocrx_word' id='word_1_414' title='bbox 1380 2233 1517 2272; x_wconf 66' lang='lat' dir='ltr'><em>Philippu</em></span> <span class='ocrx_word' id='word_1_415' title='bbox 1551 2242 1577 2264; x_wconf 77' lang='lat' dir='ltr'><em>et</em></span> 
     </span>
     <span class='ocr_line' id='line_1_58' title="bbox 894 2276 1277 2318; baseline 0 -13"><span class='ocrx_word' id='word_1_416' title='bbox 894 2276 1047 2306; x_wconf 77' lang='lat' dir='ltr'><em>Ptolemoeo</em></span> <span class='ocrx_word' id='word_1_417' title='bbox 1064 2277 1186 2318; x_wconf 75' lang='lat' dir='ltr'><em>AEgypti</em></span> <span class='ocrx_word' id='word_1_418' title='bbox 1203 2287 1277 2317; x_wconf 74' lang='lat' dir='ltr'><em>rege.</em></span> 
     </span>
    </p>

    <p class='ocr_par' dir='ltr' id='par_1_12' title="bbox 888 2318 1576 2478">
     <span class='ocr_line' id='line_1_59' title="bbox 938 2318 1575 2358; baseline 0 -9"><span class='ocrx_word' id='word_1_419' title='bbox 938 2320 975 2349; x_wconf 89' lang='grc'><em>16</em></span> <span class='ocrx_word' id='word_1_420' title='bbox 999 2320 1085 2349; x_wconf 84' lang='lat' dir='ltr'><em>Mille</em></span> <span class='ocrx_word' id='word_1_421' title='bbox 1107 2321 1201 2358; x_wconf 77' lang='lat' dir='ltr'><em>pondo</em></span> <span class='ocrx_word' id='word_1_422' title='bbox 1225 2319 1309 2358; x_wconf 64' lang='grc' dir='ltr'><em>αιινὶ]</em></span> <span class='ocrx_word' id='word_1_423' title='bbox 1345 2318 1481 2349; x_wconf 80' lang='lat' dir='ltr'><em>Selibras</em></span> <span class='ocrx_word' id='word_1_424' title='bbox 1506 2329 1575 2349; x_wconf 85' lang='lat' dir='ltr'><em>nos—</em></span> 
     </span>
     <span class='ocr_line' id='line_1_60' title="bbox 890 2361 1576 2403; baseline 0.001 -12"><span class='ocrx_word' id='word_1_425' title='bbox 890 2366 983 2392; x_wconf 87' lang='lat' dir='ltr'><em>trates</em></span> <span class='ocrx_word' id='word_1_426' title='bbox 1014 2363 1106 2393; x_wconf 78' lang='lat'><em>1562.</em></span> <span class='ocrx_word' id='word_1_427' title='bbox 1134 2372 1205 2392; x_wconf 88' lang='lat' dir='ltr'><em>cum</em></span> <span class='ocrx_word' id='word_1_428' title='bbox 1240 2361 1341 2392; x_wconf 88' lang='lat' dir='ltr'><em>unciis</em></span> <span class='ocrx_word' id='word_1_429' title='bbox 1377 2363 1427 2399; x_wconf 55' lang='lat'><em>4„</em></span> <span class='ocrx_word' id='word_1_430' title='bbox 1464 2362 1576 2403; x_wconf 77' lang='lat' dir='ltr'><em>Viginti</em></span> 
     </span>
     <span class='ocr_line' id='line_1_61' title="bbox 889 2404 1574 2446; baseline 0.001 -12"><span class='ocrx_word' id='word_1_431' title='bbox 889 2405 982 2435; x_wconf 79' lang='lat' dir='ltr'><em>millia</em></span> <span class='ocrx_word' id='word_1_432' title='bbox 1008 2406 1099 2443; x_wconf 73' lang='lat' dir='ltr'><em>pondo</em></span> <span class='ocrx_word' id='word_1_433' title='bbox 1122 2406 1239 2446; x_wconf 74' lang='lat' dir='ltr'><em>urgenti</em></span> <span class='ocrx_word' id='word_1_434' title='bbox 1264 2409 1335 2435; x_wconf 87' lang='lat' dir='ltr'><em>sunt</em></span> <span class='ocrx_word' id='word_1_435' title='bbox 1359 2404 1477 2434; x_wconf 83' lang='lat' dir='ltr'><em>selibrae</em></span> <span class='ocrx_word' id='word_1_436' title='bbox 1505 2416 1574 2435; x_wconf 84' lang='lat' dir='ltr'><em>nos-</em></span> 
     </span>
     <span class='ocr_line' id='line_1_62' title="bbox 888 2448 1106 2478; baseline 0 -2"><span class='ocrx_word' id='word_1_437' title='bbox 888 2453 982 2478; x_wconf 80' lang='lat' dir='ltr'><em>trates</em></span> <span class='ocrx_word' id='word_1_438' title='bbox 992 2448 1106 2478; x_wconf 79' lang='lat'>31250.</span> 
     </span>
    </p>

    <p class='ocr_par' dir='ltr' id='par_1_13' title="bbox 890 2488 1575 2867">
     <span class='ocr_line' id='line_1_63' title="bbox 938 2488 1574 2530; baseline -0.003 -9"><span class='ocrx_word' id='word_1_439' title='bbox 938 2492 974 2521; x_wconf 91' lang='grc'><em>17</em></span> <span class='ocrx_word' id='word_1_440' title='bbox 1002 2490 1106 2520; x_wconf 80' lang='lat' dir='ltr'><em>Tritici</em></span> <span class='ocrx_word' id='word_1_441' title='bbox 1137 2489 1265 2520; x_wconf 64' lang='lat' dir='ltr'><em>modinm</em></span> <span class='ocrx_word' id='word_1_442' title='bbox 1299 2489 1392 2529; x_wconf 77' lang='lat' dir='ltr'><em>mille]</em></span> <span class='ocrx_word' id='word_1_443' title='bbox 1432 2488 1574 2530; x_wconf 78' lang='lat' dir='ltr'><em>Sigonius</em></span> 
     </span>
     <span class='ocr_line' id='line_1_64' title="bbox 892 2531 1574 2564; baseline -0.003 -1"><span class='ocrx_word' id='word_1_444' title='bbox 892 2533 1065 2564; x_wconf 85' lang='lat' dir='ltr'><em>observavit</em></span> <span class='ocrx_word' id='word_1_445' title='bbox 1090 2533 1170 2563; x_wconf 86' lang='lat' dir='ltr'><em>hanc</em></span> <span class='ocrx_word' id='word_1_446' title='bbox 1193 2531 1286 2562; x_wconf 84' lang='lat' dir='ltr'><em>tritici</em></span> <span class='ocrx_word' id='word_1_447' title='bbox 1311 2542 1463 2562; x_wconf 81' lang='lat' dir='ltr'><em>summam</em></span> <span class='ocrx_word' id='word_1_448' title='bbox 1488 2543 1574 2562; x_wconf 80' lang='lat' dir='ltr'><em>men-</em></span> 
     </span>
     <span class='ocr_line' id='line_1_65' title="bbox 891 2573 1574 2617; baseline -0.003 -11"><span class='ocrx_word' id='word_1_449' title='bbox 891 2575 996 2606; x_wconf 84' lang='lat' dir='ltr'><em>dosam</em></span> <span class='ocrx_word' id='word_1_450' title='bbox 1011 2576 1117 2617; x_wconf 88' lang='lat' dir='ltr'><em>procul</em></span> <span class='ocrx_word' id='word_1_451' title='bbox 1132 2574 1225 2606; x_wconf 84' lang='lat' dir='ltr'><em>dubio</em></span> <span class='ocrx_word' id='word_1_452' title='bbox 1248 2585 1324 2606; x_wconf 81' lang='lat' dir='ltr'><em>esse.</em></span> <span class='ocrx_word' id='word_1_453' title='bbox 1370 2575 1438 2604; x_wconf 89' lang='lat' dir='ltr'><em>Hoc</em></span> <span class='ocrx_word' id='word_1_454' title='bbox 1461 2573 1574 2605; x_wconf 81' lang='lat' dir='ltr'><em>intelli-</em></span> 
     </span>
     <span class='ocr_line' id='line_1_66' title="bbox 890 2616 1575 2659; baseline -0.003 -10"><span class='ocrx_word' id='word_1_455' title='bbox 890 2619 971 2659; x_wconf 84' lang='lat' dir='ltr'><em>gitur</em></span> <span class='ocrx_word' id='word_1_456' title='bbox 985 2619 1088 2649; x_wconf 84' lang='lat' dir='ltr'><em>statim</em></span> <span class='ocrx_word' id='word_1_457' title='bbox 1103 2629 1140 2649; x_wconf 88' lang='lat' dir='ltr'><em>ex</em></span> <span class='ocrx_word' id='word_1_458' title='bbox 1155 2628 1275 2648; x_wconf 85' lang='lat' dir='ltr'><em>summa</em></span> <span class='ocrx_word' id='word_1_459' title='bbox 1289 2627 1307 2647; x_wconf 87' lang='lat' dir='ltr'><em>a</em></span> <span class='ocrx_word' id='word_1_460' title='bbox 1330 2616 1499 2647; x_wconf 82' lang='lat' dir='ltr'><em>Masinissa.</em></span> <span class='ocrx_word' id='word_1_461' title='bbox 1520 2618 1575 2647; x_wconf 93' lang='lat' dir='ltr'><em>ob-</em></span> 
     </span>
     <span class='ocr_line' id='line_1_67' title="bbox 892 2660 1575 2702; baseline -0.001 -11"><span class='ocrx_word' id='word_1_462' title='bbox 892 2661 966 2692; x_wconf 80' lang='lat' dir='ltr'><em>lata.</em></span> <span class='ocrx_word' id='word_1_463' title='bbox 1025 2662 1171 2693; x_wconf 84' lang='lat' dir='ltr'><em>Ceterum</em></span> <span class='ocrx_word' id='word_1_464' title='bbox 1200 2663 1359 2702; x_wconf 71' lang='lat' dir='ltr'><em>quingenta</em></span> <span class='ocrx_word' id='word_1_465' title='bbox 1395 2660 1487 2688; x_wconf 72' lang='lat' dir='ltr'><em>millia</em></span> <span class='ocrx_word' id='word_1_466' title='bbox 1516 2671 1575 2690; x_wconf 82' lang='lat' dir='ltr'><em>mo-</em></span> 
     </span>
     <span class='ocr_line' id='line_1_68' title="bbox 893 2701 1574 2735; baseline 0 -1"><span class='ocrx_word' id='word_1_467' title='bbox 893 2706 976 2734; x_wconf 66' lang='lat' dir='ltr'><em>dium</em></span> <span class='ocrx_word' id='word_1_468' title='bbox 1023 2705 1235 2735; x_wconf 81' lang='lat' dir='ltr'><em>Romanorum</em></span> <span class='ocrx_word' id='word_1_469' title='bbox 1283 2702 1419 2732; x_wconf 86' lang='lat' dir='ltr'><em>efficiunt</em></span> <span class='ocrx_word' id='word_1_470' title='bbox 1454 2701 1574 2734; x_wconf 84' lang='lat' dir='ltr'><em>modios</em></span> 
     </span>
     <span class='ocr_line' id='line_1_69' title="bbox 891 2745 1575 2778; baseline -0.004 -1"><span class='ocrx_word' id='word_1_471' title='bbox 891 2753 1041 2778; x_wconf 85' lang='lat' dir='ltr'><em>nostrates</em></span> <span class='ocrx_word' id='word_1_472' title='bbox 1063 2745 1339 2778; x_wconf 78' lang='lat' dir='ltr'><em>circiter-385416.</em></span> <span class='ocrx_word' id='word_1_473' title='bbox 1359 2750 1486 2774; x_wconf 73' lang='lat' dir='ltr'><em>trecenta</em></span> <span class='ocrx_word' id='word_1_474' title='bbox 1509 2747 1575 2774; x_wconf 79' lang='lat' dir='ltr'><em>mil--</em></span> 
     </span>
     <span class='ocr_line' id='line_1_70' title="bbox 892 2788 1575 2828; baseline -0.003 -8"><span class='ocrx_word' id='word_1_475' title='bbox 892 2791 944 2826; x_wconf 74' lang='lat' dir='ltr'><em>lia,</em></span> <span class='ocrx_word' id='word_1_476' title='bbox 970 2791 1108 2820; x_wconf 78' lang='lat'><em>231250.</em></span> <span class='ocrx_word' id='word_1_477' title='bbox 1130 2792 1256 2820; x_wconf 76' lang='lat' dir='ltr'><em>ducenta</em></span> <span class='ocrx_word' id='word_1_478' title='bbox 1274 2788 1488 2828; x_wconf 69' lang='lat' dir='ltr'><em>quinquaginta</em></span> <span class='ocrx_word' id='word_1_479' title='bbox 1509 2790 1575 2818; x_wconf 80' lang='lat' dir='ltr'><em>mil-</em></span> 
     </span>
     <span class='ocr_line' id='line_1_71' title="bbox 892 2834 1097 2867; baseline 0.005 -5"><span class='ocrx_word' id='word_1_480' title='bbox 892 2834 944 2867; x_wconf 79' lang='lat' dir='ltr'><em>lia,</em></span> <span class='ocrx_word' id='word_1_481' title='bbox 963 2834 1097 2863; x_wconf 80' lang='lat'><em>192706.</em></span> 
     </span>
    </p>

    <p class='ocr_par' dir='ltr' id='par_1_14' title="bbox 937 2872 1446 2914">
     <span class='ocr_line' id='line_1_72' title="bbox 937 2872 1446 2914; baseline -0.008 -8"><span class='ocrx_word' id='word_1_482' title='bbox 937 2877 1003 2905; x_wconf 69' lang='lat'><em>18*</em></span> <span class='ocrx_word' id='word_1_483' title='bbox 1014 2875 1154 2914; x_wconf 78' lang='lat' dir='ltr'><em>Szwrum]</em></span> <span class='ocrx_word' id='word_1_484' title='bbox 1179 2873 1283 2903; x_wconf 66' lang='lat' dir='ltr'><em>Vacat</em></span> <span class='ocrx_word' id='word_1_485' title='bbox 1298 2872 1363 2902; x_wconf 61' lang='lat' dir='ltr'><em>hss&#39;ec</em></span> <span class='ocrx_word' id='word_1_486' title='bbox 1379 2882 1446 2902; x_wconf 84' lang='lat' dir='ltr'><em>vox.</em></span> 
     </span>
    </p>
   </div>
  </div>
 </body>
</html>
