1947 3222
539 133 662 171 LIB.
690 130 906 170 XXXVII.
948 131 1079 169 CAP.
1109 132 1266 170 XVIII.
1533 137 1608 173 293

202 240 387 282 Profecti
419 240 529 291 inde,
549 240 752 296 ⁵³pacatis
781 239 940 288 ceteris,
968 253 1100 295 quum
1130 254 1244 279 oram
1266 240 1381 281 Asiae
1410 241 1607 296 legerent,
1625 252 1662 284 U.
1679 252 1799 283 (2562.

204 296 389 353 Loryma
406 297 571 354 (portus
586 296 786 338 adversus
802 295 1003 337 Rhodum
1020 298 1101 349 est)
1119 306 1409 351 pervenerunt.
1444 298 1510 339 Ibi
1526 298 1607 340 ⁵⁴¹in
1622 294 1660 326 A*
1673 294 1711 326 C·
1729 294 1801 326 ¹9⁰·

202 353 416 410 principiis
458 369 589 395 sermo
632 353 769 409 primo
816 353 924 394 inter
970 352 1160 395 tribunos
1207 352 1388 394 milituln
1429 364 1609 397 secretus

201 411 352 460 oritur,
373 410 521 451 deinde
542 410 594 450 ad
616 425 735 450 aures
762 409 892 466 ipsius
914 408 1076 450 AEmilii
1105 407 1309 465 pervenit,
1332 409 1483 451 abduci
1511 412 1610 453 clas-

202 481 288 508 sem
322 467 375 507 ab
405 466 589 522 Epheso,
620 467 673 507 ab
711 482 786 506 suo
820 466 953 507 bello:
987 475 1033 507 ut
1064 466 1117 507 ab
1151 474 1269 521 tergo
1304 465 1407 506 liber
1441 467 1610 510 relictus

202 522 332 563 hostis
351 523 392 563 in
413 530 475 563 tot
496 523 751 579 propinquas
773 523 975 564 sociorum
1000 523 1122 564 urbes
1137 523 1276 563 omnia
1295 521 1450 577 inpune
1471 526 1608 567 conari

201 587 349 634 posset.
413 578 586 620 Movere
619 595 666 620 ea
696 580 941 621 AEmilium:
974 587 1225 635 vocatosque
1256 578 1446 619 Rhodios
1477 595 1609 634 quum

199 644 494 690 percunctatus
534 645 653 685 esset,
686 645 926 678 utrumnam
964 637 1127 678 Pataris
1163 635 1355 677 universa
1387 635 1527 677 classis
1565 637 1608 677 in

199 700 324 746 portu
346 702 454 734 stare
473 702 624 749 posset,
647 709 779 750 quum
799 693 1121 750 respondissent,
1142 707 1224 733 non
1244 707 1389 747 posse;
1423 707 1607 734 caussam
1622 702 1814 744 RepetitSa-

197 757 345 790 nactus
364 749 606 792 omittendae
625 751 699 801 rei,
724 752 893 793 Samum
913 750 1101 791 reduxitt
1120 765 1256 790 naves.
1620 755 1716 778 mum.

256 805 436 847 XVIII.
470 808 550 847 Per
570 807 680 848 idem
703 816 867 863 tempus
885 807 1095 856 Seleucus,
1114 805 1314 847 Antiochi
1334 805 1458 857 filius,
1475 822 1607 862 quum

198 876 273 917 per
293 877 413 903 omne
433 863 701 905 hibernorum
723 873 888 920 tempus
909 863 1136 905 exercitum
1167 862 1209 903 in
1230 862 1399 903 AEolide
1420 864 1608 906 continu-

199 918 312 970 isset,
338 920 490 975 partim
523 921 639 962 sociis
671 920 841 962 ferendo
870 935 1006 976 opem,
1037 919 1204 976 partim,
1227 934 1332 975 quos
1367 919 1407 959 in
1439 921 1608 962 societa-

197 982 281 1016 tem
317 976 513 1032 perlicere
547 992 629 1018 non
662 986 841 1034 poterat,
872 976 1191 1033 depopulandis,
1222 975 1396 1016 transire
1429 976 1471 1017 in
1507 977 1608 1019 fines

198 1033 316 1087 regni
347 1034 563 1085 Eumenis,
585 1033 687 1077 dum
722 1034 756 1075 is
790 1034 937 1090 procul
969 1034 1021 1074 ab
1052 1033 1175 1079 domo
1207 1047 1303 1074 cum
1336 1033 1536 1074 Romanis
1566 1043 1606 1075 et

201 1088 379 1130 Rhodiis
410 1090 554 1146 Lyeiae
583 1090 790 1132 maritima
819 1092 1096 1146 obpugnaret,
1122 1088 1280 1130 statuit.
1343 1089 1416 1129 Ad
1446 1090 1607 1131 Elaeam

198 1146 334 1200 primo
360 1146 519 1187 infestis
549 1148 677 1202 signis
706 1147 897 1188 accessit:
931 1146 1094 1195 deinde,
1117 1146 1266 1187 omissa
1294 1146 1607 1202 obpugnatione

198 1202 326 1251 urbis,
349 1218 470 1258 agros
489 1203 695 1245 hostiliter
715 1203 1008 1259 depopulatus,
1030 1202 1083 1243 ad
1103 1211 1229 1258 caput
1250 1218 1469 1258 arcemque
1489 1205 1605 1259 regni

198 1259 449 1315 Pergamum
472 1259 589 1301 ducit
608 1260 1009 1316 ⁵⁵obpugnandu1n¹¹.
1060 1259 1234 1300 Attalus
1255 1259 1404 1316 primo,
1422 1259 1606 1301 stationi-
1618 1272 1765 1304 Seleucus

195 1315 276 1357 bus
305 1324 400 1357 ante
432 1317 577 1358 urbem
611 1318 771 1373 positiS,
793 1326 834 1359 et
862 1316 1176 1358 excursionibus
1197 1317 1389 1372 equitum
1420 1315 1605 1372 levisque
1617 1316 1763 1347 Antiochi

194 1382 433 1423 armaturae,
454 1374 586 1429 magis
615 1374 852 1424 lacessebat,
875 1389 1003 1430 quam
1033 1373 1276 1423 sustinebat,
1298 1373 1471 1414 hostem.
1494 1382 1606 1429 post·
1616 1360 1782 1434 3135*

194 1444 322 1480 remo,
344 1445 492 1485 quum,
520 1446 594 1487 per
625 1431 733 1472 levia
762 1431 986 1472 certamina
1016 1438 1228 1485 expertus,
1253 1429 1369 1470 nulla
1398 1439 1516 1485 parte
1546 1432 1744 1489 vi-pugnat.

194 1485 305 1526 rium
325 1501 367 1527 se
386 1489 529 1542 par'em
549 1503 650 1537 esse,
672 1487 781 1528 intra
807 1488 960 1528 moenia
980 1503 1021 1528 se
1050 1487 1283 1542 recepisset,
1305 1486 1484 1527 obsideri
1505 1488 1605 1529 urbs

194 1551 334 1598 coepta
363 1551 436 1584 est.
497 1544 657 1585 Eodem
687 1544 816 1585 ferme
846 1553 1032 1599 tempore
1061 1551 1102 1583 et
1133 1543 1384 1594 Antiochus,
1407 1543 1459 1583 ab
1489 1545 1606 1600 Apa-

196 1613 289 1639 mea
316 1600 543 1655 profectus,
573 1601 773 1642 Sardibus
805 1600 1001 1656 primum,
1024 1599 1188 1650 deinde,
1216 1599 1509 1655 haudprocul
1541 1602 1609 1642 Se-

197 1655 305 1696 leuci
344 1657 501 1707 castris,
537 1657 591 1698 ad
631 1667 755 1713 caput
796 1657 909 1698 Caici
949 1657 1080 1698 amnis
1121 1655 1273 1697 stativa
1312 1656 1475 1706 habuit,
1514 1673 1608 1699 cum

195 1727 347 1768 magno
376 1714 562 1756 exercitu
591 1715 724 1756 mixto
751 1714 875 1754 variis
905 1729 956 1754 ex
990 1713 1198 1769 gentibus.
1260 1712 1494 1753 Plurimum
1528 1723 1608 1755 ter-

195 1770 300 1810 roris
319 1770 361 1810 in
385 1770 602 1812 Gallorum
630 1770 817 1812 mercede
848 1770 1063 1812 conductis
1085 1778 1268 1826 quatuor
1298 1769 1483 1810 millibus
1505 1780 1604 1813 erat.

194 1824 284 1876 hos,
315 1827 457 1882 paucis
492 1828 703 1878 admixtis,
736 1827 790 1868 ad
829 1827 1154 1883 pervastandum
1193 1825 1347 1882 passim
1384 1827 1606 1882 Pergame-

193 1896 295 1923 num
325 1899 472 1938 agrum
500 1885 622 1927 misit.
684 1886 788 1935 Quae
818 1893 1041 1940 postquam
1066 1886 1235 1924 Samum
1267 1891 1363 1924 sunt
1394 1885 1604 1936 nunciata,

193 1939 329 1994 primo
350 1941 574 1992 Eumenes,
596 1950 791 1983 avocatus
818 1941 1045 1982 domestico
1074 1940 1198 1990 bello,
1221 1955 1315 1980 cum
1345 1939 1473 1981 classe
1495 1941 1605 1983 Elae-

193 2010 260 2036 am
289 1997 419 2052 petit:
451 1997 562 2048 inde,
584 2013 717 2054 quum
746 2006 901 2054 praesto
931 1998 1106 2038 fuissent
1137 1997 1298 2052 equites
1328 1996 1604 2054 peditumque

192 2053 392 2108 expediti,
413 2055 608 2109 praesidio
638 2071 778 2096 eorum
802 2063 935 2105 tutus,
956 2054 1210 2110 priusquam
1229 2053 1368 2094 hostes
1389 2054 1602 2105 sentirent,

192 2117 267 2150 aut
291 2119 571 2161 moverentur,
594 2113 846 2167 Pergamum
875 2111 1098 2153 contendit.
1130 2110 1188 2151 ibi
1218 2125 1362 2150 rursus
1392 2109 1499 2159 levia
1528 2126 1603 2166 per

190 2166 453 2208 excursiones
482 2168 631 2223 proelia
661 2169 749 2209 fieri
779 2177 930 2224 coepta,
952 2169 1143 2222 Eumene
1175 2182 1348 2207 summae
1377 2166 1436 2207 rei
1462 2167 1603 2208 discri-

191 2237 286 2263 men
320 2223 436 2265 haud
469 2224 598 2265 dubie
633 2225 899 2267 detrectante.
962 2224 1123 2265 Paucos
1162 2231 1256 2279 post
1276 2223 1380 2272 ‚dies
1416 2224 1602 2266 Romana

193 2279 445 2336 Rhodiaque
477 2281 630 2332 elassis,
652 2290 700 2323 ut
729 2282 818 2338 regi
847 2297 969 2338 opem
1001 2281 1171 2330 ferrent,
1200 2279 1365 2324 Elaeam,
1393 2280 1445 2321 ab
1479 2282 1601 2322 Samo

191 2346 406 2378 venerunt.
468 2337 588 2386 Quos
617 2339 691 2380 ubi
722 2340 958 2394 exposuisse
979 2337 1116 2394 copias
1137 2338 1281 2387 Elaeae,
1303 2345 1342 2378 et
1366 2345 1429 2378 tot
1454 2337 1600 2379 classes

191 2391 236 2432 in
259 2408 390 2435 unum
417 2395 652 2436 convenisse
682 2404 866 2451 portum,
889 2395 1099 2435 Antiocho
1130 2394 1317 2435 adlatum
1338 2402 1424 2441 est;
1458 2402 1498 2434 et
1521 2394 1598 2435 sub

191 2446 300 2489 idem
329 2459 495 2507 tempus
518 2452 694 2503 audivit,
716 2452 925 2492 consulem
946 2466 1040 2492 cum
1061 2451 1247 2491 exercitu
1273 2451 1361 2505 jam
1391 2450 1433 2490 in
1458 2450 1598 2491 Mace-

193 2503 315 2547 donia
337 2523 436 2559 esse,
458 2509 694 2565 pararique,
715 2509 851 2565 ⁵⁶quae
871 2508 925 2549 ad
954 2507 1176 2549 transitum
1197 2507 1460 2563 Hellesponti
1490 2523 1595 2563 opus

540 2609 550 2629 t
566 2609 679 2638 reducit
695 2607 786 2639 CreV.
870 2611 886 2628 ¹¹
900 2609 1122 2649 oppugnandum
1140 2606 1237 2637 Gron.

233 2697 432 2730 53‘Pacatis
465 2703 579 2743 ceteris]
625 2704 732 2740 Quum
767 2708 868 2734 cetera
953 2704 994 2733 55
1032 2701 1285 2743 Oppugnandum]
1344 2699 1485 2739 Sigonius
1531 2698 1591 2740 legi

189 2739 313 2780 oppida,
347 2741 425 2778 loca,
454 2751 563 2784 praeter
593 2748 728 2782 Jassum,
757 2751 868 2788 pacata
906 2745 1040 2786 jusserat
1070 2745 1304 2785 oppugnandam.
1348 2742 1408 2772 Sed
1443 2741 1475 2771 id
1509 2741 1592 2782 quod

190 2787 291 2812 essent
303 2787 334 2814 et
348 2785 449 2815 amica
463 2786 622 2819 Romanis.
909 2787 1063 2819 edidimus
1087 2792 1211 2817 tuentur
1232 2785 1302 2816 libri
1321 2784 1430 2815 Medio
1451 2783 1591 2826 inspecti,

234 2825 275 2854 54
299 2825 335 2856 I’l
356 2828 522 2871 principiis]
546 2831 620 2863 Vid.
639 2837 703 2863 not.
720 2832 772 2864 65.
790 2832 830 2864 ad
845 2832 866 2864 1.
909 2837 940 2863 et
955 2836 1056 2861 noster
1070 2830 1155 2860 Vict.
1170 2834 1201 2860 et
1215 2827 1369 2858 Audi-eas.

193 2866 378 2900 vum-12·
391 2880 494 2913 s“Pra-
951 2875 993 2906 56
1018 2874 1093 2906 Quae
1116 2893 1125 2904 .
1142 2894 1149 2903 .
1167 2892 1176 2901 .
1195 2893 1204 2902 .
1226 2881 1294 2910 opus
1322 2870 1426 2912 essent]
1470 2869 1590 2901 Vocem

956 2916 1050 2955 ‘1¹3
