<?xml version="1.0" encoding="UTF-8"?>
<!DOCTYPE html PUBLIC "-//W3C//DTD XHTML 1.0 Transitional//EN"
    "http://www.w3.org/TR/xhtml1/DTD/xhtml1-transitional.dtd">
<html xmlns="http://www.w3.org/1999/xhtml" xml:lang="en" lang="en">
 <head>
  <title>
</title>
<meta http-equiv="Content-Type" content="text/html;charset=utf-8" />
  <meta name='ocr-system' content='tesseract 3.04.00' />
  <meta name='ocr-capabilities' content='ocr_page ocr_carea ocr_par ocr_line ocrx_word'/>
</head>
<body>
  <div class='ocr_page' id='page_1' title='image "./historiarumaburb03livyuoft_0396.png"; bbox 0 0 1947 3222; ppageno 0'>
   <div class='ocr_carea' id='block_1_1' title="bbox 151 219 330 296">
    <p class='ocr_par' dir='ltr' id='par_1_1' title="bbox 151 219 330 296">
     <span class='ocr_line' id='line_1_1' title="bbox 151 219 330 252; baseline -0.006 0"><span class='ocrx_word' id='word_1_1' title='bbox 151 220 193 252; x_wconf 91' lang='lat' dir='ltr'>U.</span> <span class='ocrx_word' id='word_1_2' title='bbox 207 219 243 251; x_wconf 85' lang='lat' dir='ltr'>C.</span> <span class='ocrx_word' id='word_1_3' title='bbox 257 219 330 251; x_wconf 84' lang='lat'><strong>565.</strong></span> 
     </span>
     <span class='ocr_line' id='line_1_2' title="bbox 152 263 330 296; baseline -0.006 -2"><span class='ocrx_word' id='word_1_4' title='bbox 152 263 240 296; x_wconf 85' lang='lat' dir='ltr'>A.C.</span> <span class='ocrx_word' id='word_1_5' title='bbox 259 263 330 293; x_wconf 80' lang='lat'>187.</span> 
     </span>
    </p>
   </div>
   <div class='ocr_carea' id='block_1_2' title="bbox 361 95 1255 138">
    <p class='ocr_par' dir='ltr' id='par_1_2' title="bbox 361 95 1255 138">
     <span class='ocr_line' id='line_1_3' title="bbox 361 95 1255 138; baseline -0.007 0"><span class='ocrx_word' id='word_1_6' title='bbox 361 99 435 138; x_wconf 75' lang='lat'>386</span> <span class='ocrx_word' id='word_1_7' title='bbox 882 95 1027 133; x_wconf 88' lang='lat' dir='ltr'><strong>TITI</strong></span> <span class='ocrx_word' id='word_1_8' title='bbox 1082 95 1255 133; x_wconf 87' lang='lat' dir='ltr'>LIVII</span> 
     </span>
    </p>
   </div>
   <div class='ocr_carea' id='block_1_3' title="bbox 360 204 1786 375">
    <p class='ocr_par' dir='ltr' id='par_1_3' title="bbox 360 204 1786 375">
     <span class='ocr_line' id='line_1_4' title="bbox 360 204 1786 264; baseline -0.003 -15"><span class='ocrx_word' id='word_1_9' title='bbox 360 208 428 249; x_wconf 89' lang='lat' dir='ltr'>hic</span> <span class='ocrx_word' id='word_1_10' title='bbox 447 207 585 264; x_wconf 89' lang='lat' dir='ltr'>pudor</span> <span class='ocrx_word' id='word_1_11' title='bbox 605 205 907 261; x_wconf 84' lang='lat' dir='ltr'>malignitatem</span> <span class='ocrx_word' id='word_1_12' title='bbox 938 205 1054 254; x_wconf 86' lang='lat' dir='ltr'>vicit,</span> <span class='ocrx_word' id='word_1_13' title='bbox 1077 205 1426 261; x_wconf 82' lang='lat' dir='ltr'><strong>triumphumque</strong></span> <span class='ocrx_word' id='word_1_14' title='bbox 1448 204 1688 261; x_wconf 86' lang='lat' dir='ltr'>frequentes</span> <span class='ocrx_word' id='word_1_15' title='bbox 1715 204 1786 245; x_wconf 79' lang='lat' dir='ltr'>de-</span> 
     </span>
     <span class='ocr_line' id='line_1_5' title="bbox 361 261 1784 319; baseline -0.003 -13"><span class='ocrx_word' id='word_1_16' title='bbox 361 272 594 307; x_wconf 88' lang='lat' dir='ltr'>creverunt.</span> <span class='ocrx_word' id='word_1_17' title='bbox 655 262 874 319; x_wconf 85' lang='lat' dir='ltr'>Obpressit</span> <span class='ocrx_word' id='word_1_18' title='bbox 895 262 1046 303; x_wconf 81' lang='lat' dir='ltr'>deinde</span> <span class='ocrx_word' id='word_1_19' title='bbox 1066 263 1318 303; x_wconf 84' lang='lat' dir='ltr'>mentionem</span> <span class='ocrx_word' id='word_1_20' title='bbox 1340 261 1667 318; x_wconf 78' lang='lat' dir='ltr'><strong>memoriamque</strong></span> <span class='ocrx_word' id='word_1_21' title='bbox 1696 276 1784 302; x_wconf 89' lang='lat' dir='ltr'>om·-</span> 
     </span>
     <span class='ocr_line' id='line_1_6' title="bbox 361 318 1785 375; baseline -0.004 -12"><span class='ocrx_word' id='word_1_22' title='bbox 361 337 455 363; x_wconf 91' lang='lat' dir='ltr'>nem</span> <span class='ocrx_word' id='word_1_23' title='bbox 476 319 749 362; x_wconf 87' lang='lat' dir='ltr'>contentionis</span> <span class='ocrx_word' id='word_1_24' title='bbox 768 320 897 375; x_wconf 84' lang='lat' dir='ltr'>hujus</span> <span class='ocrx_word' id='word_1_25' title='bbox 917 319 1053 374; x_wconf 85' lang='lat' dir='ltr'>majus</span> <span class='ocrx_word' id='word_1_26' title='bbox 1082 327 1124 360; x_wconf 90' lang='lat' dir='ltr'>et</span> <span class='ocrx_word' id='word_1_27' title='bbox 1144 333 1241 359; x_wconf 89' lang='lat' dir='ltr'>cum</span> <span class='ocrx_word' id='word_1_28' title='bbox 1261 320 1416 374; x_wconf 73' lang='lat' dir='ltr'>majore</span> <span class='ocrx_word' id='word_1_29' title='bbox 1437 326 1477 359; x_wconf 85' lang='lat' dir='ltr'>et</span> <span class='ocrx_word' id='word_1_30' title='bbox 1501 318 1674 360; x_wconf 83' lang='lat' dir='ltr'>clariore</span> <span class='ocrx_word' id='word_1_31' title='bbox 1693 318 1785 359; x_wconf 89' lang='lat' dir='ltr'>viro</span> 
     </span>
    </p>
   </div>
   <div class='ocr_carea' id='block_1_4' title="bbox 152 366 1791 489">
    <p class='ocr_par' dir='ltr' id='par_1_4' title="bbox 152 366 1791 489">
     <span class='ocr_line' id='line_1_7' title="bbox 154 366 1787 431; baseline -0.004 -11"><span class='ocrx_word' id='word_1_32' title='bbox 154 388 256 431; x_wconf 83' lang='lat' dir='ltr'>Scipio</span> <span class='ocrx_word' id='word_1_33' title='bbox 270 385 352 418; x_wconf 83' lang='lat' dir='ltr'>Afri·</span> <span class='ocrx_word' id='word_1_34' title='bbox 362 387 571 421; x_wconf 85' lang='lat' dir='ltr'>certamen</span> <span class='ocrx_word' id='word_1_35' title='bbox 600 385 754 418; x_wconf 86' lang='lat' dir='ltr'>ortum.</span> <span class='ocrx_word' id='word_1_36' title='bbox 816 377 864 417; x_wconf 90' lang='lat' dir='ltr'>P.</span> <span class='ocrx_word' id='word_1_37' title='bbox 890 375 1071 430; x_wconf 81' lang='lat' dir='ltr'>Scipioni</span> <span class='ocrx_word' id='word_1_38' title='bbox 1096 375 1297 416; x_wconf 86' lang='lat' dir='ltr'>Africano</span> <span class='ocrx_word' id='word_1_39' title='bbox 1322 366 1391 427; x_wconf 65' lang='lat' dir='ltr'>(ut</span> <span class='ocrx_word' id='word_1_40' title='bbox 1413 375 1604 417; x_wconf 84' lang='lat' dir='ltr'>Valerius</span> <span class='ocrx_word' id='word_1_41' title='bbox 1633 374 1787 416; x_wconf 86' lang='lat' dir='ltr'>Antias</span> 
     </span>
     <span class='ocr_line' id='line_1_8' title="bbox 152 431 1791 489; baseline -0.004 -11"><span class='ocrx_word' id='word_1_42' title='bbox 152 442 250 463; x_wconf 84' lang='lat' dir='ltr'>canus</span> <span class='ocrx_word' id='word_1_43' title='bbox 261 441 511 477; x_wconf 62' lang='lat' dir='ltr'>‘³00¹‘auctor</span> <span class='ocrx_word' id='word_1_44' title='bbox 539 437 621 489; x_wconf 87' lang='lat' dir='ltr'>est)</span> <span class='ocrx_word' id='word_1_45' title='bbox 644 433 730 474; x_wconf 88' lang='lat' dir='ltr'>duo</span> <span class='ocrx_word' id='word_1_46' title='bbox 761 434 809 483; x_wconf 84' lang='lat' dir='ltr'>Q.</span> <span class='ocrx_word' id='word_1_47' title='bbox 833 432 989 472; x_wconf 82' lang='lat' dir='ltr'>Petillii</span> <span class='ocrx_word' id='word_1_48' title='bbox 1021 431 1131 472; x_wconf 89' lang='lat' dir='ltr'>diem</span> <span class='ocrx_word' id='word_1_49' title='bbox 1161 431 1371 474; x_wconf 86' lang='lat' dir='ltr'>dixerunt.</span> <span class='ocrx_word' id='word_1_50' title='bbox 1402 432 1462 483; x_wconf 92' lang='lat' dir='ltr'>id,</span> <span class='ocrx_word' id='word_1_51' title='bbox 1493 441 1621 489; x_wconf 90' lang='lat' dir='ltr'>prout</span> <span class='ocrx_word' id='word_1_52' title='bbox 1650 432 1791 487; x_wconf 85' lang='lat' dir='ltr'>cujus-</span> 
     </span>
    </p>
   </div>
   <div class='ocr_carea' id='block_1_5' title="bbox 155 481 250 506">
    <p class='ocr_par' dir='ltr' id='par_1_5' title="bbox 155 481 250 506">
     <span class='ocr_line' id='line_1_9' title="bbox 155 481 250 506; baseline -0.011 0"><span class='ocrx_word' id='word_1_53' title='bbox 155 481 250 506; x_wconf 82' lang='lat' dir='ltr'>satur.</span> 
     </span>
    </p>
   </div>
   <div class='ocr_carea' id='block_1_6' title="bbox 166 1691 346 1809">
    <p class='ocr_par' dir='ltr' id='par_1_6' title="bbox 166 1691 346 1809">
     <span class='ocr_line' id='line_1_10' title="bbox 166 1691 317 1722; baseline -0.007 0"><span class='ocrx_word' id='word_1_54' title='bbox 166 1691 317 1722; x_wconf 86' lang='lat' dir='ltr'>Tribuno-</span> 
     </span>
     <span class='ocr_line' id='line_1_11' title="bbox 168 1745 346 1766; baseline -0.006 0"><span class='ocrx_word' id='word_1_55' title='bbox 168 1746 234 1766; x_wconf 81' lang='lat' dir='ltr'>rum</span> <span class='ocrx_word' id='word_1_56' title='bbox 247 1745 346 1765; x_wconf 80' lang='lat' dir='ltr'>crimi-</span> 
     </span>
     <span class='ocr_line' id='line_1_12' title="bbox 172 1778 322 1809; baseline -0.007 0"><span class='ocrx_word' id='word_1_57' title='bbox 172 1778 322 1809; x_wconf 77' lang='lat' dir='ltr'>nationes.</span> 
     </span>
    </p>
   </div>
   <div class='ocr_carea' id='block_1_7' title="bbox 360 488 1807 2428">
    <p class='ocr_par' dir='ltr' id='par_1_7' title="bbox 360 488 1803 1689">
     <span class='ocr_line' id='line_1_13' title="bbox 366 488 1791 550; baseline -0.004 -16"><span class='ocrx_word' id='word_1_58' title='bbox 366 508 450 550; x_wconf 93' lang='lat' dir='ltr'>que</span> <span class='ocrx_word' id='word_1_59' title='bbox 484 492 701 548; x_wconf 86' lang='lat' dir='ltr'>ingenium</span> <span class='ocrx_word' id='word_1_60' title='bbox 730 497 834 539; x_wconf 87' lang='lat' dir='ltr'>erat,</span> <span class='ocrx_word' id='word_1_61' title='bbox 869 488 1268 544; x_wconf 83' lang='lat' dir='ltr'>interpretabantur.</span> <span class='ocrx_word' id='word_1_62' title='bbox 1347 489 1436 530; x_wconf 88' lang='lat' dir='ltr'>Alii</span> <span class='ocrx_word' id='word_1_63' title='bbox 1476 505 1558 530; x_wconf 90' lang='lat' dir='ltr'>non</span> <span class='ocrx_word' id='word_1_64' title='bbox 1599 489 1791 530; x_wconf 88' lang='lat' dir='ltr'>tribunos</span> 
     </span>
     <span class='ocr_line' id='line_1_14' title="bbox 366 544 1791 606; baseline -0.004 -15"><span class='ocrx_word' id='word_1_65' title='bbox 366 549 525 606; x_wconf 83' lang='lat' dir='ltr'>plebis;</span> <span class='ocrx_word' id='word_1_66' title='bbox 559 547 631 590; x_wconf 89' lang='lat' dir='ltr'>sed</span> <span class='ocrx_word' id='word_1_67' title='bbox 661 545 896 587; x_wconf 86' lang='lat' dir='ltr'>universam</span> <span class='ocrx_word' id='word_1_68' title='bbox 927 544 1153 596; x_wconf 84' lang='lat' dir='ltr'>civitatem,</span> <span class='ocrx_word' id='word_1_69' title='bbox 1181 560 1279 601; x_wconf 91' lang='lat' dir='ltr'>quae</span> <span class='ocrx_word' id='word_1_70' title='bbox 1309 544 1351 586; x_wconf 89' lang='lat' dir='ltr'>id</span> <span class='ocrx_word' id='word_1_71' title='bbox 1381 545 1470 602; x_wconf 86' lang='lat' dir='ltr'>pati</span> <span class='ocrx_word' id='word_1_72' title='bbox 1498 555 1652 602; x_wconf 88' lang='lat' dir='ltr'>posset,</span> <span class='ocrx_word' id='word_1_73' title='bbox 1674 546 1791 586; x_wconf 91' lang='lat' dir='ltr'>incu-</span> 
     </span>
     <span class='ocr_line' id='line_1_15' title="bbox 369 601 1793 658; baseline -0.004 -10"><span class='ocrx_word' id='word_1_74' title='bbox 369 607 527 648; x_wconf 87' lang='lat' dir='ltr'>sabant.</span> <span class='ocrx_word' id='word_1_75' title='bbox 588 605 710 644; x_wconf 88' lang='lat' dir='ltr'>Duas</span> <span class='ocrx_word' id='word_1_76' title='bbox 743 603 941 643; x_wconf 69' lang='lat' dir='ltr'>maximas</span> <span class='ocrx_word' id='word_1_77' title='bbox 972 601 1080 643; x_wconf 84' lang='lat' dir='ltr'>orbis</span> <span class='ocrx_word' id='word_1_78' title='bbox 1114 608 1315 643; x_wconf 83' lang='lat' dir='ltr'>terrarum</span> <span class='ocrx_word' id='word_1_79' title='bbox 1346 603 1462 643; x_wconf 85' lang='lat' dir='ltr'>urbes</span> <span class='ocrx_word' id='word_1_80' title='bbox 1492 605 1682 658; x_wconf 80' lang='lat' dir='ltr'>ingratas</span> <span class='ocrx_word' id='word_1_81' title='bbox 1712 616 1793 643; x_wconf 86' lang='lat' dir='ltr'>uno</span> 
     </span>
     <span class='ocr_line' id='line_1_16' title="bbox 360 660 1794 718; baseline -0.003 -15"><span class='ocrx_word' id='word_1_82' title='bbox 360 677 494 718; x_wconf 85' lang='lat' dir='ltr'>prope</span> <span class='ocrx_word' id='word_1_83' title='bbox 513 668 690 714; x_wconf 86' lang='lat' dir='ltr'>tempore</span> <span class='ocrx_word' id='word_1_84' title='bbox 711 660 754 700; x_wconf 84' lang='lat' dir='ltr'>in</span> <span class='ocrx_word' id='word_1_85' title='bbox 769 660 980 713; x_wconf 78' lang='lat' dir='ltr'>principes</span> <span class='ocrx_word' id='word_1_86' title='bbox 1000 660 1202 701; x_wconf 80' lang='lat' dir='ltr'>inventas.-</span> <span class='ocrx_word' id='word_1_87' title='bbox 1232 660 1406 700; x_wconf 83' lang='lat' dir='ltr'>Romam</span> <span class='ocrx_word' id='word_1_88' title='bbox 1437 660 1724 714; x_wconf 78' lang='lat' dir='ltr'>ingratiorem;</span> <span class='ocrx_word' id='word_1_89' title='bbox 1757 660 1794 700; x_wconf 91' lang='lat' dir='ltr'>si</span> 
     </span>
     <span class='ocr_line' id='line_1_17' title="bbox 370 717 1793 775; baseline -0.002 -15"><span class='ocrx_word' id='word_1_90' title='bbox 370 721 526 775; x_wconf 79' lang='lat' dir='ltr'>quidem</span> <span class='ocrx_word' id='word_1_91' title='bbox 548 719 655 759; x_wconf 82' lang='lat' dir='ltr'>victa</span> <span class='ocrx_word' id='word_1_92' title='bbox 677 718 894 771; x_wconf 79' lang='lat' dir='ltr'><em>Karthago</em></span> <span class='ocrx_word' id='word_1_93' title='bbox 914 717 1058 758; x_wconf 85' lang='lat' dir='ltr'>victum</span> <span class='ocrx_word' id='word_1_94' title='bbox 1084 717 1361 757; x_wconf 80' lang='lat' dir='ltr'>Hannibalem</span> <span class='ocrx_word' id='word_1_95' title='bbox 1384 719 1428 756; x_wconf 85' lang='lat' dir='ltr'>in</span> <span class='ocrx_word' id='word_1_96' title='bbox 1457 718 1642 758; x_wconf 71' lang='lat' dir='ltr'>exsilium</span> <span class='ocrx_word' id='word_1_97' title='bbox 1671 731 1793 770; x_wconf 78' lang='lat' dir='ltr'>expu-</span> 
     </span>
     <span class='ocr_line' id='line_1_18' title="bbox 369 774 1795 829; baseline -0.002 -11"><span class='ocrx_word' id='word_1_98' title='bbox 369 779 502 822; x_wconf 82' lang='lat' dir='ltr'>lisset‚·</span> <span class='ocrx_word' id='word_1_99' title='bbox 535 776 667 818; x_wconf 87' lang='lat' dir='ltr'>Roma</span> <span class='ocrx_word' id='word_1_100' title='bbox 688 776 839 816; x_wconf 76' lang='lat' dir='ltr'>victrix</span> <span class='ocrx_word' id='word_1_101' title='bbox 858 775 1046 815; x_wconf 85' lang='lat' dir='ltr'>victorem</span> <span class='ocrx_word' id='word_1_102' title='bbox 1068 774 1312 829; x_wconf 80' lang='lat' dir='ltr'>Africanum</span> <span class='ocrx_word' id='word_1_103' title='bbox 1333 775 1523 827; x_wconf 75' lang='lat' dir='ltr'>expellat.</span> <span class='ocrx_word' id='word_1_104' title='bbox 1585 774 1690 825; x_wconf 87' lang='lat' dir='ltr'>Alii,</span> <span class='ocrx_word' id='word_1_105' title='bbox 1712 774 1795 815; x_wconf 89' lang='lat' dir='ltr'>Ne-</span> 
     </span>
     <span class='ocr_line' id='line_1_19' title="bbox 369 830 1794 885; baseline -0.001 -11"><span class='ocrx_word' id='word_1_106' title='bbox 369 836 513 875; x_wconf 86' lang='lat' dir='ltr'>minem</span> <span class='ocrx_word' id='word_1_107' title='bbox 534 847 652 873; x_wconf 76' lang='lat' dir='ltr'>umtm</span> <span class='ocrx_word' id='word_1_108' title='bbox 673 832 793 873; x_wconf 83' lang='lat' dir='ltr'>civem</span> <span class='ocrx_word' id='word_1_109' title='bbox 809 837 966 872; x_wconf 81' lang='lat' dir='ltr'>tantum</span> <span class='ocrx_word' id='word_1_110' title='bbox 986 832 1159 872; x_wconf 86' lang='lat' dir='ltr'>eminere</span> <span class='ocrx_word' id='word_1_111' title='bbox 1188 831 1340 880; x_wconf 84' lang='lat' dir='ltr'>debere,</span> <span class='ocrx_word' id='word_1_112' title='bbox 1365 837 1409 871; x_wconf 89' lang='lat' dir='ltr'>ut</span> <span class='ocrx_word' id='word_1_113' title='bbox 1438 830 1590 885; x_wconf 81' lang='lat' dir='ltr'>legibus</span> <span class='ocrx_word' id='word_1_114' title='bbox 1620 832 1794 872; x_wconf 79' lang='lat' dir='ltr'>interro-</span> 
     </span>
     <span class='ocr_line' id='line_1_20' title="bbox 367 889 1796 947; baseline -0.002 -16"><span class='ocrx_word' id='word_1_115' title='bbox 367 892 467 947; x_wconf 83' lang='lat' dir='ltr'>gari</span> <span class='ocrx_word' id='word_1_116' title='bbox 485 905 564 931; x_wconf 82' lang='lat' dir='ltr'>nou</span> <span class='ocrx_word' id='word_1_117' title='bbox 588 891 740 943; x_wconf 81' lang='lat' dir='ltr'>possit.-</span> <span class='ocrx_word' id='word_1_118' title='bbox 771 890 879 930; x_wconf 75' lang='lat' dir='ltr'>nihil</span> <span class='ocrx_word' id='word_1_119' title='bbox 897 895 979 929; x_wconf 87' lang='lat' dir='ltr'>tam</span> <span class='ocrx_word' id='word_1_120' title='bbox 1000 890 1211 943; x_wconf 79' lang='lat' dir='ltr'>oequundae</span> <span class='ocrx_word' id='word_1_121' title='bbox 1238 889 1443 930; x_wconf 81' lang='lat' dir='ltr'>libertatis</span> <span class='ocrx_word' id='word_1_122' title='bbox 1470 903 1563 937; x_wconf 87' lang='lat' dir='ltr'>esse,</span> <span class='ocrx_word' id='word_1_123' title='bbox 1585 902 1703 943; x_wconf 85' lang='lat' dir='ltr'>quam</span> <span class='ocrx_word' id='word_1_124' title='bbox 1717 902 1796 942; x_wconf 82' lang='lat' dir='ltr'>po-</span> 
     </span>
     <span class='ocr_line' id='line_1_21' title="bbox 371 945 1796 1001; baseline -0.003 -11"><span class='ocrx_word' id='word_1_125' title='bbox 371 949 633 990; x_wconf 82' lang='lat' dir='ltr'>tentissimum</span> <span class='ocrx_word' id='word_1_126' title='bbox 674 960 862 1001; x_wconf 78' lang='lat' dir='ltr'>quemque</span> <span class='ocrx_word' id='word_1_127' title='bbox 894 946 1046 1000; x_wconf 76' lang='lat' dir='ltr'>82posse</span> <span class='ocrx_word' id='word_1_128' title='bbox 1080 948 1212 987; x_wconf 87' lang='lat' dir='ltr'>dicere</span> <span class='ocrx_word' id='word_1_129' title='bbox 1244 960 1434 987; x_wconf 82' lang='lat' dir='ltr'>caussam.</span> <span class='ocrx_word' id='word_1_130' title='bbox 1513 945 1628 995; x_wconf 75' lang='lat' dir='ltr'>Quid</span> <span class='ocrx_word' id='word_1_131' title='bbox 1664 951 1796 986; x_wconf 86' lang='lat' dir='ltr'>autem</span> 
     </span>
     <span class='ocr_line' id='line_1_22' title="bbox 373 1003 1799 1059; baseline -0.001 -13"><span class='ocrx_word' id='word_1_132' title='bbox 373 1013 456 1046; x_wconf 77' lang='lat' dir='ltr'>tuto</span> <span class='ocrx_word' id='word_1_133' title='bbox 475 1006 675 1059; x_wconf 82' lang='lat' dir='ltr'>cuiquam,</span> <span class='ocrx_word' id='word_1_134' title='bbox 696 1005 838 1045; x_wconf 84' lang='lat' dir='ltr'>nedum</span> <span class='ocrx_word' id='word_1_135' title='bbox 867 1018 1056 1046; x_wconf 88' lang='lat' dir='ltr'>summam</span> <span class='ocrx_word' id='word_1_136' title='bbox 1085 1004 1385 1058; x_wconf 78' lang='lat' dir='ltr'>rempublicam,</span> <span class='ocrx_word' id='word_1_137' title='bbox 1399 1004 1602 1056; x_wconf 78' lang='lat' dir='ltr'>permitti,</span> <span class='ocrx_word' id='word_1_138' title='bbox 1623 1003 1658 1044; x_wconf 83' lang='lat' dir='ltr'>si</span> <span class='ocrx_word' id='word_1_139' title='bbox 1686 1004 1799 1044; x_wconf 83' lang='lat' dir='ltr'>ratio</span> 
     </span>
     <span class='ocr_line' id='line_1_23' title="bbox 372 1061 1796 1116; baseline -0.002 -12"><span class='ocrx_word' id='word_1_140' title='bbox 372 1077 452 1104; x_wconf 82' lang='lat' dir='ltr'>non</span> <span class='ocrx_word' id='word_1_141' title='bbox 482 1064 537 1104; x_wconf 87' lang='lat' dir='ltr'>sit</span> <span class='ocrx_word' id='word_1_142' title='bbox 565 1063 801 1103; x_wconf 81' lang='lat' dir='ltr'>reddenda?</span> <span class='ocrx_word' id='word_1_143' title='bbox 842 1062 913 1116; x_wconf 81' lang='lat' dir='ltr'>qui</span> <span class='ocrx_word' id='word_1_144' title='bbox 932 1061 1007 1115; x_wconf 85' lang='lat' dir='ltr'>jus</span> <span class='ocrx_word' id='word_1_145' title='bbox 1040 1075 1194 1116; x_wconf 73' lang='lat' dir='ltr'>(equum</span> <span class='ocrx_word' id='word_1_146' title='bbox 1219 1062 1318 1114; x_wconf 80' lang='lat' dir='ltr'>pati</span> <span class='ocrx_word' id='word_1_147' title='bbox 1351 1073 1430 1101; x_wconf 79' lang='lat' dir='ltr'>uon</span> <span class='ocrx_word' id='word_1_148' title='bbox 1460 1062 1603 1114; x_wconf 84' lang='lat' dir='ltr'>possit,</span> <span class='ocrx_word' id='word_1_149' title='bbox 1637 1061 1682 1101; x_wconf 85' lang='lat' dir='ltr'>in</span> <span class='ocrx_word' id='word_1_150' title='bbox 1711 1075 1796 1101; x_wconf 83' lang='lat' dir='ltr'>eum</span> 
     </span>
     <span class='ocr_line' id='line_1_24' title="bbox 372 1117 1799 1174; baseline -0.003 -12"><span class='ocrx_word' id='word_1_151' title='bbox 372 1122 451 1162; x_wconf 84' lang='lat' dir='ltr'>vim</span> <span class='ocrx_word' id='word_1_152' title='bbox 471 1121 584 1160; x_wconf 77' lang='lat' dir='ltr'>haud</span> <span class='ocrx_word' id='word_1_153' title='bbox 598 1118 786 1174; x_wconf 84' lang='lat' dir='ltr'>injustam</span> <span class='ocrx_word' id='word_1_154' title='bbox 808 1133 899 1159; x_wconf 87' lang='lat' dir='ltr'>esse.</span> <span class='ocrx_word' id='word_1_155' title='bbox 961 1119 1068 1159; x_wconf 86' lang='lat' dir='ltr'>Haec</span> <span class='ocrx_word' id='word_1_156' title='bbox 1088 1118 1247 1174; x_wconf 83' lang='lat' dir='ltr'>agitata</span> <span class='ocrx_word' id='word_1_157' title='bbox 1267 1118 1541 1169; x_wconf 84' lang='lat' dir='ltr'>sermonibus,</span> <span class='ocrx_word' id='word_1_158' title='bbox 1558 1118 1689 1159; x_wconf 87' lang='lat' dir='ltr'>donec</span> <span class='ocrx_word' id='word_1_159' title='bbox 1710 1117 1799 1159; x_wconf 85' lang='lat' dir='ltr'>dies</span> 
     </span>
     <span class='ocr_line' id='line_1_25' title="bbox 373 1174 1797 1231; baseline -0.003 -12"><span class='ocrx_word' id='word_1_160' title='bbox 373 1177 562 1219; x_wconf 89' lang='lat' dir='ltr'>dicendae</span> <span class='ocrx_word' id='word_1_161' title='bbox 597 1191 754 1217; x_wconf 83' lang='lat' dir='ltr'>caussae</span> <span class='ocrx_word' id='word_1_162' title='bbox 788 1175 915 1217; x_wconf 86' lang='lat' dir='ltr'>venit.</span> <span class='ocrx_word' id='word_1_163' title='bbox 955 1190 1030 1216; x_wconf 85' lang='lat' dir='ltr'>nec</span> <span class='ocrx_word' id='word_1_164' title='bbox 1060 1175 1166 1216; x_wconf 86' lang='lat' dir='ltr'>alius</span> <span class='ocrx_word' id='word_1_165' title='bbox 1195 1183 1318 1217; x_wconf 91' lang='lat' dir='ltr'>antea</span> <span class='ocrx_word' id='word_1_166' title='bbox 1346 1175 1586 1231; x_wconf 87' lang='lat' dir='ltr'>quisquam,</span> <span class='ocrx_word' id='word_1_167' title='bbox 1622 1190 1697 1216; x_wconf 91' lang='lat' dir='ltr'>nec</span> <span class='ocrx_word' id='word_1_168' title='bbox 1726 1174 1797 1216; x_wconf 88' lang='lat' dir='ltr'>ille</span> 
     </span>
     <span class='ocr_line' id='line_1_26' title="bbox 373 1231 1797 1290; baseline -0.002 -15"><span class='ocrx_word' id='word_1_169' title='bbox 373 1234 462 1290; x_wconf 89' lang='lat' dir='ltr'>ipse</span> <span class='ocrx_word' id='word_1_170' title='bbox 486 1233 625 1290; x_wconf 88' lang='lat' dir='ltr'>Scipio</span> <span class='ocrx_word' id='word_1_171' title='bbox 646 1232 789 1274; x_wconf 90' lang='lat' dir='ltr'>consul</span> <span class='ocrx_word' id='word_1_172' title='bbox 816 1247 1011 1273; x_wconf 87' lang='lat' dir='ltr'>censorve</span> <span class='ocrx_word' id='word_1_173' title='bbox 1040 1233 1196 1288; x_wconf 82' lang='lat' dir='ltr'>majore</span> <span class='ocrx_word' id='word_1_174' title='bbox 1225 1232 1358 1273; x_wconf 87' lang='lat' dir='ltr'>omnis</span> <span class='ocrx_word' id='word_1_175' title='bbox 1387 1232 1550 1288; x_wconf 85' lang='lat' dir='ltr'>generis</span> <span class='ocrx_word' id='word_1_176' title='bbox 1579 1231 1797 1273; x_wconf 89' lang='lat' dir='ltr'>hominum</span> 
     </span>
     <span class='ocr_line' id='line_1_27' title="bbox 374 1288 1799 1347; baseline -0.001 -15"><span class='ocrx_word' id='word_1_177' title='bbox 374 1290 626 1347; x_wconf 86' lang='lat' dir='ltr'>frequentia,</span> <span class='ocrx_word' id='word_1_178' title='bbox 648 1304 777 1346; x_wconf 83' lang='lat' dir='ltr'>quam</span> <span class='ocrx_word' id='word_1_179' title='bbox 798 1304 893 1330; x_wconf 90' lang='lat' dir='ltr'>reus</span> <span class='ocrx_word' id='word_1_180' title='bbox 913 1288 986 1330; x_wconf 92' lang='lat' dir='ltr'>illo</span> <span class='ocrx_word' id='word_1_181' title='bbox 1005 1289 1086 1339; x_wconf 85' lang='lat' dir='ltr'>die,</span> <span class='ocrx_word' id='word_1_182' title='bbox 1109 1289 1151 1330; x_wconf 91' lang='lat' dir='ltr'>in</span> <span class='ocrx_word' id='word_1_183' title='bbox 1171 1289 1311 1330; x_wconf 89' lang='lat' dir='ltr'>forum</span> <span class='ocrx_word' id='word_1_184' title='bbox 1336 1296 1398 1329; x_wconf 88' lang='lat' dir='ltr'>est</span> <span class='ocrx_word' id='word_1_185' title='bbox 1427 1288 1646 1330; x_wconf 89' lang='lat' dir='ltr'>deductus.</span> <span class='ocrx_word' id='word_1_186' title='bbox 1698 1290 1729 1329; x_wconf 88' lang='lat' dir='ltr'><strong>J</strong></span> <span class='ocrx_word' id='word_1_187' title='bbox 1733 1305 1799 1330; x_wconf 85' lang='lat' dir='ltr'>us-</span> 
     </span>
     <span class='ocr_line' id='line_1_28' title="bbox 376 1345 1799 1397; baseline -0.002 -8"><span class='ocrx_word' id='word_1_188' title='bbox 376 1364 447 1390; x_wconf 88' lang='lat' dir='ltr'>sus</span> <span class='ocrx_word' id='word_1_189' title='bbox 471 1347 606 1389; x_wconf 85' lang='lat' dir='ltr'>dicere</span> <span class='ocrx_word' id='word_1_190' title='bbox 627 1361 830 1397; x_wconf 85' lang='lat' dir='ltr'>caussam,</span> <span class='ocrx_word' id='word_1_191' title='bbox 852 1346 938 1387; x_wconf 85' lang='lat' dir='ltr'>sine</span> <span class='ocrx_word' id='word_1_192' title='bbox 968 1345 1054 1387; x_wconf 86' lang='lat' dir='ltr'>ulla</span> <span class='ocrx_word' id='word_1_193' title='bbox 1082 1345 1304 1387; x_wconf 90' lang='lat' dir='ltr'>criminum</span> <span class='ocrx_word' id='word_1_194' title='bbox 1333 1345 1541 1387; x_wconf 88' lang='lat' dir='ltr'>mentione</span> <span class='ocrx_word' id='word_1_195' title='bbox 1571 1345 1799 1387; x_wconf 83' lang='lat' dir='ltr'>orationem</span> 
     </span>
     <span class='ocr_line' id='line_1_29' title="bbox 376 1402 1800 1459; baseline -0.002 -13"><span class='ocrx_word' id='word_1_196' title='bbox 376 1404 480 1446; x_wconf 89' lang='lat' dir='ltr'>adeo</span> <span class='ocrx_word' id='word_1_197' title='bbox 501 1404 765 1459; x_wconf 83' lang='lat' dir='ltr'>magnificam</span> <span class='ocrx_word' id='word_1_198' title='bbox 787 1403 840 1444; x_wconf 90' lang='lat' dir='ltr'>de</span> <span class='ocrx_word' id='word_1_199' title='bbox 860 1403 985 1444; x_wconf 87' lang='lat' dir='ltr'>rebus</span> <span class='ocrx_word' id='word_1_200' title='bbox 1006 1403 1059 1444; x_wconf 87' lang='lat' dir='ltr'>ab</span> <span class='ocrx_word' id='word_1_201' title='bbox 1090 1419 1132 1444; x_wconf 90' lang='lat' dir='ltr'>se</span> <span class='ocrx_word' id='word_1_202' title='bbox 1161 1403 1289 1459; x_wconf 82' lang='lat' dir='ltr'>gestis</span> <span class='ocrx_word' id='word_1_203' title='bbox 1319 1411 1380 1444; x_wconf 88' lang='lat' dir='ltr'>est</span> <span class='ocrx_word' id='word_1_204' title='bbox 1410 1418 1598 1453; x_wconf 85' lang='lat' dir='ltr'>exorsus,</span> <span class='ocrx_word' id='word_1_205' title='bbox 1620 1410 1670 1443; x_wconf 91' lang='lat' dir='ltr'>ut</span> <span class='ocrx_word' id='word_1_206' title='bbox 1700 1402 1800 1444; x_wconf 85' lang='lat' dir='ltr'>satis</span> 
     </span>
     <span class='ocr_line' id='line_1_30' title="bbox 377 1459 1801 1516; baseline -0.002 -13"><span class='ocrx_word' id='word_1_207' title='bbox 377 1470 599 1512; x_wconf 84' lang='lat' dir='ltr'>constaret,</span> <span class='ocrx_word' id='word_1_208' title='bbox 635 1460 842 1502; x_wconf 87' lang='lat' dir='ltr'>neminem</span> <span class='ocrx_word' id='word_1_209' title='bbox 876 1475 1079 1516; x_wconf 86' lang='lat' dir='ltr'>umquam</span> <span class='ocrx_word' id='word_1_210' title='bbox 1113 1475 1250 1516; x_wconf 86' lang='lat' dir='ltr'>neque</span> <span class='ocrx_word' id='word_1_211' title='bbox 1284 1459 1448 1510; x_wconf 89' lang='lat' dir='ltr'>melius,</span> <span class='ocrx_word' id='word_1_212' title='bbox 1483 1474 1621 1516; x_wconf 91' lang='lat' dir='ltr'>neque</span> <span class='ocrx_word' id='word_1_213' title='bbox 1660 1460 1801 1501; x_wconf 87' lang='lat' dir='ltr'>verius</span> 
     </span>
     <span class='ocr_line' id='line_1_31' title="bbox 377 1516 1802 1572; baseline -0.001 -12"><span class='ocrx_word' id='word_1_214' title='bbox 377 1519 597 1560; x_wconf 85' lang='lat' dir='ltr'>laudatum</span> <span class='ocrx_word' id='word_1_215' title='bbox 618 1533 717 1559; x_wconf 86' lang='lat' dir='ltr'>esse.</span> <span class='ocrx_word' id='word_1_216' title='bbox 779 1517 1041 1558; x_wconf 85' lang='lat' dir='ltr'>Dicebantur</span> <span class='ocrx_word' id='word_1_217' title='bbox 1062 1516 1170 1558; x_wconf 89' lang='lat' dir='ltr'>enim</span> <span class='ocrx_word' id='word_1_218' title='bbox 1191 1517 1244 1558; x_wconf 88' lang='lat' dir='ltr'>ab</span> <span class='ocrx_word' id='word_1_219' title='bbox 1274 1517 1420 1558; x_wconf 89' lang='lat' dir='ltr'>eodem</span> <span class='ocrx_word' id='word_1_220' title='bbox 1449 1516 1588 1558; x_wconf 89' lang='lat' dir='ltr'>animo</span> <span class='ocrx_word' id='word_1_221' title='bbox 1616 1516 1802 1572; x_wconf 85' lang='lat' dir='ltr'>ingenio-</span> 
     </span>
     <span class='ocr_line' id='line_1_32' title="bbox 378 1573 1803 1632; baseline -0.002 -15"><span class='ocrx_word' id='word_1_222' title='bbox 378 1591 476 1632; x_wconf 88' lang='lat' dir='ltr'>que,</span> <span class='ocrx_word' id='word_1_223' title='bbox 498 1591 523 1617; x_wconf 90' lang='lat' dir='ltr'>a</span> <span class='ocrx_word' id='word_1_224' title='bbox 542 1591 628 1631; x_wconf 88' lang='lat' dir='ltr'>quo</span> <span class='ocrx_word' id='word_1_225' title='bbox 654 1583 773 1631; x_wconf 87' lang='lat' dir='ltr'>gesta</span> <span class='ocrx_word' id='word_1_226' title='bbox 801 1581 942 1615; x_wconf 86' lang='lat' dir='ltr'>erant:</span> <span class='ocrx_word' id='word_1_227' title='bbox 975 1582 1017 1615; x_wconf 90' lang='lat' dir='ltr'>et</span> <span class='ocrx_word' id='word_1_228' title='bbox 1037 1573 1243 1615; x_wconf 81' lang='lat' dir='ltr'>⁸⁵aurium</span> <span class='ocrx_word' id='word_1_229' title='bbox 1273 1573 1491 1616; x_wconf 86' lang='lat' dir='ltr'>fastidium</span> <span class='ocrx_word' id='word_1_230' title='bbox 1520 1574 1679 1624; x_wconf 83' lang='lat' dir='ltr'>aberat,</span> <span class='ocrx_word' id='word_1_231' title='bbox 1700 1574 1803 1629; x_wconf 85' lang='lat' dir='ltr'>quia</span> 
     </span>
     <span class='ocr_line' id='line_1_33' title="bbox 377 1630 1373 1689; baseline -0.003 -15"><span class='ocrx_word' id='word_1_232' title='bbox 377 1648 454 1689; x_wconf 89' lang='lat' dir='ltr'>pro</span> <span class='ocrx_word' id='word_1_233' title='bbox 474 1631 674 1688; x_wconf 88' lang='lat' dir='ltr'>periculo,</span> <span class='ocrx_word' id='word_1_234' title='bbox 697 1647 779 1673; x_wconf 92' lang='lat' dir='ltr'>non</span> <span class='ocrx_word' id='word_1_235' title='bbox 799 1631 842 1672; x_wconf 90' lang='lat' dir='ltr'>in</span> <span class='ocrx_word' id='word_1_236' title='bbox 862 1630 1051 1687; x_wconf 87' lang='lat' dir='ltr'>gloriam,</span> <span class='ocrx_word' id='word_1_237' title='bbox 1074 1631 1373 1673; x_wconf 84' lang='lat' dir='ltr'>referebantur.</span> 
     </span>
    </p>

    <p class='ocr_par' dir='ltr' id='par_1_8' title="bbox 378 1687 1807 2428">
     <span class='ocr_line' id='line_1_34' title="bbox 435 1687 1804 1745; baseline -0.001 -15"><span class='ocrx_word' id='word_1_238' title='bbox 435 1690 517 1731; x_wconf 88' lang='lat' dir='ltr'>LI.</span> <span class='ocrx_word' id='word_1_239' title='bbox 541 1688 724 1730; x_wconf 86' lang='lat' dir='ltr'>Tribuni</span> <span class='ocrx_word' id='word_1_240' title='bbox 745 1688 878 1745; x_wconf 90' lang='lat' dir='ltr'>plebis</span> <span class='ocrx_word' id='word_1_241' title='bbox 899 1687 1080 1729; x_wconf 79' lang='lat' dir='ltr'>⁸⁴²vetera</span> <span class='ocrx_word' id='word_1_242' title='bbox 1109 1687 1289 1729; x_wconf 76' lang='lat' dir='ltr'>luxuriae</span> <span class='ocrx_word' id='word_1_243' title='bbox 1320 1688 1493 1729; x_wconf 86' lang='lat' dir='ltr'>crimina</span> <span class='ocrx_word' id='word_1_244' title='bbox 1525 1689 1804 1744; x_wconf 85' lang='lat' dir='ltr'>Syracusano-</span> 
     </span>
     <span class='ocr_line' id='line_1_35' title="bbox 378 1744 1801 1800; baseline -0.002 -12"><span class='ocrx_word' id='word_1_245' title='bbox 378 1762 474 1788; x_wconf 89' lang='lat' dir='ltr'>rum</span> <span class='ocrx_word' id='word_1_246' title='bbox 503 1746 789 1795; x_wconf 83' lang='lat' dir='ltr'>hibernorum,</span> <span class='ocrx_word' id='word_1_247' title='bbox 811 1753 853 1786; x_wconf 84' lang='lat' dir='ltr'>et</span> <span class='ocrx_word' id='word_1_248' title='bbox 885 1744 1030 1786; x_wconf 86' lang='lat' dir='ltr'>Locris</span> <span class='ocrx_word' id='word_1_249' title='bbox 1058 1744 1365 1786; x_wconf 84' lang='lat' dir='ltr'>Pleminianum</span> <span class='ocrx_word' id='word_1_250' title='bbox 1396 1745 1644 1795; x_wconf 88' lang='lat' dir='ltr'>tumultum,</span> <span class='ocrx_word' id='word_1_251' title='bbox 1667 1760 1801 1800; x_wconf 89' lang='lat' dir='ltr'>quum</span> 
     </span>
     <span class='ocr_line' id='line_1_36' title="bbox 380 1801 1802 1859; baseline -0.003 -13"><span class='ocrx_word' id='word_1_252' title='bbox 380 1804 436 1847; x_wconf 83' lang='lat' dir='ltr'>ad</span> <span class='ocrx_word' id='word_1_253' title='bbox 468 1803 595 1844; x_wconf 85' lang='lat' dir='ltr'>fidem</span> <span class='ocrx_word' id='word_1_254' title='bbox 626 1801 895 1859; x_wconf 88' lang='lat' dir='ltr'>praesentium</span> <span class='ocrx_word' id='word_1_255' title='bbox 928 1801 1148 1843; x_wconf 85' lang='lat' dir='ltr'>criminum</span> <span class='ocrx_word' id='word_1_256' title='bbox 1184 1801 1447 1849; x_wconf 77' lang='lat' dir='ltr'>retulissent3</span> <span class='ocrx_word' id='word_1_257' title='bbox 1496 1801 1802 1858; x_wconf 87' lang='lat' dir='ltr'>suspicionibus</span> 
     </span>
     <span class='ocr_line' id='line_1_37' title="bbox 380 1858 1800 1916; baseline -0.002 -15"><span class='ocrx_word' id='word_1_258' title='bbox 380 1859 528 1916; x_wconf 83' lang='lat' dir='ltr'>magis,</span> <span class='ocrx_word' id='word_1_259' title='bbox 550 1874 678 1916; x_wconf 87' lang='lat' dir='ltr'>quam</span> <span class='ocrx_word' id='word_1_260' title='bbox 707 1858 978 1914; x_wconf 85' lang='lat' dir='ltr'>argumentis,</span> <span class='ocrx_word' id='word_1_261' title='bbox 1009 1858 1198 1914; x_wconf 85' lang='lat' dir='ltr'>pecuniae</span> <span class='ocrx_word' id='word_1_262' title='bbox 1227 1867 1361 1914; x_wconf 84' lang='lat' dir='ltr'>captae</span> <span class='ocrx_word' id='word_1_263' title='bbox 1391 1873 1509 1900; x_wconf 87' lang='lat' dir='ltr'>rcum</span> <span class='ocrx_word' id='word_1_264' title='bbox 1539 1866 1800 1899; x_wconf 86' lang='lat' dir='ltr'>accusarunt.</span> 
     </span>
     <span class='ocr_line' id='line_1_38' title="bbox 380 1915 1806 1970; baseline -0.002 -11"><span class='ocrx_word' id='word_1_265' title='bbox 380 1918 536 1959; x_wconf 84' lang='lat' dir='ltr'>Filium</span> <span class='ocrx_word' id='word_1_266' title='bbox 565 1922 724 1970; x_wconf 85' lang='lat' dir='ltr'>captum</span> <span class='ocrx_word' id='word_1_267' title='bbox 758 1916 841 1957; x_wconf 82' lang='lat' dir='ltr'>sine</span> <span class='ocrx_word' id='word_1_268' title='bbox 867 1917 1007 1969; x_wconf 86' lang='lat' dir='ltr'>pretio</span> <span class='ocrx_word' id='word_1_269' title='bbox 1038 1916 1252 1966; x_wconf 85' lang='lat' dir='ltr'>redditum,</span> <span class='ocrx_word' id='word_1_270' title='bbox 1285 1916 1541 1969; x_wconf 81' lang='lat' dir='ltr'>omnibusque</span> <span class='ocrx_word' id='word_1_271' title='bbox 1572 1916 1661 1957; x_wconf 81' lang='lat' dir='ltr'>aliis</span> <span class='ocrx_word' id='word_1_272' title='bbox 1691 1915 1806 1956; x_wconf 81' lang='lat' dir='ltr'>rebus</span> 
     </span>
     <span class='ocr_line' id='line_1_39' title="bbox 381 1972 1806 2028; baseline -0.003 -12"><span class='ocrx_word' id='word_1_273' title='bbox 381 1975 622 2028; x_wconf 80' lang='lat' dir='ltr'>Scipionem,</span> <span class='ocrx_word' id='word_1_274' title='bbox 643 1980 845 2027; x_wconf 81' lang='lat' dir='ltr'>tamquam</span> <span class='ocrx_word' id='word_1_275' title='bbox 868 1974 911 2014; x_wconf 80' lang='lat' dir='ltr'>in</span> <span class='ocrx_word' id='word_1_276' title='bbox 932 1972 1015 2027; x_wconf 74' lang='lat' dir='ltr'>ejus</span> <span class='ocrx_word' id='word_1_277' title='bbox 1032 1973 1152 2014; x_wconf 86' lang='lat' dir='ltr'>unius</span> <span class='ocrx_word' id='word_1_278' title='bbox 1171 1987 1291 2013; x_wconf 83' lang='lat' dir='ltr'>manu</span> <span class='ocrx_word' id='word_1_279' title='bbox 1315 1987 1404 2026; x_wconf 76' lang='lat' dir='ltr'>paa-</span> <span class='ocrx_word' id='word_1_280' title='bbox 1434 1974 1624 2014; x_wconf 83' lang='lat' dir='ltr'>Romana</span> <span class='ocrx_word' id='word_1_281' title='bbox 1646 1973 1806 2013; x_wconf 83' lang='lat' dir='ltr'>bellum-</span> 
     </span>
     <span class='ocr_line' id='line_1_40' title="bbox 382 2031 1805 2086; baseline -0.002 -13"><span class='ocrx_word' id='word_1_282' title='bbox 382 2046 458 2086; x_wconf 81' lang='lat' dir='ltr'>que</span> <span class='ocrx_word' id='word_1_283' title='bbox 486 2038 598 2082; x_wconf 85' lang='lat' dir='ltr'>esset,</span> <span class='ocrx_word' id='word_1_284' title='bbox 621 2031 671 2072; x_wconf 83' lang='lat' dir='ltr'>ab</span> <span class='ocrx_word' id='word_1_285' title='bbox 701 2031 900 2072; x_wconf 74' lang='lat' dir='ltr'>Antiocho</span> <span class='ocrx_word' id='word_1_286' title='bbox 928 2032 1086 2071; x_wconf 85' lang='lat' dir='ltr'>cultum.</span> <span class='ocrx_word' id='word_1_287' title='bbox 1148 2032 1404 2072; x_wconf 84' lang='lat' dir='ltr'>Dictatorem</span> <span class='ocrx_word' id='word_1_288' title='bbox 1430 2045 1514 2072; x_wconf 87' lang='lat' dir='ltr'>eum</span> <span class='ocrx_word' id='word_1_289' title='bbox 1535 2031 1700 2078; x_wconf 86' lang='lat' dir='ltr'>consuli,</span> <span class='ocrx_word' id='word_1_290' title='bbox 1723 2044 1805 2070; x_wconf 79' lang='lat' dir='ltr'>non</span> 
     </span>
     <span class='ocr_line' id='line_1_41' title="bbox 383 2087 1802 2144; baseline -0.002 -14"><span class='ocrx_word' id='word_1_291' title='bbox 383 2091 570 2144; x_wconf 81' lang='lat' dir='ltr'>legatum,</span> <span class='ocrx_word' id='word_1_292' title='bbox 594 2089 638 2129; x_wconf 86' lang='lat' dir='ltr'>in</span> <span class='ocrx_word' id='word_1_293' title='bbox 653 2087 1035 2142; x_wconf 78' lang='lat' dir='ltr'>provinciaficisse;</span> <span class='ocrx_word' id='word_1_294' title='bbox 1067 2101 1138 2128; x_wconf 83' lang='lat' dir='ltr'>nee</span> <span class='ocrx_word' id='word_1_295' title='bbox 1158 2089 1215 2128; x_wconf 84' lang='lat' dir='ltr'>ad</span> <span class='ocrx_word' id='word_1_296' title='bbox 1237 2089 1364 2128; x_wconf 86' lang='lat' dir='ltr'>aliam</span> <span class='ocrx_word' id='word_1_297' title='bbox 1385 2103 1465 2128; x_wconf 85' lang='lat' dir='ltr'>rem</span> <span class='ocrx_word' id='word_1_298' title='bbox 1494 2102 1538 2127; x_wconf 91' lang='lat' dir='ltr'>eo</span> <span class='ocrx_word' id='word_1_299' title='bbox 1563 2088 1802 2143; x_wconf 72' lang='lat' dir='ltr'>profectum,</span> 
     </span>
     <span class='ocr_line' id='line_1_42' title="bbox 384 2144 1805 2200; baseline -0.002 -13"><span class='ocrx_word' id='word_1_300' title='bbox 384 2161 502 2200; x_wconf 76' lang='lat' dir='ltr'>quam</span> <span class='ocrx_word' id='word_1_301' title='bbox 531 2153 590 2194; x_wconf 86' lang='lat' dir='ltr'>ut,</span> <span class='ocrx_word' id='word_1_302' title='bbox 610 2148 654 2187; x_wconf 87' lang='lat' dir='ltr'>id</span> <span class='ocrx_word' id='word_1_303' title='bbox 683 2147 790 2200; x_wconf 84' lang='lat' dir='ltr'>quod</span> <span class='ocrx_word' id='word_1_304' title='bbox 807 2146 1046 2198; x_wconf 72' lang='lat' dir='ltr'>Hispaniae,</span> <span class='ocrx_word' id='word_1_305' title='bbox 1072 2145 1239 2194; x_wconf 78' lang='lat' dir='ltr'>Gallice,</span> <span class='ocrx_word' id='word_1_306' title='bbox 1262 2146 1430 2195; x_wconf 69' lang='lat' dir='ltr'>Siciliae,</span> <span class='ocrx_word' id='word_1_307' title='bbox 1453 2145 1612 2200; x_wconf 81' lang='lat' dir='ltr'>Afrieoe</span> <span class='ocrx_word' id='word_1_308' title='bbox 1626 2144 1805 2199; x_wconf 79' lang='lat' dir='ltr'>jampri-</span> 
     </span>
     <span class='ocr_line' id='line_1_43' title="bbox 384 2202 1804 2257; baseline -0.001 -13"><span class='ocrx_word' id='word_1_309' title='bbox 384 2205 470 2244; x_wconf 88' lang='lat' dir='ltr'>dem</span> <span class='ocrx_word' id='word_1_310' title='bbox 483 2217 716 2256; x_wconf 79' lang='lat' dir='ltr'>persuasum</span> <span class='ocrx_word' id='word_1_311' title='bbox 736 2209 847 2250; x_wconf 86' lang='lat' dir='ltr'>esset,</span> <span class='ocrx_word' id='word_1_312' title='bbox 868 2203 942 2243; x_wconf 83' lang='lat' dir='ltr'>lzoc</span> <span class='ocrx_word' id='word_1_313' title='bbox 964 2202 1141 2244; x_wconf 78' lang='lat' dir='ltr'>Graeciae</span> <span class='ocrx_word' id='word_1_314' title='bbox 1160 2203 1346 2257; x_wconf 66' lang='lat' dir='ltr'>Asiaeque</span> <span class='ocrx_word' id='word_1_315' title='bbox 1374 2210 1413 2244; x_wconf 85' lang='lat' dir='ltr'>et</span> <span class='ocrx_word' id='word_1_316' title='bbox 1442 2202 1621 2243; x_wconf 82' lang='lat' dir='ltr'>omnibus</span> <span class='ocrx_word' id='word_1_317' title='bbox 1638 2203 1696 2242; x_wconf 90' lang='lat' dir='ltr'>ad</span> <span class='ocrx_word' id='word_1_318' title='bbox 1720 2202 1804 2242; x_wconf 88' lang='lat' dir='ltr'>ori-</span> 
     </span>
     <span class='ocr_line' id='line_1_44' title="bbox 384 2259 1806 2315; baseline -0.002 -14"><span class='ocrx_word' id='word_1_319' title='bbox 384 2267 510 2302; x_wconf 84' lang='lat' dir='ltr'>entem</span> <span class='ocrx_word' id='word_1_320' title='bbox 531 2259 714 2301; x_wconf 77' lang='lat' dir='ltr'>⁸⁵versis⁹</span> <span class='ocrx_word' id='word_1_321' title='bbox 733 2260 892 2315; x_wconf 81' lang='lat' dir='ltr'>regibus</span> <span class='ocrx_word' id='word_1_322' title='bbox 915 2260 1178 2314; x_wconf 78' lang='lat' dir='ltr'>gentibusque</span> <span class='ocrx_word' id='word_1_323' title='bbox 1198 2262 1439 2314; x_wconf 84' lang='lat' dir='ltr'>adpareret‚·</span> <span class='ocrx_word' id='word_1_324' title='bbox 1471 2274 1588 2300; x_wconf 87' lang='lat' dir='ltr'>unum</span> <span class='ocrx_word' id='word_1_325' title='bbox 1610 2260 1806 2299; x_wconf 77' lang='lat' dir='ltr'>hominem</span> 
     </span>
     <span class='ocr_line' id='line_1_45' title="bbox 384 2317 1807 2371; baseline -0.001 -13"><span class='ocrx_word' id='word_1_326' title='bbox 384 2324 505 2371; x_wconf 84' lang='lat' dir='ltr'>caput</span> <span class='ocrx_word' id='word_1_327' title='bbox 534 2319 787 2371; x_wconf 84' lang='lat' dir='ltr'>columenque</span> <span class='ocrx_word' id='word_1_328' title='bbox 817 2318 980 2370; x_wconf 80' lang='lat' dir='ltr'>imperii</span> <span class='ocrx_word' id='word_1_329' title='bbox 1008 2318 1185 2359; x_wconf 81' lang='lat' dir='ltr'>Romani</span> <span class='ocrx_word' id='word_1_330' title='bbox 1213 2332 1314 2359; x_wconf 86' lang='lat' dir='ltr'>esse.-</span> <span class='ocrx_word' id='word_1_331' title='bbox 1343 2318 1412 2359; x_wconf 81' lang='lat' dir='ltr'>sub</span> <span class='ocrx_word' id='word_1_332' title='bbox 1440 2317 1581 2358; x_wconf 83' lang='lat' dir='ltr'>umbra</span> <span class='ocrx_word' id='word_1_333' title='bbox 1601 2317 1807 2369; x_wconf 83' lang='lat' dir='ltr'>Scipionis</span> 
     </span>
     <span class='ocr_line' id='line_1_46' title="bbox 386 2372 1807 2428; baseline -0.001 -13"><span class='ocrx_word' id='word_1_334' title='bbox 386 2376 590 2417; x_wconf 81' lang='lat' dir='ltr'>civitatem</span> <span class='ocrx_word' id='word_1_335' title='bbox 620 2375 819 2416; x_wconf 80' lang='lat' dir='ltr'>dominam</span> <span class='ocrx_word' id='word_1_336' title='bbox 848 2374 955 2416; x_wconf 85' lang='lat' dir='ltr'>orbis</span> <span class='ocrx_word' id='word_1_337' title='bbox 984 2381 1186 2415; x_wconf 80' lang='lat' dir='ltr'>terrarum</span> <span class='ocrx_word' id='word_1_338' title='bbox 1225 2377 1374 2416; x_wconf 78' lang='lat' dir='ltr'>latere.-</span> <span class='ocrx_word' id='word_1_339' title='bbox 1417 2380 1574 2415; x_wconf 73' lang='lat' dir='ltr'>nutumv</span> <span class='ocrx_word' id='word_1_340' title='bbox 1608 2372 1691 2428; x_wconf 74' lang='lat' dir='ltr'>ejus</span> <span class='ocrx_word' id='word_1_341' title='bbox 1725 2388 1807 2428; x_wconf 86' lang='lat' dir='ltr'>pro</span> 
     </span>
    </p>
   </div>
   <div class='ocr_carea' id='block_1_8' title="bbox 768 2473 1423 2505">
    <p class='ocr_par' dir='ltr' id='par_1_9' title="bbox 768 2473 1423 2505">
     <span class='ocr_line' id='line_1_47' title="bbox 768 2473 1423 2505; baseline 0 -1"><span class='ocrx_word' id='word_1_342' title='bbox 768 2478 784 2494; x_wconf 85' lang='lat'><strong>⁰</strong></span> <span class='ocrx_word' id='word_1_343' title='bbox 798 2485 894 2505; x_wconf 76' lang='lat' dir='ltr'>versus</span> <span class='ocrx_word' id='word_1_344' title='bbox 909 2474 1006 2505; x_wconf 86' lang='lat' dir='ltr'>Gron.</span> <span class='ocrx_word' id='word_1_345' title='bbox 1023 2473 1116 2505; x_wconf 88' lang='lat' dir='ltr'>Crev.</span> <span class='ocrx_word' id='word_1_346' title='bbox 1202 2478 1219 2503; x_wconf 82' lang='grc' dir='ltr'><strong><em>Ρ</em></strong></span> <span class='ocrx_word' id='word_1_347' title='bbox 1234 2480 1324 2505; x_wconf 80' lang='lat' dir='ltr'>nutus</span> <span class='ocrx_word' id='word_1_348' title='bbox 1336 2473 1423 2504; x_wconf 86' lang='lat' dir='ltr'>Eaed.</span> 
     </span>
    </p>
   </div>
   <div class='ocr_carea' id='block_1_9' title="bbox 388 2559 1804 2903">
    <p class='ocr_par' dir='ltr' id='par_1_10' title="bbox 388 2559 1804 2903">
     <span class='ocr_line' id='line_1_48' title="bbox 431 2559 1562 2602; baseline -0.005 -9"><span class='ocrx_word' id='word_1_349' title='bbox 431 2562 498 2593; x_wconf 81' lang='lat'>82·</span> <span class='ocrx_word' id='word_1_350' title='bbox 511 2561 593 2592; x_wconf 81' lang='lat' dir='ltr'>Posse</span> <span class='ocrx_word' id='word_1_351' title='bbox 613 2562 708 2591; x_wconf 79' lang='lat' dir='ltr'>dicere</span> <span class='ocrx_word' id='word_1_352' title='bbox 734 2560 867 2602; x_wconf 81' lang='lat' dir='ltr'>causam]</span> <span class='ocrx_word' id='word_1_353' title='bbox 899 2560 993 2590; x_wconf 84' lang='lat' dir='ltr'>Posse</span> <span class='ocrx_word' id='word_1_354' title='bbox 1021 2570 1073 2591; x_wconf 85' lang='lat' dir='ltr'>ac·</span> <span class='ocrx_word' id='word_1_355' title='bbox 1117 2570 1209 2602; x_wconf 87' lang='lat' dir='ltr'>supra</span> <span class='ocrx_word' id='word_1_356' title='bbox 1224 2560 1347 2590; x_wconf 80' lang='lat' dir='ltr'><strong>XXIX.</strong></span> <span class='ocrx_word' id='word_1_357' title='bbox 1367 2559 1415 2589; x_wconf 86' lang='lat'>19.</span> <span class='ocrx_word' id='word_1_358' title='bbox 1430 2563 1459 2588; x_wconf 83' lang='lat' dir='ltr'>ct</span> <span class='ocrx_word' id='word_1_359' title='bbox 1476 2568 1562 2599; x_wconf 82' lang='lat' dir='ltr'>seqq.</span> 
     </span>
     <span class='ocr_line' id='line_1_49' title="bbox 388 2601 1802 2643; baseline -0.002 -9"><span class='ocrx_word' id='word_1_360' title='bbox 388 2605 500 2636; x_wconf 80' lang='lat' dir='ltr'>cusari.</span> <span class='ocrx_word' id='word_1_361' title='bbox 1160 2604 1201 2634; x_wconf 87' lang='lat'>85</span> <span class='ocrx_word' id='word_1_362' title='bbox 1227 2602 1330 2633; x_wconf 79' lang='lat' dir='ltr'>Versus</span> <span class='ocrx_word' id='word_1_363' title='bbox 1356 2601 1487 2643; x_wconf 72' lang='lat' dir='ltr'>regibus]</span> <span class='ocrx_word' id='word_1_364' title='bbox 1524 2601 1669 2631; x_wconf 82' lang='lat' dir='ltr'>Testatur</span> <span class='ocrx_word' id='word_1_365' title='bbox 1703 2601 1802 2631; x_wconf 84' lang='lat' dir='ltr'>Hear-</span> 
     </span>
     <span class='ocr_line' id='line_1_50' title="bbox 404 2643 1803 2688; baseline -0.003 -9"><span class='ocrx_word' id='word_1_366' title='bbox 404 2643 411 2649; x_wconf 69' lang='grc'><em>“</em></span> <span class='ocrx_word' id='word_1_367' title='bbox 432 2648 637 2679; x_wconf 77' lang='lat' dir='ltr'>83&#39;Aitrium</span> <span class='ocrx_word' id='word_1_368' title='bbox 652 2645 818 2688; x_wconf 72' lang='lat' dir='ltr'>jiistidium</span> <span class='ocrx_word' id='word_1_369' title='bbox 842 2645 957 2686; x_wconf 74' lang='lat' dir='ltr'>aberat]</span> <span class='ocrx_word' id='word_1_370' title='bbox 1004 2645 1073 2676; x_wconf 88' lang='lat' dir='ltr'>Nec</span> <span class='ocrx_word' id='word_1_371' title='bbox 1118 2645 1186 2676; x_wconf 88' lang='lat' dir='ltr'>nius</span> <span class='ocrx_word' id='word_1_372' title='bbox 1209 2645 1304 2676; x_wconf 85' lang='lat' dir='ltr'>MSS.</span> <span class='ocrx_word' id='word_1_373' title='bbox 1324 2649 1354 2675; x_wconf 86' lang='lat' dir='ltr'>et</span> <span class='ocrx_word' id='word_1_374' title='bbox 1377 2649 1496 2675; x_wconf 60' lang='lat' dir='ltr'>ceteras</span> <span class='ocrx_word' id='word_1_375' title='bbox 1518 2643 1669 2675; x_wconf 76' lang='lat' dir='ltr'>editiones</span> <span class='ocrx_word' id='word_1_376' title='bbox 1688 2643 1803 2675; x_wconf 81' lang='lat' dir='ltr'>habere</span> 
     </span>
     <span class='ocr_line' id='line_1_51' title="bbox 390 2687 1803 2734; baseline -0.003 -13"><span class='ocrx_word' id='word_1_377' title='bbox 390 2690 581 2722; x_wconf 77' lang='lat' dir='ltr'>audientium</span> <span class='ocrx_word' id='word_1_378' title='bbox 610 2700 698 2720; x_wconf 75' lang='lat' dir='ltr'>aures</span> <span class='ocrx_word' id='word_1_379' title='bbox 725 2688 980 2729; x_wconf 73' lang='lat' dir='ltr'>aspernabantur,</span> <span class='ocrx_word' id='word_1_380' title='bbox 1005 2698 1073 2734; x_wconf 77' lang='lat' dir='ltr'>gra·</span> <span class='ocrx_word' id='word_1_381' title='bbox 1117 2689 1213 2718; x_wconf 75' lang='lat' dir='ltr'>versis.</span> <span class='ocrx_word' id='word_1_382' title='bbox 1260 2688 1298 2718; x_wconf 87' lang='lat' dir='ltr'>Et</span> <span class='ocrx_word' id='word_1_383' title='bbox 1311 2687 1461 2717; x_wconf 81' lang='lat' dir='ltr'>consentit</span> <span class='ocrx_word' id='word_1_384' title='bbox 1483 2692 1585 2718; x_wconf 75' lang='lat' dir='ltr'>noster</span> <span class='ocrx_word' id='word_1_385' title='bbox 1603 2687 1684 2718; x_wconf 74' lang='lat' dir='ltr'>Vict.</span> <span class='ocrx_word' id='word_1_386' title='bbox 1731 2687 1803 2717; x_wconf 87' lang='lat' dir='ltr'>Non</span> 
     </span>
     <span class='ocr_line' id='line_1_52' title="bbox 390 2730 1802 2772; baseline -0.004 -8"><span class='ocrx_word' id='word_1_387' title='bbox 390 2735 541 2764; x_wconf 79' lang='lat' dir='ltr'>vabantur</span> <span class='ocrx_word' id='word_1_388' title='bbox 577 2733 658 2764; x_wconf 86' lang='lat' dir='ltr'>hanc</span> <span class='ocrx_word' id='word_1_389' title='bbox 691 2730 901 2762; x_wconf 77' lang='lat' dir='ltr'>laudationem</span> <span class='ocrx_word' id='word_1_390' title='bbox 932 2731 971 2761; x_wconf 84' lang='lat' dir='ltr'>ab</span> <span class='ocrx_word' id='word_1_391' title='bbox 1009 2740 1073 2772; x_wconf 84' lang='lat' dir='ltr'>ipso</span> <span class='ocrx_word' id='word_1_392' title='bbox 1117 2730 1317 2761; x_wconf 82' lang='lat' dir='ltr'>sustinuimus</span> <span class='ocrx_word' id='word_1_393' title='bbox 1346 2736 1449 2761; x_wconf 83' lang='lat' dir='ltr'>tamen</span> <span class='ocrx_word' id='word_1_394' title='bbox 1483 2735 1601 2760; x_wconf 82' lang='lat' dir='ltr'>mutare</span> <span class='ocrx_word' id='word_1_395' title='bbox 1631 2730 1802 2761; x_wconf 83' lang='lat' dir='ltr'>Gronovia-</span> 
     </span>
     <span class='ocr_line' id='line_1_53' title="bbox 391 2772 1804 2817; baseline -0.004 -9"><span class='ocrx_word' id='word_1_396' title='bbox 391 2776 533 2817; x_wconf 86' lang='lat' dir='ltr'>Scipione</span> <span class='ocrx_word' id='word_1_397' title='bbox 550 2776 607 2807; x_wconf 87' lang='lat' dir='ltr'>sibi</span> <span class='ocrx_word' id='word_1_398' title='bbox 623 2775 750 2807; x_wconf 81' lang='lat' dir='ltr'>dictam.</span> <span class='ocrx_word' id='word_1_399' title='bbox 1119 2783 1225 2804; x_wconf 87' lang='lat' dir='ltr'>narum</span> <span class='ocrx_word' id='word_1_400' title='bbox 1242 2772 1411 2804; x_wconf 80' lang='lat' dir='ltr'>editionum</span> <span class='ocrx_word' id='word_1_401' title='bbox 1434 2773 1608 2810; x_wconf 84' lang='lat' dir='ltr'>lectionem,</span> <span class='ocrx_word' id='word_1_402' title='bbox 1623 2783 1692 2815; x_wconf 87' lang='lat' dir='ltr'>quae</span> <span class='ocrx_word' id='word_1_403' title='bbox 1716 2772 1804 2804; x_wconf 84' lang='lat' dir='ltr'>nobis</span> 
     </span>
     <span class='ocr_line' id='line_1_54' title="bbox 435 2815 1539 2858; baseline -0.003 -9"><span class='ocrx_word' id='word_1_404' title='bbox 435 2820 504 2849; x_wconf 74' lang='lat'>84*</span> <span class='ocrx_word' id='word_1_405' title='bbox 518 2820 617 2849; x_wconf 66' lang='lat' dir='ltr'>Vetera</span> <span class='ocrx_word' id='word_1_406' title='bbox 634 2841 642 2848; x_wconf 90' lang='lat'><strong>.</strong></span> <span class='ocrx_word' id='word_1_407' title='bbox 659 2841 667 2850; x_wconf 83' lang='lat'><strong>.</strong></span> <span class='ocrx_word' id='word_1_408' title='bbox 686 2842 692 2848; x_wconf 94' lang='lat'>.</span> <span class='ocrx_word' id='word_1_409' title='bbox 709 2816 848 2858; x_wconf 76' lang='lat' dir='ltr'>crimirm]</span> <span class='ocrx_word' id='word_1_410' title='bbox 874 2816 923 2846; x_wconf 84' lang='lat' dir='ltr'>De</span> <span class='ocrx_word' id='word_1_411' title='bbox 947 2815 994 2847; x_wconf 85' lang='lat' dir='ltr'>his</span> <span class='ocrx_word' id='word_1_412' title='bbox 1016 2815 1074 2847; x_wconf 83' lang='lat' dir='ltr'>cri—</span> <span class='ocrx_word' id='word_1_413' title='bbox 1119 2817 1208 2857; x_wconf 82' lang='lat' dir='ltr'>longe</span> <span class='ocrx_word' id='word_1_414' title='bbox 1223 2816 1393 2858; x_wconf 78' lang='lat' dir='ltr'>elegantior</span> <span class='ocrx_word' id='word_1_415' title='bbox 1409 2816 1539 2848; x_wconf 81' lang='lat' dir='ltr'>videtur.</span> 
     </span>
     <span class='ocr_line' id='line_1_55' title="bbox 392 2858 1076 2903; baseline -0.003 -12"><span class='ocrx_word' id='word_1_416' title='bbox 392 2861 612 2894; x_wconf 85' lang='lat' dir='ltr'>minationibus</span> <span class='ocrx_word' id='word_1_417' title='bbox 634 2862 666 2892; x_wconf 90' lang='lat' dir='ltr'>in</span> <span class='ocrx_word' id='word_1_418' title='bbox 689 2859 862 2903; x_wconf 85' lang='lat' dir='ltr'>Scipionem</span> <span class='ocrx_word' id='word_1_419' title='bbox 883 2858 947 2899; x_wconf 82' lang='lat' dir='ltr'>egit</span> <span class='ocrx_word' id='word_1_420' title='bbox 970 2859 1076 2890; x_wconf 86' lang='lat' dir='ltr'>Livius</span> 
     </span>
    </p>
   </div>
  </div>
 </body>
</html>
