1947 3222
144 275 188 350 ζῷς·

201 277 239 350 00

251 275 270 349 μυ(

273 275 315 349 aa

143 1578 343 1610 Succendun-

144 1628 194 1652 tur
209 1623 247 1652 ab
262 1622 317 1653 ob-

144 1666 235 1696 sessis
250 1665 305 1696 do-

144 1718 213 1738 mus
227 1719 314 1739 muro

145 1751 264 1782 vicinae.

147 2088 318 2132 Recipiunt

146 2143 180 2164 se
196 2131 342 2164 Romani.

360 151 432 192 168
712 159 717 163 ”
753 160 758 162 ’
887 148 1028 188 ΤῙΤΙ
1067 149 1243 188 L1V11

359 259 624 302 cedaemonii:
655 267 870 315 ternaeque
891 259 996 300 acies
1026 267 1213 316 tempore
1235 274 1318 300 uno
1348 257 1640 301 locis'diversis
1669 272 1776 316 pug-

316 339 325 348 ·
359 318 527 359 nabant.
559 316 724 367 deinde,
751 325 958 357 crescente
987 316 1225 365 certamine,
1253 330 1520 371 nequaquam
1550 324 1639 358 erat
1667 332 1777 373 proe-

359 374 463 415 lium
493 389 581 430 par.
612 373 836 414 missilibus
866 372 976 413 enim
1009 372 1314 413 Lacedaemomi
1344 373 1605 428 pugnabant,
1631 388 1656 414 a
1684 374 1777 428 qui-

359 431 440 473 bus
461 447 502 473 se
523 438 564 472 et
593 429 882 485 magnitudine
903 427 1010 469 scuti
1030 428 1226 483 perfacile
1248 430 1462 470 Romanus
1484 430 1683 471 tuebatur
1703 429 1778 470 mi-

359 487 433 538 les,
455 496 497 529 et
517 487 632 543 quod
662 486 732 527 alii
755 485 864 534 vani,
885 484 955 525 alii
988 484 1098 525 leves
1127 485 1354 526 admodum
1382 485 1491 527 ictus
1520 495 1650 528 erant.
1680 501 1777 527 nam

360 552 532 601 propter
551 542 765 599 angustias
794 541 873 582 loci
897 541 1210 597 confertamque
1231 542 1400 582 turbam
1418 542 1453 566 ⁵⁶
1466 558 1547 584 non
1577 542 1702 584 modo
1722 543 1778 584 ad

360 600 589 642 emittenda
623 614 719 640 cum
750 613 970 654 procursu,
991 612 1078 653 quo
1117 598 1346 654 plurimum
1381 600 1644 640 concitantur
1678 599 1776 650 tela,

361 657 543 714 spatium
576 656 812 697 habebant:
845 654 918 695 sed
948 669 1000 695 ne
1031 663 1078 695 ut
1109 655 1161 695 de
1193 655 1329 710 gradu
1358 656 1530 711 quidem
1564 656 1695 698 libero
1730 671 1779 698 ac

361 713 499 755 stabili
529 720 791 754 conarentur.
854 712 1007 767 Itaque
1038 726 1089 751 ex
1117 711 1291 752 adverso
1320 711 1444 753 missa
1471 712 1569 763 tela,
1590 713 1707 754 nulla
1735 713 1779 755 in

360 769 618 826 corporibus,
649 784 743 810 rara
772 768 816 809 in
851 769 979 809 scutis
1013 768 1240 809 haerebant.
1271 783 1296 809 a
1329 768 1695 811 circumstantibus
1725 785 1778 811 ex

360 826 644 883 superioribus
677 825 776 866 locis
808 825 982 881 quidam
1015 824 1222 866 vulnerati
1254 832 1375 866 sunt:
1407 840 1505 866 mox
1539 841 1780 882 progressos

354 884 444 939 jam
465 884 591 925 etiam
611 899 663 924 ex
686 883 805 924 tectis
825 897 908 922 non
938 881 1021 923 tela
1046 881 1186 931 modo,
1209 881 1279 922 sed
1310 881 1465 937 tegulae
1486 898 1671 938 quoque,
1692 882 1780 924 ino-

359 940 551 996 pinantes
580 939 861 996 perculerunt.
925 938 1109 979 Sublatis
1139 938 1289 979 deinde
1320 954 1449 995 supra
1475 938 1614 995 capita
1633 940 1779 989 scutis,

360 997 698 1053 continuatisque
719 997 779 1038 ita
799 995 906 1037 inter
927 1011 983 1046 se,
1006 1004 1053 1036 ut
1079 1010 1161 1036 non
1181 996 1306 1037 modo
1327 996 1382 1036 ad
1411 1011 1541 1036 caecos
1560 996 1684 1046 ictus,
1707 996 1779 1037 sed

359 1069 412 1094 ne
442 1054 497 1095 ad
531 1053 792 1095 inferendum
825 1052 997 1108 quidem
1027 1068 1078 1093 ex
1110 1053 1350 1108 propinquo
1379 1052 1510 1094 telum
1545 1051 1624 1094 loci
1653 1053 1780 1108 quid-

360 1125 488 1166 quam
516 1119 636 1160 esset,
658 1109 868 1152 testudine
896 1110 1010 1150 facta
1038 1109 1246 1150 subibant.
1276 1109 1311 1137 ³⁷
1326 1118 1367 1150 et
1397 1109 1543 1165 primae
1573 1109 1779 1165 angustiae

359 1167 602 1223 paullisper,
624 1183 699 1208 sua
728 1166 997 1222 hostiumque
1027 1166 1192 1208 refertae
1222 1166 1362 1216 turba,
1383 1174 1634 1208 tenuerunt:
1666 1175 1780 1223 post-

359 1239 487 1280 quam
508 1225 551 1264 in
573 1223 848 1280 patentiorem
864 1223 974 1264 viam
996 1222 1113 1264 urbis
1127 1222 1347 1279 paullatim
1368 1231 1596 1279 urguentes
1615 1223 1778 1265 hostem

359 1294 607 1337 processere,
629 1295 711 1321 non
733 1280 846 1322 ultra
865 1280 927 1320 vis
954 1295 1097 1321 eorum
1119 1287 1246 1335 atque
1273 1280 1442 1336 inpetus
1463 1279 1656 1320 sustineri
1684 1288 1779 1336 pot-

358 1346 488 1379 erant.
551 1338 693 1388 Quum
718 1345 838 1392 terga
866 1336 1086 1378 vertissent
1109 1336 1431 1385 Lacedaemonii,
1453 1344 1494 1377 et
1515 1336 1647 1377 effusa
1674 1337 1780 1392 fuga

359 1394 573 1451 superiora
593 1402 781 1450 peterent
810 1394 923 1440 loca;
957 1393 1089 1435 Nabis
1109 1393 1295 1449 quidem,
1317 1401 1365 1434 ut
1386 1401 1508 1448 capta
1529 1393 1632 1434 urbe
1654 1393 1781 1449 trepi-

358 1451 476 1497 dans..
503 1466 685 1507 quanam
714 1450 802 1506 ipse
832 1450 1041 1500 evaderet,
1069 1449 1452 1506 circumspectabat.
1515 1449 1782 1505 Pythagoras

360 1523 493 1564 quum
514 1507 569 1548 ad
589 1516 725 1549 cetera
745 1507 884 1548 animo
903 1506 1122 1562 officioque
1142 1506 1261 1547 ducis
1280 1507 1554 1562 fungebatur,
1569 1514 1661 1546 tum
1680 1521 1781 1547 vero

360 1580 486 1616 unus,
507 1580 559 1606 ne
580 1572 799 1620 caperetur
824 1564 940 1613 urbs,
962 1578 1108 1604 caussa
1135 1562 1230 1604 fuit.
1263 1562 1455 1604 succendi
1476 1562 1584 1603 enim
1606 1562 1782 1604 aedificia

360 1622 552 1678 proxima
580 1637 702 1662 muro
731 1621 871 1677 jussit.
904 1636 1000 1676 quae
1030 1635 1162 1676 quum
1194 1627 1402 1661 momento
1432 1619 1631 1682 temporis
1660 1620 1781 1661 arsis-

361 1686 466 1729 sent,
498 1686 546 1720 ut
575 1677 876 1734 adjuvantibus
909 1678 1064 1732 ignem,
1095 1677 1168 1732 qui
1204 1676 1304 1717 alias
1337 1676 1391 1718 ad
1426 1676 1780 1731 exstinguendum

359 1751 483 1792 opem
512 1735 621 1776 ferre
648 1734 794 1784 solent,
816 1749 936 1774 ruere
966 1734 1007 1774 in
1030 1734 1242 1774 Romanos
1272 1741 1404 1774 tecta:
1437 1747 1511 1773 nec
1541 1733 1781 1788 tegularum

360 1792 486 1833 modo
505 1792 754 1848 fragmenta,
777 1790 848 1832 sed
879 1789 1002 1831 etiam
1030 1790 1224 1831 ambusta
1243 1790 1374 1845 tigna,
1396 1789 1450 1830 ad
1479 1797 1659 1830 armatos
1688 1805 1783 1845 per-

361 1850 516 1899 venire,
547 1857 586 1890 et
619 1848 787 1889 flamma
815 1847 897 1889 late
928 1846 1066 1897 fundi,
1096 1846 1240 1887 sumus
1269 1854 1468 1887 terrorem
1499 1845 1623 1887 etiam
1652 1847 1783 1902 majo·

360 1921 462 1955 rem,
484 1920 612 1961 quam
644 1904 891 1961 periculum,
913 1904 1059 1945 facere.
1122 1904 1276 1959 Itaque
1305 1911 1346 1944 et
1374 1903 1447 1958 qui
1483 1910 1603 1944 extra
1631 1903 1780 1944 urbem

360 1971 478 2004 erant
501 1964 802 2011 Romanorum,
825 1970 916 2002 tum
945 1960 1124 2001 maxime
1148 1960 1316 2016 inpetus
1346 1959 1557 2009 facientes,
1579 1974 1781 2000 recessere

360 2034 384 2060 a
414 2035 557 2060 muro:
590 2027 647 2069 et,
670 2018 743 2074 qui
768 2019 855 2074 jam
888 2017 1158 2067 intraverant,
1180 2032 1231 2057 ne
1260 2016 1451 2058 incendio
1471 2016 1541 2057 ab⁵
1556 2018 1675 2072 tergo
1700 2017 1782 2057 ori-

360 2084 454 2117 ente
484 2076 863 2118 intercluderentur
882 2075 936 2115 ab
957 2073 1055 2125 suis,
1079 2081 1320 2129 receperunt
1350 2089 1447 2114 sese.
1479 2082 1520 2115 et
1543 2073 1782 2124 Quinctius,

361 2141 601 2190 postquam,
630 2131 735 2188 quid
770 2132 829 2173 rei
860 2139 980 2181 esset,
1009 2131 1131 2180 vidit,
1159 2130 1346 2186 receptui
1377 2145 1521 2171 canere
1549 2129 1688 2186 jussit.
1720 2129 1779 2170 ita

355 2191 444 2245 jam
466 2206 492 2231 a
510 2198 632 2246 capta
653 2204 783 2245 prope
807 2189 909 2229 urbe
929 2187 1109 2229 revocati
1131 2187 1345 2228 redierunt
1365 2187 1407 2227 in
1429 2195 1573 2228 castra.

421 2248 522 2287 XL.
556 2245 777 2297 Quinctius
802 2245 897 2301 plus
918 2260 968 2286 ex
992 2245 1139 2286 timore
1168 2244 1367 2293 hostium,
1390 2258 1517 2300 quam
1538 2258 1588 2284 ex
1609 2257 1653 2283 re
1673 2241 1776 2298 ipsa,

363 2302 449 2360 spei
490 2312 651 2353 nactus,
685 2318 760 2358 per
799 2302 988 2343 triduum
1029 2301 1250 2358 insequens
1290 2301 1496 2342 territavit
1532 2314 1626 2345 eos;
1668 2313 1780 2340 nunc

362 2360 521 2416 proeliis
556 2359 806 2409 lacessendo,
838 2374 948 2400 nunc
982 2358 1179 2414 operibus
1213 2356 1519 2412 intersepiendo
1554 2355 1776 2411 quaedam;

362 2433 414 2458 nc
443 2417 581 2459 exitus
611 2417 664 2458 ad
699 2416 844 2471 fugam
877 2423 995 2457 esset.
1057 2416 1139 2456 His
1173 2413 1562 2456 comminationibus
1594 2412 1780 2468 compul-

364 2489 434 2515 sus
474 2482 677 2529 tyrannus
719 2472 1003 2529 Pythagoram
1050 2487 1195 2513 rursus
1233 2477 1438 2511 oratorem
1483 2468 1609 2518 misit,
1651 2484 1777 2524 quem

365 2531 588 2581 Quinctius
621 2530 756 2587 primo
785 2528 1104 2585 adspernatuni‘
1138 2527 1337 2569 excedere
1365 2525 1508 2567 castris
1537 2525 1676 2581 jussit.
1708 2525 1779 2567 de·

363 2588 460 2629 inde
495 2586 740 2643 suppliciter
774 2594 975 2636 orantem,
1009 2584 1342 2640 advolutumque
1380 2583 1572 2639 genibuS,
1609 2582 1777 2624 tandem

737 2689 748 2706 ⁵
764 2697 781 2714 ιι
797 2686 893 2716 Gron.
911 2686 1001 2716 Clev.
1090 2686 1098 2705 ¹
1115 2686 1305 2724 adspernatus
1320 2681 1406 2713 Eaed.

404 2775 445 2805 36
470 2773 538 2803 Non
559 2774 638 2802 modu
661 2793 669 2801 .
684 2792 692 2800 .
712 2793 720 2802 .
742 2772 865 2810 spatium
890 2771 1044 2810 habebunt]
1091 2769 1243 2805 Andreas,
1277 2767 1325 2799 cui
1361 2766 1513 2798 consentit
1549 2767 1632 2799 Vict.
1665 2767 1773 2803 codex,

365 2817 436 2846 Non
454 2815 543 2847 modo
566 2825 646 2846 non:
671 2819 704 2845 ut
728 2824 808 2856 saepc
828 2813 893 2854 jam
917 2818 1044 2844 annota-
1088 2815 1198 2851 primic.
1249 2812 1353 2841 Prima:
1375 2813 1517 2851 angustia:
1531 2817 1602 2841 sunt
1625 2809 1775 2853 angustiae

361 2859 470 2889 vimus.
1091 2855 1187 2897 primo
1201 2859 1395 2887 occurrentes
1410 2853 1606 2885 intrantibus.

405 2903 444 2932 37
470 2902 507 2932 Ει
536 2902 629 2941 primo
657 2898 818 2941 angustia]
866 2897 1046 2940 Elegantius
