<?xml version="1.0" encoding="UTF-8"?>
<!DOCTYPE html PUBLIC "-//W3C//DTD XHTML 1.0 Transitional//EN"
    "http://www.w3.org/TR/xhtml1/DTD/xhtml1-transitional.dtd">
<html xmlns="http://www.w3.org/1999/xhtml" xml:lang="en" lang="en">
 <head>
  <title>
</title>
<meta http-equiv="Content-Type" content="text/html;charset=utf-8" />
  <meta name='ocr-system' content='tesseract 3.04.00' />
  <meta name='ocr-capabilities' content='ocr_page ocr_carea ocr_par ocr_line ocrx_word'/>
</head>
<body>
  <div class='ocr_page' id='page_1' title='image "./historiarumaburb03livyuoft_0424.png"; bbox 0 0 1947 3222; ppageno 0'>
   <div class='ocr_carea' id='block_1_1' title="bbox 393 111 1312 151">
    <p class='ocr_par' dir='ltr' id='par_1_1' title="bbox 393 111 1312 151">
     <span class='ocr_line' id='line_1_1' title="bbox 393 111 1312 151; baseline 0 -2"><span class='ocrx_word' id='word_1_1' title='bbox 393 116 470 150; x_wconf 80' lang='grc'>414-</span> <span class='ocrx_word' id='word_1_2' title='bbox 935 113 1082 151; x_wconf 89' lang='grc' dir='ltr'>ΤΙΤΙ</span> <span class='ocrx_word' id='word_1_3' title='bbox 1130 111 1312 150; x_wconf 92' lang='lat' dir='ltr'><strong>LIVII</strong></span> 
     </span>
    </p>
   </div>
   <div class='ocr_carea' id='block_1_2' title="bbox 174 219 1947 2447">
    <p class='ocr_par' dir='ltr' id='par_1_2' title="bbox 175 219 1810 390">
     <span class='ocr_line' id='line_1_2' title="bbox 177 219 1808 279; baseline -0.001 -17"><span class='ocrx_word' id='word_1_4' title='bbox 177 223 217 256; x_wconf 87' lang='lat' dir='ltr'>U·</span> <span class='ocrx_word' id='word_1_5' title='bbox 232 223 354 256; x_wconf 54' lang='lat'>(2566.</span> <span class='ocrx_word' id='word_1_6' title='bbox 391 220 506 263; x_wconf 81' lang='lat' dir='ltr'>Data</span> <span class='ocrx_word' id='word_1_7' title='bbox 524 235 651 277; x_wconf 87' lang='lat' dir='ltr'>opera</span> <span class='ocrx_word' id='word_1_8' title='bbox 670 229 747 273; x_wconf 87' lang='lat' dir='ltr'>est,</span> <span class='ocrx_word' id='word_1_9' title='bbox 769 229 818 263; x_wconf 89' lang='lat' dir='ltr'>ut</span> <span class='ocrx_word' id='word_1_10' title='bbox 837 221 974 278; x_wconf 88' lang='lat' dir='ltr'>primo</span> <span class='ocrx_word' id='word_1_11' title='bbox 1003 237 1174 279; x_wconf 89' lang='lat' dir='ltr'>quoque</span> <span class='ocrx_word' id='word_1_12' title='bbox 1204 230 1391 278; x_wconf 89' lang='lat' dir='ltr'>tempore</span> <span class='ocrx_word' id='word_1_13' title='bbox 1411 219 1808 277; x_wconf 80' lang='lat' dir='ltr'>comprehenderen-</span> 
     </span>
     <span class='ocr_line' id='line_1_3' title="bbox 175 266 1810 334; baseline -0.001 -15"><span class='ocrx_word' id='word_1_14' title='bbox 175 266 215 299; x_wconf 72' lang='lat' dir='ltr'>A·</span> <span class='ocrx_word' id='word_1_15' title='bbox 230 266 268 300; x_wconf 89' lang='lat' dir='ltr'>C.</span> <span class='ocrx_word' id='word_1_16' title='bbox 285 268 357 298; x_wconf 86' lang='lat'>186.</span> <span class='ocrx_word' id='word_1_17' title='bbox 390 286 473 319; x_wconf 87' lang='lat' dir='ltr'>tur.</span> <span class='ocrx_word' id='word_1_18' title='bbox 535 278 724 321; x_wconf 85' lang='lat' dir='ltr'><strong>Adducti</strong></span> <span class='ocrx_word' id='word_1_19' title='bbox 753 278 808 320; x_wconf 86' lang='lat' dir='ltr'>ad</span> <span class='ocrx_word' id='word_1_20' title='bbox 837 279 1040 329; x_wconf 84' lang='lat' dir='ltr'>consules,</span> <span class='ocrx_word' id='word_1_21' title='bbox 1070 279 1254 334; x_wconf 79' lang='lat' dir='ltr'>fassique</span> <span class='ocrx_word' id='word_1_22' title='bbox 1283 279 1336 320; x_wconf 93' lang='lat' dir='ltr'>de</span> <span class='ocrx_word' id='word_1_23' title='bbox 1371 294 1427 329; x_wconf 89' lang='lat' dir='ltr'>se,</span> <span class='ocrx_word' id='word_1_24' title='bbox 1458 277 1617 319; x_wconf 87' lang='lat' dir='ltr'>nullam</span> <span class='ocrx_word' id='word_1_25' title='bbox 1651 291 1810 318; x_wconf 84' lang='lat' dir='ltr'>moram</span> 
     </span>
     <span class='ocr_line' id='line_1_4' title="bbox 383 334 769 390; baseline 0.003 -13"><span class='ocrx_word' id='word_1_26' title='bbox 383 334 546 390; x_wconf 85' lang='lat' dir='ltr'>judicio</span> <span class='ocrx_word' id='word_1_27' title='bbox 566 336 769 378; x_wconf 81' lang='lat' dir='ltr'>fecerunt.</span> 
     </span>
    </p>

    <p class='ocr_par' dir='ltr' id='par_1_3' title="bbox 388 390 1947 789">
     <span class='ocr_line' id='line_1_5' title="bbox 448 390 1811 447; baseline -0.002 -13"><span class='ocrx_word' id='word_1_28' title='bbox 448 391 629 434; x_wconf 86' lang='lat' dir='ltr'><strong>XVIII.</strong></span> <span class='ocrx_word' id='word_1_29' title='bbox 663 394 862 435; x_wconf 87' lang='lat' dir='ltr'>Ceterum</span> <span class='ocrx_word' id='word_1_30' title='bbox 883 400 1002 434; x_wconf 87' lang='lat' dir='ltr'>tanta</span> <span class='ocrx_word' id='word_1_31' title='bbox 1021 391 1125 447; x_wconf 82' lang='lat' dir='ltr'>fuga</span> <span class='ocrx_word' id='word_1_32' title='bbox 1144 407 1197 432; x_wconf 81' lang='lat' dir='ltr'>ex</span> <span class='ocrx_word' id='word_1_33' title='bbox 1214 393 1318 434; x_wconf 87' lang='lat' dir='ltr'>urbe</span> <span class='ocrx_word' id='word_1_34' title='bbox 1338 392 1450 433; x_wconf 86' lang='lat' dir='ltr'>facta</span> <span class='ocrx_word' id='word_1_35' title='bbox 1469 400 1572 442; x_wconf 85' lang='lat' dir='ltr'>erat,</span> <span class='ocrx_word' id='word_1_36' title='bbox 1589 400 1653 442; x_wconf 92' lang='lat' dir='ltr'>ut,</span> <span class='ocrx_word' id='word_1_37' title='bbox 1670 390 1811 447; x_wconf 76' lang='lat' dir='ltr'>7⁰quia</span> 
     </span>
     <span class='ocr_line' id='line_1_6' title="bbox 389 448 1808 505; baseline -0.001 -15"><span class='ocrx_word' id='word_1_38' title='bbox 389 449 535 491; x_wconf 87' lang='lat' dir='ltr'>multis</span> <span class='ocrx_word' id='word_1_39' title='bbox 573 450 756 491; x_wconf 72' lang='lat' dir='ltr'>actiones</span> <span class='ocrx_word' id='word_1_40' title='bbox 794 458 835 490; x_wconf 88' lang='lat' dir='ltr'>et</span> <span class='ocrx_word' id='word_1_41' title='bbox 875 464 941 489; x_wconf 85' lang='lat' dir='ltr'>res</span> <span class='ocrx_word' id='word_1_42' title='bbox 979 449 1189 503; x_wconf 84' lang='lat' dir='ltr'>peribant,</span> <span class='ocrx_word' id='word_1_43' title='bbox 1224 458 1474 504; x_wconf 82' lang='lat' dir='ltr'>cogerentur</span> <span class='ocrx_word' id='word_1_44' title='bbox 1512 457 1711 505; x_wconf 84' lang='lat' dir='ltr'>praetores</span> <span class='ocrx_word' id='word_1_45' title='bbox 1753 448 1808 488; x_wconf 89' lang='lat' dir='ltr'>T.</span> 
     </span>
     <span class='ocr_line' id='line_1_7' title="bbox 391 504 1812 561; baseline -0.001 -15"><span class='ocrx_word' id='word_1_46' title='bbox 391 506 576 547; x_wconf 88' lang='lat' dir='ltr'>Maenius</span> <span class='ocrx_word' id='word_1_47' title='bbox 606 515 647 548; x_wconf 88' lang='lat' dir='ltr'>et</span> <span class='ocrx_word' id='word_1_48' title='bbox 679 508 742 547; x_wconf 89' lang='lat' dir='ltr'>M.</span> <span class='ocrx_word' id='word_1_49' title='bbox 768 505 957 546; x_wconf 90' lang='lat' dir='ltr'>Licinius</span> <span class='ocrx_word' id='word_1_50' title='bbox 977 505 1092 561; x_wconf 77' lang='lat' dir='ltr'>⁷¹per</span> <span class='ocrx_word' id='word_1_51' title='bbox 1122 513 1312 546; x_wconf 88' lang='lat' dir='ltr'>senatum</span> <span class='ocrx_word' id='word_1_52' title='bbox 1341 521 1406 547; x_wconf 89' lang='lat' dir='ltr'>res</span> <span class='ocrx_word' id='word_1_53' title='bbox 1435 506 1478 547; x_wconf 91' lang='lat' dir='ltr'>in</span> <span class='ocrx_word' id='word_1_54' title='bbox 1509 506 1620 546; x_wconf 89' lang='lat' dir='ltr'>diem</span> <span class='ocrx_word' id='word_1_55' title='bbox 1650 504 1812 560; x_wconf 60' lang='lat' dir='ltr'>trigesi2</span> 
     </span>
     <span class='ocr_line' id='line_1_8' title="bbox 389 561 1808 619; baseline -0.001 -15"><span class='ocrx_word' id='word_1_56' title='bbox 389 578 506 605; x_wconf 91' lang='lat' dir='ltr'>mum</span> <span class='ocrx_word' id='word_1_57' title='bbox 536 562 716 613; x_wconf 87' lang='lat' dir='ltr'>differre,</span> <span class='ocrx_word' id='word_1_58' title='bbox 739 562 870 603; x_wconf 90' lang='lat' dir='ltr'>donec</span> <span class='ocrx_word' id='word_1_59' title='bbox 900 561 1150 618; x_wconf 70' lang='lat' dir='ltr'>quaestiones</span> <span class='ocrx_word' id='word_1_60' title='bbox 1174 577 1199 602; x_wconf 87' lang='lat' dir='ltr'>a</span> <span class='ocrx_word' id='word_1_61' title='bbox 1228 562 1469 603; x_wconf 88' lang='lat' dir='ltr'>consulibus</span> <span class='ocrx_word' id='word_1_62' title='bbox 1496 563 1808 619; x_wconf 83' lang='lat' dir='ltr'>perficerentur.</span> 
     </span>
     <span class='ocr_line' id='line_1_9' title="bbox 389 619 1940 675; baseline -0.002 -14"><span class='ocrx_word' id='word_1_63' title='bbox 389 619 552 661; x_wconf 87' lang='lat' dir='ltr'>Eadem</span> <span class='ocrx_word' id='word_1_64' title='bbox 583 619 780 669; x_wconf 86' lang='lat' dir='ltr'>solitudo,</span> <span class='ocrx_word' id='word_1_65' title='bbox 812 619 915 675; x_wconf 87' lang='lat' dir='ltr'>quia</span> <span class='ocrx_word' id='word_1_66' title='bbox 945 620 1093 660; x_wconf 85' lang='lat' dir='ltr'>Romae</span> <span class='ocrx_word' id='word_1_67' title='bbox 1123 634 1206 660; x_wconf 90' lang='lat' dir='ltr'>non</span> <span class='ocrx_word' id='word_1_68' title='bbox 1236 619 1557 674; x_wconf 84' lang='lat' dir='ltr'>respondebant,</span> <span class='ocrx_word' id='word_1_69' title='bbox 1587 635 1662 660; x_wconf 90' lang='lat' dir='ltr'>nec</span> <span class='ocrx_word' id='word_1_70' title='bbox 1697 619 1810 659; x_wconf 89' lang='lat' dir='ltr'>inve-</span> <span class='ocrx_word' id='word_1_71' title='bbox 1936 669 1940 675; x_wconf 90' lang='lat'>.</span> 
     </span>
     <span class='ocr_line' id='line_1_10' title="bbox 388 675 1947 732; baseline -0.001 -15"><span class='ocrx_word' id='word_1_72' title='bbox 388 676 626 726; x_wconf 88' lang='lat' dir='ltr'>niebantur,</span> <span class='ocrx_word' id='word_1_73' title='bbox 668 691 849 732; x_wconf 90' lang='lat' dir='ltr'>quorum</span> <span class='ocrx_word' id='word_1_74' title='bbox 890 677 1059 717; x_wconf 89' lang='lat' dir='ltr'>nomina</span> <span class='ocrx_word' id='word_1_75' title='bbox 1097 675 1238 717; x_wconf 86' lang='lat' dir='ltr'>delata</span> <span class='ocrx_word' id='word_1_76' title='bbox 1276 684 1409 726; x_wconf 89' lang='lat' dir='ltr'>erant,</span> <span class='ocrx_word' id='word_1_77' title='bbox 1445 677 1580 731; x_wconf 71' lang='lat' dir='ltr'>coegit</span> <span class='ocrx_word' id='word_1_78' title='bbox 1621 675 1810 717; x_wconf 90' lang='lat' dir='ltr'>consules</span> <span class='ocrx_word' id='word_1_79' title='bbox 1937 678 1947 730; x_wconf 46' lang='grc' dir='ltr'>ἦ</span> 
     </span>
     <span class='ocr_line' id='line_1_11' title="bbox 389 732 1809 789; baseline -0.001 -15"><span class='ocrx_word' id='word_1_80' title='bbox 389 733 498 774; x_wconf 88' lang='lat' dir='ltr'>circa</span> <span class='ocrx_word' id='word_1_81' title='bbox 535 732 627 774; x_wconf 86' lang='lat' dir='ltr'>fora</span> <span class='ocrx_word' id='word_1_82' title='bbox 665 733 884 789; x_wconf 87' lang='lat' dir='ltr'>proficisci,</span> <span class='ocrx_word' id='word_1_83' title='bbox 921 733 1067 789; x_wconf 86' lang='lat' dir='ltr'>ibique</span> <span class='ocrx_word' id='word_1_84' title='bbox 1107 748 1296 789; x_wconf 84' lang='lat' dir='ltr'>quaerere</span> <span class='ocrx_word' id='word_1_85' title='bbox 1336 741 1377 774; x_wconf 89' lang='lat' dir='ltr'>et</span> <span class='ocrx_word' id='word_1_86' title='bbox 1411 732 1572 788; x_wconf 86' lang='lat' dir='ltr'>judicia</span> <span class='ocrx_word' id='word_1_87' title='bbox 1607 747 1809 774; x_wconf 82' lang='lat' dir='ltr'>exercere.</span> 
     </span>
    </p>

    <p class='ocr_par' dir='ltr' id='par_1_4' title="bbox 174 788 1814 2156">
     <span class='ocr_line' id='line_1_12' title="bbox 178 788 1809 845; baseline -0.001 -15"><span class='ocrx_word' id='word_1_88' title='bbox 178 788 362 830; x_wconf 83' lang='lat' dir='ltr'>Conjurato-</span> <span class='ocrx_word' id='word_1_89' title='bbox 391 790 475 840; x_wconf 81' lang='lat' dir='ltr'>Qui</span> <span class='ocrx_word' id='word_1_90' title='bbox 516 798 680 833; x_wconf 81' lang='lat' dir='ltr'>tantum</span> <span class='ocrx_word' id='word_1_91' title='bbox 717 790 870 832; x_wconf 88' lang='lat' dir='ltr'>initiati</span> <span class='ocrx_word' id='word_1_92' title='bbox 904 799 1035 841; x_wconf 88' lang='lat' dir='ltr'>erant,</span> <span class='ocrx_word' id='word_1_93' title='bbox 1058 798 1099 832; x_wconf 92' lang='lat' dir='ltr'>et</span> <span class='ocrx_word' id='word_1_94' title='bbox 1131 805 1184 831; x_wconf 79' lang='lat' dir='ltr'>ex</span> <span class='ocrx_word' id='word_1_95' title='bbox 1215 790 1396 832; x_wconf 85' lang='lat' dir='ltr'>carmine</span> <span class='ocrx_word' id='word_1_96' title='bbox 1431 804 1561 840; x_wconf 90' lang='lat' dir='ltr'>sacro,</span> <span class='ocrx_word' id='word_1_97' title='bbox 1593 799 1809 845; x_wconf 80' lang='lat' dir='ltr'>praeeunte</span> 
     </span>
     <span class='ocr_line' id='line_1_13' title="bbox 176 841 1812 904; baseline -0.001 -17"><span class='ocrx_word' id='word_1_98' title='bbox 176 842 242 863; x_wconf 69' lang='lat'>‘¹¹¹¹&#39;</span> <span class='ocrx_word' id='word_1_99' title='bbox 264 841 377 874; x_wconf 82' lang='lat' dir='ltr'>poenae.</span> <span class='ocrx_word' id='word_1_100' title='bbox 390 846 520 888; x_wconf 83' lang='lat' dir='ltr'>verba</span> <span class='ocrx_word' id='word_1_101' title='bbox 557 847 785 899; x_wconf 84' lang='lat' dir='ltr'>sacerdote,</span> <span class='ocrx_word' id='word_1_102' title='bbox 821 848 1078 904; x_wconf 85' lang='lat' dir='ltr'>precationes</span> <span class='ocrx_word' id='word_1_103' title='bbox 1118 847 1316 896; x_wconf 80' lang='lat' dir='ltr'>fecerant,</span> <span class='ocrx_word' id='word_1_104' title='bbox 1353 847 1396 887; x_wconf 93' lang='lat' dir='ltr'>in</span> <span class='ocrx_word' id='word_1_105' title='bbox 1436 847 1592 903; x_wconf 88' lang='lat' dir='ltr'>quibus</span> <span class='ocrx_word' id='word_1_106' title='bbox 1631 845 1812 902; x_wconf 81' lang='lat' dir='ltr'>nefanda</span> 
     </span>
     <span class='ocr_line' id='line_1_14' title="bbox 390 903 1813 960; baseline -0.001 -15"><span class='ocrx_word' id='word_1_107' title='bbox 390 903 624 960; x_wconf 87' lang='lat' dir='ltr'>conjuratio</span> <span class='ocrx_word' id='word_1_108' title='bbox 653 904 697 945; x_wconf 92' lang='lat' dir='ltr'>in</span> <span class='ocrx_word' id='word_1_109' title='bbox 727 920 848 946; x_wconf 90' lang='lat' dir='ltr'>omne</span> <span class='ocrx_word' id='word_1_110' title='bbox 878 904 1042 946; x_wconf 88' lang='lat' dir='ltr'>facinus</span> <span class='ocrx_word' id='word_1_111' title='bbox 1071 919 1119 945; x_wconf 85' lang='lat' dir='ltr'>ac</span> <span class='ocrx_word' id='word_1_112' title='bbox 1153 904 1370 945; x_wconf 85' lang='lat' dir='ltr'>libidinem</span> <span class='ocrx_word' id='word_1_113' title='bbox 1400 903 1707 952; x_wconf 85' lang='lat' dir='ltr'>continebatur,</span> <span class='ocrx_word' id='word_1_114' title='bbox 1738 917 1813 943; x_wconf 88' lang='lat' dir='ltr'>nec</span> 
     </span>
     <span class='ocr_line' id='line_1_15' title="bbox 388 959 1813 1025; baseline -0.001 -24"><span class='ocrx_word' id='word_1_115' title='bbox 388 975 532 1003; x_wconf 89' lang='lat' dir='ltr'>earum</span> <span class='ocrx_word' id='word_1_116' title='bbox 562 977 704 1003; x_wconf 89' lang='lat' dir='ltr'>rerum</span> <span class='ocrx_word' id='word_1_117' title='bbox 734 961 863 1003; x_wconf 89' lang='lat' dir='ltr'>ullam</span> <span class='ocrx_word' id='word_1_118' title='bbox 894 962 936 1003; x_wconf 92' lang='lat' dir='ltr'>in</span> <span class='ocrx_word' id='word_1_119' title='bbox 964 977 1069 1018; x_wconf 90' lang='lat' dir='ltr'>quas</span> <span class='ocrx_word' id='word_1_120' title='bbox 1093 960 1373 1025; x_wconf 75' lang='lat' dir='ltr'>jurejurando</span> <span class='ocrx_word' id='word_1_121' title='bbox 1402 960 1578 1016; x_wconf 88' lang='lat' dir='ltr'>obligati</span> <span class='ocrx_word' id='word_1_122' title='bbox 1608 967 1740 1010; x_wconf 88' lang='lat' dir='ltr'>erant,</span> <span class='ocrx_word' id='word_1_123' title='bbox 1769 959 1813 1000; x_wconf 91' lang='lat' dir='ltr'>in</span> 
     </span>
     <span class='ocr_line' id='line_1_16' title="bbox 389 1015 1813 1073; baseline -0.001 -15"><span class='ocrx_word' id='word_1_124' title='bbox 389 1033 431 1058; x_wconf 86' lang='lat' dir='ltr'>se</span> <span class='ocrx_word' id='word_1_125' title='bbox 461 1026 536 1059; x_wconf 88' lang='lat' dir='ltr'>aut</span> <span class='ocrx_word' id='word_1_126' title='bbox 565 1018 667 1060; x_wconf 86' lang='lat' dir='ltr'>alios</span> <span class='ocrx_word' id='word_1_127' title='bbox 696 1018 964 1068; x_wconf 85' lang='lat' dir='ltr'>admiserant,</span> <span class='ocrx_word' id='word_1_128' title='bbox 996 1034 1066 1060; x_wconf 86' lang='lat' dir='ltr'>eos</span> <span class='ocrx_word' id='word_1_129' title='bbox 1095 1034 1138 1064; x_wconf 86' lang='lat' dir='ltr'>m</span> <span class='ocrx_word' id='word_1_130' title='bbox 1167 1017 1344 1059; x_wconf 89' lang='lat' dir='ltr'>vinculis</span> <span class='ocrx_word' id='word_1_131' title='bbox 1373 1017 1690 1073; x_wconf 84' lang='lat' dir='ltr'>relinquebant:</span> <span class='ocrx_word' id='word_1_132' title='bbox 1738 1015 1813 1072; x_wconf 85' lang='lat' dir='ltr'>qui</span> 
     </span>
     <span class='ocr_line' id='line_1_17' title="bbox 389 1073 1814 1131; baseline -0.001 -16"><span class='ocrx_word' id='word_1_133' title='bbox 389 1075 545 1131; x_wconf 89' lang='lat' dir='ltr'>stupris</span> <span class='ocrx_word' id='word_1_134' title='bbox 566 1083 640 1117; x_wconf 88' lang='lat' dir='ltr'>aut</span> <span class='ocrx_word' id='word_1_135' title='bbox 670 1075 856 1117; x_wconf 84' lang='lat' dir='ltr'>caedibus</span> <span class='ocrx_word' id='word_1_136' title='bbox 877 1075 1020 1117; x_wconf 89' lang='lat' dir='ltr'>violati</span> <span class='ocrx_word' id='word_1_137' title='bbox 1051 1084 1183 1125; x_wconf 87' lang='lat' dir='ltr'>erant,</span> <span class='ocrx_word' id='word_1_138' title='bbox 1205 1075 1279 1130; x_wconf 92' lang='lat' dir='ltr'>qui</span> <span class='ocrx_word' id='word_1_139' title='bbox 1304 1074 1420 1116; x_wconf 87' lang='lat' dir='ltr'>falsis</span> <span class='ocrx_word' id='word_1_140' title='bbox 1450 1073 1710 1124; x_wconf 84' lang='lat' dir='ltr'>testimoniis,</span> <span class='ocrx_word' id='word_1_141' title='bbox 1732 1073 1814 1129; x_wconf 81' lang='lat' dir='ltr'>sig-</span> 
     </span>
     <span class='ocr_line' id='line_1_18' title="bbox 389 1129 1813 1188; baseline 0.001 -17"><span class='ocrx_word' id='word_1_142' title='bbox 389 1131 453 1172; x_wconf 91' lang='lat' dir='ltr'>nis</span> <span class='ocrx_word' id='word_1_143' title='bbox 473 1131 751 1183; x_wconf 76' lang='lat' dir='ltr'>adulterinis,</span> <span class='ocrx_word' id='word_1_144' title='bbox 776 1132 1034 1188; x_wconf 82' lang='lat' dir='ltr'>subjectione</span> <span class='ocrx_word' id='word_1_145' title='bbox 1072 1140 1433 1183; x_wconf 87' lang='lat' dir='ltr'>testamentorum,</span> <span class='ocrx_word' id='word_1_146' title='bbox 1463 1131 1686 1172; x_wconf 87' lang='lat' dir='ltr'>fraudibus</span> <span class='ocrx_word' id='word_1_147' title='bbox 1721 1129 1813 1172; x_wconf 87' lang='lat' dir='ltr'>aliis</span> 
     </span>
     <span class='ocr_line' id='line_1_19' title="bbox 389 1187 1810 1246; baseline -0.001 -17"><span class='ocrx_word' id='word_1_148' title='bbox 389 1188 674 1239; x_wconf 83' lang='lat' dir='ltr'>contaminati,</span> <span class='ocrx_word' id='word_1_149' title='bbox 704 1205 774 1231; x_wconf 89' lang='lat' dir='ltr'>eos</span> <span class='ocrx_word' id='word_1_150' title='bbox 802 1188 970 1245; x_wconf 88' lang='lat' dir='ltr'>capitali</span> <span class='ocrx_word' id='word_1_151' title='bbox 999 1205 1126 1246; x_wconf 85' lang='lat' dir='ltr'>poena</span> <span class='ocrx_word' id='word_1_152' title='bbox 1154 1188 1417 1230; x_wconf 87' lang='lat' dir='ltr'>adficiebant.</span> <span class='ocrx_word' id='word_1_153' title='bbox 1480 1188 1629 1230; x_wconf 88' lang='lat' dir='ltr'>Plures</span> <span class='ocrx_word' id='word_1_154' title='bbox 1660 1187 1810 1237; x_wconf 87' lang='lat' dir='ltr'>necati,</span> 
     </span>
     <span class='ocr_line' id='line_1_20' title="bbox 390 1245 1814 1303; baseline -0.001 -17"><span class='ocrx_word' id='word_1_155' title='bbox 390 1260 518 1300; x_wconf 87' lang='lat' dir='ltr'>quam</span> <span class='ocrx_word' id='word_1_156' title='bbox 540 1245 582 1286; x_wconf 90' lang='lat' dir='ltr'>in</span> <span class='ocrx_word' id='word_1_157' title='bbox 604 1246 771 1288; x_wconf 89' lang='lat' dir='ltr'>vincula</span> <span class='ocrx_word' id='word_1_158' title='bbox 800 1247 976 1303; x_wconf 86' lang='lat' dir='ltr'>conjecti</span> <span class='ocrx_word' id='word_1_159' title='bbox 997 1255 1107 1289; x_wconf 86' lang='lat' dir='ltr'>sunt.</span> <span class='ocrx_word' id='word_1_160' title='bbox 1138 1260 1289 1301; x_wconf 84' lang='lat' dir='ltr'>magna</span> <span class='ocrx_word' id='word_1_161' title='bbox 1309 1245 1372 1287; x_wconf 82' lang='lat' dir='ltr'>vis</span> <span class='ocrx_word' id='word_1_162' title='bbox 1392 1245 1435 1286; x_wconf 89' lang='lat' dir='ltr'>in</span> <span class='ocrx_word' id='word_1_163' title='bbox 1457 1253 1639 1301; x_wconf 86' lang='lat' dir='ltr'>utraque</span> <span class='ocrx_word' id='word_1_164' title='bbox 1667 1259 1814 1286; x_wconf 84' lang='lat' dir='ltr'>caussa</span> 
     </span>
     <span class='ocr_line' id='line_1_21' title="bbox 389 1301 1806 1359; baseline 0 -17"><span class='ocrx_word' id='word_1_165' title='bbox 389 1301 576 1344; x_wconf 90' lang='lat' dir='ltr'>virorum</span> <span class='ocrx_word' id='word_1_166' title='bbox 611 1303 921 1359; x_wconf 87' lang='lat' dir='ltr'>mulierumque</span> <span class='ocrx_word' id='word_1_167' title='bbox 955 1303 1051 1344; x_wconf 88' lang='lat' dir='ltr'>fuit.</span> <span class='ocrx_word' id='word_1_168' title='bbox 1114 1302 1318 1344; x_wconf 84' lang='lat' dir='ltr'>Mulieres</span> <span class='ocrx_word' id='word_1_169' title='bbox 1352 1302 1569 1344; x_wconf 83' lang='lat' dir='ltr'>damnatas</span> <span class='ocrx_word' id='word_1_170' title='bbox 1604 1301 1806 1357; x_wconf 86' lang='lat' dir='ltr'>cognatis,</span> 
     </span>
     <span class='ocr_line' id='line_1_22' title="bbox 388 1358 1813 1416; baseline -0.001 -16"><span class='ocrx_word' id='word_1_171' title='bbox 388 1367 464 1401; x_wconf 87' lang='lat' dir='ltr'>aut</span> <span class='ocrx_word' id='word_1_172' title='bbox 494 1359 537 1400; x_wconf 92' lang='lat' dir='ltr'>in</span> <span class='ocrx_word' id='word_1_173' title='bbox 567 1375 749 1415; x_wconf 85' lang='lat' dir='ltr'>quorum</span> <span class='ocrx_word' id='word_1_174' title='bbox 779 1376 907 1402; x_wconf 88' lang='lat' dir='ltr'>manu</span> <span class='ocrx_word' id='word_1_175' title='bbox 937 1369 1087 1411; x_wconf 89' lang='lat' dir='ltr'>essent,</span> <span class='ocrx_word' id='word_1_176' title='bbox 1118 1359 1356 1409; x_wconf 86' lang='lat' dir='ltr'>tradebant,</span> <span class='ocrx_word' id='word_1_177' title='bbox 1388 1368 1437 1401; x_wconf 91' lang='lat' dir='ltr'>ut</span> <span class='ocrx_word' id='word_1_178' title='bbox 1466 1358 1545 1416; x_wconf 88' lang='lat' dir='ltr'>ipsi</span> <span class='ocrx_word' id='word_1_179' title='bbox 1575 1359 1618 1399; x_wconf 93' lang='lat' dir='ltr'>in</span> <span class='ocrx_word' id='word_1_180' title='bbox 1648 1358 1813 1414; x_wconf 89' lang='lat' dir='ltr'>privato</span> 
     </span>
     <span class='ocr_line' id='line_1_23' title="bbox 388 1415 1814 1471; baseline 0 -15"><span class='ocrx_word' id='word_1_181' title='bbox 388 1416 768 1459; x_wconf 81' lang='lat' dir='ltr'>animadverterent</span> <span class='ocrx_word' id='word_1_182' title='bbox 787 1418 831 1459; x_wconf 91' lang='lat' dir='ltr'>in</span> <span class='ocrx_word' id='word_1_183' title='bbox 853 1433 932 1459; x_wconf 91' lang='lat' dir='ltr'>eas.</span> <span class='ocrx_word' id='word_1_184' title='bbox 965 1417 998 1458; x_wconf 89' lang='lat' dir='ltr'>si</span> <span class='ocrx_word' id='word_1_185' title='bbox 1018 1433 1139 1459; x_wconf 88' lang='lat' dir='ltr'>nemo</span> <span class='ocrx_word' id='word_1_186' title='bbox 1166 1425 1255 1458; x_wconf 90' lang='lat' dir='ltr'>erat</span> <span class='ocrx_word' id='word_1_187' title='bbox 1275 1416 1450 1458; x_wconf 86' lang='lat' dir='ltr'>idoneus</span> <span class='ocrx_word' id='word_1_188' title='bbox 1481 1430 1559 1471; x_wconf 91' lang='lat' dir='ltr'>sup</span> <span class='ocrx_word' id='word_1_189' title='bbox 1591 1415 1674 1456; x_wconf 89' lang='lat' dir='ltr'>licii</span> <span class='ocrx_word' id='word_1_190' title='bbox 1695 1430 1814 1456; x_wconf 85' lang='lat' dir='ltr'>exac-</span> 
     </span>
     <span class='ocr_line' id='line_1_24' title="bbox 389 1431 1813 1530; baseline 0 -17"><span class='ocrx_word' id='word_1_191' title='bbox 389 1481 470 1523; x_wconf 88' lang='lat' dir='ltr'>tor,</span> <span class='ocrx_word' id='word_1_192' title='bbox 501 1474 544 1514; x_wconf 91' lang='lat' dir='ltr'>in</span> <span class='ocrx_word' id='word_1_193' title='bbox 574 1474 745 1530; x_wconf 86' lang='lat' dir='ltr'>publico</span> <span class='ocrx_word' id='word_1_194' title='bbox 776 1474 1200 1517; x_wconf 80' lang='lat' dir='ltr'>animadvertebatur.</span> <span class='ocrx_word' id='word_1_195' title='bbox 1262 1474 1424 1516; x_wconf 89' lang='lat' dir='ltr'>Datum</span> <span class='ocrx_word' id='word_1_196' title='bbox 1455 1431 1605 1514; x_wconf 52' lang='lat' dir='ltr'>deind&#39;e</span> <span class='ocrx_word' id='word_1_197' title='bbox 1635 1471 1813 1514; x_wconf 90' lang='lat' dir='ltr'>consuli-</span> 
     </span>
     <span class='ocr_line' id='line_1_25' title="bbox 388 1529 1807 1587; baseline 0 -17"><span class='ocrx_word' id='word_1_198' title='bbox 388 1529 468 1571; x_wconf 93' lang='lat' dir='ltr'>bus</span> <span class='ocrx_word' id='word_1_199' title='bbox 507 1532 724 1587; x_wconf 84' lang='lat' dir='ltr'>negotium</span> <span class='ocrx_word' id='word_1_200' title='bbox 754 1545 830 1581; x_wconf 87' lang='lat' dir='ltr'>est,</span> <span class='ocrx_word' id='word_1_201' title='bbox 861 1540 910 1573; x_wconf 79' lang='lat' dir='ltr'>ut</span> <span class='ocrx_word' id='word_1_202' title='bbox 942 1532 1081 1572; x_wconf 91' lang='lat' dir='ltr'>omnia</span> <span class='ocrx_word' id='word_1_203' title='bbox 1117 1531 1394 1573; x_wconf 82' lang='lat' dir='ltr'>Bacchanalia</span> <span class='ocrx_word' id='word_1_204' title='bbox 1424 1532 1573 1571; x_wconf 85' lang='lat' dir='ltr'>Romae</span> <span class='ocrx_word' id='word_1_205' title='bbox 1607 1529 1807 1586; x_wconf 89' lang='lat' dir='ltr'>primum,</span> 
     </span>
     <span class='ocr_line' id='line_1_26' title="bbox 388 1585 1810 1645; baseline -0.001 -18"><span class='ocrx_word' id='word_1_206' title='bbox 388 1586 538 1628; x_wconf 85' lang='lat' dir='ltr'>deinde</span> <span class='ocrx_word' id='word_1_207' title='bbox 559 1604 634 1645; x_wconf 88' lang='lat' dir='ltr'>per</span> <span class='ocrx_word' id='word_1_208' title='bbox 655 1597 787 1631; x_wconf 89' lang='lat' dir='ltr'>totam</span> <span class='ocrx_word' id='word_1_209' title='bbox 819 1588 1003 1639; x_wconf 85' lang='lat' dir='ltr'>Italiam,</span> <span class='ocrx_word' id='word_1_210' title='bbox 1026 1589 1266 1635; x_wconf 84' lang='lat' dir='ltr'>diruerent;</span> <span class='ocrx_word' id='word_1_211' title='bbox 1299 1597 1420 1630; x_wconf 82' lang='lat' dir='ltr'>extra</span> <span class='ocrx_word' id='word_1_212' title='bbox 1441 1602 1568 1643; x_wconf 90' lang='lat' dir='ltr'>quam</span> <span class='ocrx_word' id='word_1_213' title='bbox 1590 1588 1623 1628; x_wconf 91' lang='lat' dir='ltr'>si</span> <span class='ocrx_word' id='word_1_214' title='bbox 1645 1601 1731 1643; x_wconf 90' lang='lat' dir='ltr'>qua</span> <span class='ocrx_word' id='word_1_215' title='bbox 1751 1585 1810 1628; x_wconf 88' lang='lat' dir='ltr'>ibi</span> 
     </span>
     <span class='ocr_line' id='line_1_27' title="bbox 388 1643 1811 1701; baseline 0 -17"><span class='ocrx_word' id='word_1_216' title='bbox 388 1652 555 1685; x_wconf 74' lang='lat' dir='ltr'>vetusta</span> <span class='ocrx_word' id='word_1_217' title='bbox 584 1661 657 1687; x_wconf 87' lang='lat' dir='ltr'>ara</span> <span class='ocrx_word' id='word_1_218' title='bbox 676 1654 750 1687; x_wconf 90' lang='lat' dir='ltr'>aut</span> <span class='ocrx_word' id='word_1_219' title='bbox 781 1646 948 1701; x_wconf 86' lang='lat' dir='ltr'>signum</span> <span class='ocrx_word' id='word_1_220' title='bbox 979 1654 1265 1687; x_wconf 88' lang='lat' dir='ltr'>consecratum</span> <span class='ocrx_word' id='word_1_221' title='bbox 1295 1654 1414 1686; x_wconf 89' lang='lat' dir='ltr'>esset.</span> <span class='ocrx_word' id='word_1_222' title='bbox 1446 1644 1488 1685; x_wconf 90' lang='lat' dir='ltr'>in</span> <span class='ocrx_word' id='word_1_223' title='bbox 1509 1644 1719 1700; x_wconf 85' lang='lat' dir='ltr'>reliquum</span> <span class='ocrx_word' id='word_1_224' title='bbox 1740 1643 1811 1684; x_wconf 83' lang='lat' dir='ltr'>de-</span> 
     </span>
     <span class='ocr_line' id='line_1_28' title="bbox 175 1698 1810 1757; baseline 0 -16"><span class='ocrx_word' id='word_1_225' title='bbox 175 1700 322 1731; x_wconf 84' lang='lat' dir='ltr'>Senatus·</span> <span class='ocrx_word' id='word_1_226' title='bbox 387 1699 484 1742; x_wconf 90' lang='lat' dir='ltr'>inde</span> <span class='ocrx_word' id='word_1_227' title='bbox 522 1698 928 1745; x_wconf 73' lang='lat' dir='ltr'>⁷²senatusconsultb</span> <span class='ocrx_word' id='word_1_228' title='bbox 967 1712 1139 1745; x_wconf 90' lang='lat' dir='ltr'>cautum</span> <span class='ocrx_word' id='word_1_229' title='bbox 1163 1699 1256 1752; x_wconf 75' lang='lat' dir='ltr'>est,</span> <span class='ocrx_word' id='word_1_230' title='bbox 1299 1702 1365 1742; x_wconf 83' lang='lat' dir='ltr'>Ne</span> <span class='ocrx_word' id='word_1_231' title='bbox 1404 1716 1483 1757; x_wconf 83' lang='lat' dir='ltr'>qua</span> <span class='ocrx_word' id='word_1_232' title='bbox 1525 1701 1810 1742; x_wconf 76' lang='lat' dir='ltr'>Bacchanalia</span> 
     </span>
     <span class='ocr_line' id='line_1_29' title="bbox 174 1742 1812 1816; baseline -0.001 -18"><span class='ocrx_word' id='word_1_233' title='bbox 174 1742 369 1816; x_wconf 49' lang='lat' dir='ltr'>(cignffilgssffi,</span> <span class='ocrx_word' id='word_1_234' title='bbox 391 1758 542 1809; x_wconf 82' lang='lat' dir='ltr'>Romae,</span> <span class='ocrx_word' id='word_1_235' title='bbox 566 1775 662 1802; x_wconf 79' lang='lat' dir='ltr'>neve</span> <span class='ocrx_word' id='word_1_236' title='bbox 691 1762 736 1801; x_wconf 82' lang='lat' dir='ltr'>in</span> <span class='ocrx_word' id='word_1_237' title='bbox 769 1761 895 1801; x_wconf 78' lang='lat' dir='ltr'>Italia</span> <span class='ocrx_word' id='word_1_238' title='bbox 925 1767 1063 1801; x_wconf 76' lang='lat' dir='ltr'>essent.</span> <span class='ocrx_word' id='word_1_239' title='bbox 1094 1761 1131 1800; x_wconf 84' lang='lat' dir='ltr'>si</span> <span class='ocrx_word' id='word_1_240' title='bbox 1155 1761 1244 1813; x_wconf 84' lang='lat' dir='ltr'>quis</span> <span class='ocrx_word' id='word_1_241' title='bbox 1270 1761 1354 1799; x_wconf 82' lang='lat' dir='ltr'>tale</span> <span class='ocrx_word' id='word_1_242' title='bbox 1383 1773 1537 1800; x_wconf 80' lang='lat' dir='ltr'>sacrum</span> <span class='ocrx_word' id='word_1_243' title='bbox 1567 1759 1753 1799; x_wconf 87' lang='lat' dir='ltr'>sollemne</span> <span class='ocrx_word' id='word_1_244' title='bbox 1772 1763 1812 1798; x_wconf 80' lang='lat' dir='ltr'>et</span> 
     </span>
     <span class='ocr_line' id='line_1_30' title="bbox 175 1815 1813 1871; baseline -0.002 -13"><span class='ocrx_word' id='word_1_245' title='bbox 175 1827 307 1860; x_wconf 87' lang='lat' dir='ltr'>nalibus.</span> <span class='ocrx_word' id='word_1_246' title='bbox 386 1819 650 1858; x_wconf 80' lang='lat' dir='ltr'>necessarium</span> <span class='ocrx_word' id='word_1_247' title='bbox 672 1819 844 1866; x_wconf 84' lang='lat' dir='ltr'>duceret,</span> <span class='ocrx_word' id='word_1_248' title='bbox 862 1832 932 1858; x_wconf 86' lang='lat' dir='ltr'>nec</span> <span class='ocrx_word' id='word_1_249' title='bbox 947 1819 1034 1858; x_wconf 85' lang='lat' dir='ltr'>sine</span> <span class='ocrx_word' id='word_1_250' title='bbox 1050 1818 1248 1871; x_wconf 78' lang='lat' dir='ltr'>religione</span> <span class='ocrx_word' id='word_1_251' title='bbox 1268 1822 1306 1856; x_wconf 83' lang='lat' dir='ltr'>et</span> <span class='ocrx_word' id='word_1_252' title='bbox 1318 1817 1486 1869; x_wconf 76' lang='lat' dir='ltr'>piaculo</span> <span class='ocrx_word' id='word_1_253' title='bbox 1505 1829 1546 1856; x_wconf 89' lang='lat' dir='ltr'>se</span> <span class='ocrx_word' id='word_1_254' title='bbox 1566 1816 1612 1856; x_wconf 84' lang='lat' dir='ltr'>id</span> <span class='ocrx_word' id='word_1_255' title='bbox 1630 1815 1813 1855; x_wconf 80' lang='lat' dir='ltr'>omittere</span> 
     </span>
     <span class='ocr_line' id='line_1_31' title="bbox 382 1874 1812 1928; baseline -0.001 -15"><span class='ocrx_word' id='word_1_256' title='bbox 382 1886 512 1926; x_wconf 84' lang='lat' dir='ltr'>posse,</span> <span class='ocrx_word' id='word_1_257' title='bbox 543 1876 656 1928; x_wconf 76' lang='lat' dir='ltr'>apud</span> <span class='ocrx_word' id='word_1_258' title='bbox 677 1881 895 1928; x_wconf 78' lang='lat' dir='ltr'>praetorem</span> <span class='ocrx_word' id='word_1_259' title='bbox 926 1875 1120 1915; x_wconf 82' lang='lat' dir='ltr'>urbanum</span> <span class='ocrx_word' id='word_1_260' title='bbox 1145 1874 1420 1927; x_wconf 78' lang='lat' dir='ltr'>profiteretur,</span> <span class='ocrx_word' id='word_1_261' title='bbox 1445 1879 1605 1926; x_wconf 79' lang='lat' dir='ltr'>pra’tor</span> <span class='ocrx_word' id='word_1_262' title='bbox 1632 1878 1812 1913; x_wconf 80' lang='lat' dir='ltr'>senatum</span> 
     </span>
     <span class='ocr_line' id='line_1_32' title="bbox 387 1932 1813 1985; baseline -0.001 -15"><span class='ocrx_word' id='word_1_263' title='bbox 387 1933 619 1973; x_wconf 78' lang='lat' dir='ltr'>consuleret.</span> <span class='ocrx_word' id='word_1_264' title='bbox 651 1934 687 1973; x_wconf 84' lang='lat' dir='ltr'>si</span> <span class='ocrx_word' id='word_1_265' title='bbox 707 1933 746 1973; x_wconf 83' lang='lat' dir='ltr'>ei</span> <span class='ocrx_word' id='word_1_266' title='bbox 759 1934 995 1985; x_wconf 70' lang='lat' dir='ltr'>permissura</span> <span class='ocrx_word' id='word_1_267' title='bbox 1027 1938 1137 1981; x_wconf 83' lang='lat' dir='ltr'>esset,</span> <span class='ocrx_word' id='word_1_268' title='bbox 1161 1946 1276 1985; x_wconf 80' lang='lat' dir='ltr'>quum</span> <span class='ocrx_word' id='word_1_269' title='bbox 1308 1932 1351 1971; x_wconf 85' lang='lat' dir='ltr'>in</span> <span class='ocrx_word' id='word_1_270' title='bbox 1378 1937 1520 1971; x_wconf 79' lang='lat' dir='ltr'>senatu</span> <span class='ocrx_word' id='word_1_271' title='bbox 1549 1936 1702 1970; x_wconf 80' lang='lat' dir='ltr'>centum</span> <span class='ocrx_word' id='word_1_272' title='bbox 1732 1943 1813 1970; x_wconf 80' lang='lat' dir='ltr'>non</span> 
     </span>
     <span class='ocr_line' id='line_1_33' title="bbox 386 1987 1810 2042; baseline -0.001 -14"><span class='ocrx_word' id='word_1_273' title='bbox 386 1990 517 2029; x_wconf 80' lang='lat' dir='ltr'>minus</span> <span class='ocrx_word' id='word_1_274' title='bbox 537 1997 676 2038; x_wconf 83' lang='lat' dir='ltr'>essent,</span> <span class='ocrx_word' id='word_1_275' title='bbox 697 1992 757 2031; x_wconf 84' lang='lat' dir='ltr'>ita</span> <span class='ocrx_word' id='word_1_276' title='bbox 779 1991 825 2030; x_wconf 77' lang='lat' dir='ltr'>id</span> <span class='ocrx_word' id='word_1_277' title='bbox 843 2003 996 2030; x_wconf 82' lang='lat' dir='ltr'>sacrum</span> <span class='ocrx_word' id='word_1_278' title='bbox 1007 1988 1182 2041; x_wconf 79' lang='lat' dir='ltr'>faceret,</span> <span class='ocrx_word' id='word_1_279' title='bbox 1201 1990 1291 2029; x_wconf 83' lang='lat' dir='ltr'>dum</span> <span class='ocrx_word' id='word_1_280' title='bbox 1313 2002 1363 2028; x_wconf 85' lang='lat' dir='ltr'>ne</span> <span class='ocrx_word' id='word_1_281' title='bbox 1377 1989 1471 2041; x_wconf 79' lang='lat' dir='ltr'>plus</span> <span class='ocrx_word' id='word_1_282' title='bbox 1491 1988 1666 2042; x_wconf 81' lang='lat' dir='ltr'>quinque</span> <span class='ocrx_word' id='word_1_283' title='bbox 1683 1987 1810 2028; x_wconf 82' lang='lat' dir='ltr'>sacri-</span> 
     </span>
     <span class='ocr_line' id='line_1_34' title="bbox 377 2045 1810 2102; baseline -0.001 -16"><span class='ocrx_word' id='word_1_284' title='bbox 377 2046 477 2100; x_wconf 72' lang='lat' dir='ltr'>ficio</span> <span class='ocrx_word' id='word_1_285' title='bbox 499 2047 747 2096; x_wconf 80' lang='lat' dir='ltr'>interessent,</span> <span class='ocrx_word' id='word_1_286' title='bbox 771 2061 846 2088; x_wconf 87' lang='lat' dir='ltr'>neu</span> <span class='ocrx_word' id='word_1_287' title='bbox 867 2062 945 2102; x_wconf 84' lang='lat' dir='ltr'>qua</span> <span class='ocrx_word' id='word_1_288' title='bbox 964 2048 1139 2100; x_wconf 81' lang='lat' dir='ltr'>pecunia</span> <span class='ocrx_word' id='word_1_289' title='bbox 1161 2047 1389 2095; x_wconf 82' lang='lat' dir='ltr'>communis,</span> <span class='ocrx_word' id='word_1_290' title='bbox 1412 2059 1489 2086; x_wconf 83' lang='lat' dir='ltr'>neu</span> <span class='ocrx_word' id='word_1_291' title='bbox 1509 2046 1599 2100; x_wconf 81' lang='lat' dir='ltr'>quis</span> <span class='ocrx_word' id='word_1_292' title='bbox 1616 2045 1810 2099; x_wconf 82' lang='lat' dir='ltr'>magister</span> 
     </span>
     <span class='ocr_line' id='line_1_35' title="bbox 387 2106 1035 2156; baseline 0.005 -13"><span class='ocrx_word' id='word_1_293' title='bbox 387 2117 603 2156; x_wconf 81' lang='lat' dir='ltr'>sacrorum,</span> <span class='ocrx_word' id='word_1_294' title='bbox 625 2112 696 2145; x_wconf 82' lang='lat' dir='ltr'>aut</span> <span class='ocrx_word' id='word_1_295' title='bbox 715 2106 902 2146; x_wconf 83' lang='lat' dir='ltr'>sacerdos</span> <span class='ocrx_word' id='word_1_296' title='bbox 922 2111 1035 2146; x_wconf 85' lang='lat' dir='ltr'>esset.</span> 
     </span>
    </p>

    <p class='ocr_par' dir='ltr' id='par_1_5' title="bbox 379 2158 1811 2447">
     <span class='ocr_line' id='line_1_36' title="bbox 447 2158 1808 2209; baseline -0.002 -8"><span class='ocrx_word' id='word_1_297' title='bbox 447 2161 584 2203; x_wconf 89' lang='lat' dir='ltr'><strong>XIX.</strong></span> <span class='ocrx_word' id='word_1_298' title='bbox 618 2162 754 2203; x_wconf 90' lang='lat' dir='ltr'>Aliud</span> <span class='ocrx_word' id='word_1_299' title='bbox 783 2161 933 2203; x_wconf 89' lang='lat' dir='ltr'>deinde</span> <span class='ocrx_word' id='word_1_300' title='bbox 955 2162 1055 2202; x_wconf 90' lang='lat' dir='ltr'>huic</span> <span class='ocrx_word' id='word_1_301' title='bbox 1084 2161 1371 2209; x_wconf 87' lang='lat' dir='ltr'>con&#39;unctum,</span> <span class='ocrx_word' id='word_1_302' title='bbox 1394 2160 1597 2201; x_wconf 89' lang='lat' dir='ltr'>referente</span> <span class='ocrx_word' id='word_1_303' title='bbox 1619 2160 1667 2208; x_wconf 85' lang='lat' dir='ltr'>Q.</span> <span class='ocrx_word' id='word_1_304' title='bbox 1692 2158 1808 2199; x_wconf 85' lang='lat' dir='ltr'>Mar-</span> 
     </span>
     <span class='ocr_line' id='line_1_37' title="bbox 387 2178 1809 2269; baseline -0.002 -11"><span class='ocrx_word' id='word_1_305' title='bbox 387 2217 453 2258; x_wconf 89' lang='lat' dir='ltr'>cio</span> <span class='ocrx_word' id='word_1_306' title='bbox 492 2219 674 2269; x_wconf 90' lang='lat' dir='ltr'>consule,</span> <span class='ocrx_word' id='word_1_307' title='bbox 709 2219 1116 2261; x_wconf 87' lang='lat' dir='ltr'>senatusconsultum</span> <span class='ocrx_word' id='word_1_308' title='bbox 1145 2178 1305 2260; x_wconf 46' lang='lat' dir='ltr'>{lactum</span> <span class='ocrx_word' id='word_1_309' title='bbox 1336 2227 1413 2268; x_wconf 87' lang='lat' dir='ltr'>est,</span> <span class='ocrx_word' id='word_1_310' title='bbox 1452 2217 1504 2259; x_wconf 84' lang='lat' dir='ltr'>Ut</span> <span class='ocrx_word' id='word_1_311' title='bbox 1535 2218 1584 2257; x_wconf 87' lang='lat' dir='ltr'>de</span> <span class='ocrx_word' id='word_1_312' title='bbox 1616 2217 1681 2265; x_wconf 80' lang='lat' dir='ltr'>iis,</span> <span class='ocrx_word' id='word_1_313' title='bbox 1713 2229 1809 2269; x_wconf 85' lang='lat' dir='ltr'>quos</span> 
     </span>
     <span class='ocr_line' id='line_1_38' title="bbox 379 2273 1811 2330; baseline -0.002 -15"><span class='ocrx_word' id='word_1_314' title='bbox 379 2288 463 2328; x_wconf 79' lang='lat' dir='ltr'>pro</span> <span class='ocrx_word' id='word_1_315' title='bbox 484 2276 684 2317; x_wconf 84' lang='lat' dir='ltr'>indicibus</span> <span class='ocrx_word' id='word_1_316' title='bbox 697 2277 873 2317; x_wconf 84' lang='lat' dir='ltr'>consules</span> <span class='ocrx_word' id='word_1_317' title='bbox 892 2277 1136 2325; x_wconf 79' lang='lat' dir='ltr'>habuissent,</span> <span class='ocrx_word' id='word_1_318' title='bbox 1155 2277 1316 2330; x_wconf 80' lang='lat' dir='ltr'>integra</span> <span class='ocrx_word' id='word_1_319' title='bbox 1336 2289 1399 2316; x_wconf 83' lang='lat' dir='ltr'>res</span> <span class='ocrx_word' id='word_1_320' title='bbox 1413 2275 1471 2316; x_wconf 81' lang='lat' dir='ltr'>ad</span> <span class='ocrx_word' id='word_1_321' title='bbox 1488 2279 1665 2315; x_wconf 83' lang='lat' dir='ltr'>senatum</span> <span class='ocrx_word' id='word_1_322' title='bbox 1685 2273 1811 2327; x_wconf 68' lang='lat' dir='ltr'>refer-</span> 
     </span>
     <span class='ocr_line' id='line_1_39' title="bbox 387 2331 1809 2388; baseline -0.001 -16"><span class='ocrx_word' id='word_1_323' title='bbox 387 2339 513 2383; x_wconf 77' lang='lat' dir='ltr'>retur,</span> <span class='ocrx_word' id='word_1_324' title='bbox 535 2348 652 2388; x_wconf 77' lang='lat' dir='ltr'>quum</span> <span class='ocrx_word' id='word_1_325' title='bbox 673 2334 742 2386; x_wconf 81' lang='lat' dir='ltr'>Sp.</span> <span class='ocrx_word' id='word_1_326' title='bbox 759 2334 1001 2383; x_wconf 87' lang='lat' dir='ltr'>Postumius,</span> <span class='ocrx_word' id='word_1_327' title='bbox 1023 2334 1304 2388; x_wconf 74' lang='lat' dir='ltr'>quaesrionibus</span> <span class='ocrx_word' id='word_1_328' title='bbox 1322 2332 1531 2386; x_wconf 56' lang='lat' dir='ltr'>perfectis,</span> <span class='ocrx_word' id='word_1_329' title='bbox 1553 2331 1724 2372; x_wconf 85' lang='lat' dir='ltr'>Romam</span> <span class='ocrx_word' id='word_1_330' title='bbox 1745 2344 1809 2370; x_wconf 88' lang='lat' dir='ltr'>re-</span> 
     </span>
     <span class='ocr_line' id='line_1_40' title="bbox 388 2386 1808 2447; baseline -0.001 -17"><span class='ocrx_word' id='word_1_331' title='bbox 388 2390 520 2431; x_wconf 82' lang='lat' dir='ltr'>disset.</span> <span class='ocrx_word' id='word_1_332' title='bbox 582 2391 768 2432; x_wconf 88' lang='lat' dir='ltr'>Minium</span> <span class='ocrx_word' id='word_1_333' title='bbox 801 2391 1036 2432; x_wconf 88' lang='lat' dir='ltr'>Cerrinium</span> <span class='ocrx_word' id='word_1_334' title='bbox 1070 2392 1332 2447; x_wconf 83' lang='lat' dir='ltr'>Campanum</span> <span class='ocrx_word' id='word_1_335' title='bbox 1362 2388 1546 2431; x_wconf 80' lang='lat' dir='ltr'>Ardeam</span> <span class='ocrx_word' id='word_1_336' title='bbox 1575 2388 1620 2429; x_wconf 89' lang='lat' dir='ltr'>in</span> <span class='ocrx_word' id='word_1_337' title='bbox 1641 2386 1808 2429; x_wconf 80' lang='lat' dir='ltr'>vincula</span> 
     </span>
    </p>
   </div>
   <div class='ocr_carea' id='block_1_3' title="bbox 1931 117 1947 669">
    <p class='ocr_par' dir='ltr' id='par_1_6' title="bbox 1931 117 1947 669">
     <span class='ocr_line' id='line_1_41' title="bbox 1931 117 1947 669; baseline 0 2553"><span class='ocrx_word' id='word_1_338' title='bbox 1931 117 1947 669; x_wconf 95' lang='lat' dir='ltr'> </span> 
     </span>
    </p>
   </div>
   <div class='ocr_carea' id='block_1_4' title="bbox 387 2517 1808 2654">
    <p class='ocr_par' dir='ltr' id='par_1_7' title="bbox 387 2517 1808 2654">
     <span class='ocr_line' id='line_1_42' title="bbox 432 2517 1805 2565; baseline -0.003 -9"><span class='ocrx_word' id='word_1_339' title='bbox 432 2526 473 2556; x_wconf 91' lang='lat'>70</span> <span class='ocrx_word' id='word_1_340' title='bbox 497 2526 578 2562; x_wconf 75' lang='lat' dir='ltr'>Quia</span> <span class='ocrx_word' id='word_1_341' title='bbox 602 2527 702 2556; x_wconf 72' lang='lat' dir='ltr'>multis</span> <span class='ocrx_word' id='word_1_342' title='bbox 726 2528 852 2557; x_wconf 77' lang='lat' dir='ltr'>actiones</span> <span class='ocrx_word' id='word_1_343' title='bbox 876 2533 903 2557; x_wconf 81' lang='lat' dir='ltr'>et</span> <span class='ocrx_word' id='word_1_344' title='bbox 930 2537 975 2556; x_wconf 84' lang='lat' dir='ltr'>res</span> <span class='ocrx_word' id='word_1_345' title='bbox 997 2527 1075 2565; x_wconf 77' lang='lat' dir='ltr'>peri·</span> <span class='ocrx_word' id='word_1_346' title='bbox 1162 2525 1237 2555; x_wconf 82' lang='lat'>71·</span> <span class='ocrx_word' id='word_1_347' title='bbox 1253 2524 1311 2555; x_wconf 86' lang='lat' dir='ltr'>Per</span> <span class='ocrx_word' id='word_1_348' title='bbox 1345 2522 1493 2563; x_wconf 81' lang='lat' dir='ltr'>senatum]</span> <span class='ocrx_word' id='word_1_349' title='bbox 1540 2523 1587 2553; x_wconf 86' lang='lat' dir='ltr'>Ex</span> <span class='ocrx_word' id='word_1_350' title='bbox 1624 2517 1805 2553; x_wconf 77' lang='lat' dir='ltr'>auctoritate</span> 
     </span>
     <span class='ocr_line' id='line_1_43' title="bbox 388 2569 1256 2611; baseline -0.001 -13"><span class='ocrx_word' id='word_1_351' title='bbox 388 2569 473 2610; x_wconf 72' lang='grc' dir='ltr'>ἶιαηε]</span> <span class='ocrx_word' id='word_1_352' title='bbox 498 2569 546 2600; x_wconf 86' lang='lat' dir='ltr'>Ex</span> <span class='ocrx_word' id='word_1_353' title='bbox 560 2569 621 2601; x_wconf 81' lang='lat' dir='ltr'>iuis</span> <span class='ocrx_word' id='word_1_354' title='bbox 637 2579 747 2611; x_wconf 87' lang='lat' dir='ltr'>nempe</span> <span class='ocrx_word' id='word_1_355' title='bbox 763 2569 816 2609; x_wconf 87' lang='lat' dir='ltr'>qui</span> <span class='ocrx_word' id='word_1_356' title='bbox 833 2569 975 2610; x_wconf 85' lang='lat' dir='ltr'>fugerant</span> <span class='ocrx_word' id='word_1_357' title='bbox 996 2569 1076 2600; x_wconf 91' lang='lat' dir='ltr'>mul·</span> <span class='ocrx_word' id='word_1_358' title='bbox 1120 2574 1256 2599; x_wconf 86' lang='lat' dir='ltr'>senatus.</span> 
     </span>
     <span class='ocr_line' id='line_1_44' title="bbox 387 2608 1808 2654; baseline -0.003 -12"><span class='ocrx_word' id='word_1_359' title='bbox 387 2612 411 2642; x_wconf 83' lang='lat' dir='ltr'>ti</span> <span class='ocrx_word' id='word_1_360' title='bbox 441 2618 540 2647; x_wconf 82' lang='lat' dir='ltr'>erant,</span> <span class='ocrx_word' id='word_1_361' title='bbox 564 2612 617 2654; x_wconf 87' lang='lat' dir='ltr'>qui</span> <span class='ocrx_word' id='word_1_362' title='bbox 647 2623 741 2653; x_wconf 90' lang='lat' dir='ltr'>quum</span> <span class='ocrx_word' id='word_1_363' title='bbox 770 2612 840 2642; x_wconf 82' lang='lat' dir='ltr'>lites</span> <span class='ocrx_word' id='word_1_364' title='bbox 867 2621 969 2642; x_wconf 82' lang='lat' dir='ltr'>coram</span> <span class='ocrx_word' id='word_1_365' title='bbox 992 2611 1076 2652; x_wconf 87' lang='lat' dir='ltr'>judi·</span> <span class='ocrx_word' id='word_1_366' title='bbox 1163 2611 1204 2641; x_wconf 87' lang='lat'>72</span> <span class='ocrx_word' id='word_1_367' title='bbox 1228 2609 1481 2640; x_wconf 76' lang='lat' dir='ltr'>senatusconsulto</span> <span class='ocrx_word' id='word_1_368' title='bbox 1509 2616 1631 2640; x_wconf 83' lang='lat' dir='ltr'>cautum</span> <span class='ocrx_word' id='word_1_369' title='bbox 1657 2609 1714 2649; x_wconf 76' lang='lat' dir='ltr'>est]</span> <span class='ocrx_word' id='word_1_370' title='bbox 1754 2608 1808 2638; x_wconf 85' lang='lat' dir='ltr'>In-</span> 
     </span>
    </p>
   </div>
   <div class='ocr_carea' id='block_1_5' title="bbox 387 2651 1810 2900">
    <p class='ocr_par' dir='ltr' id='par_1_8' title="bbox 387 2651 1810 2900">
     <span class='ocr_line' id='line_1_45' title="bbox 389 2651 1806 2697; baseline -0.003 -12"><span class='ocrx_word' id='word_1_371' title='bbox 389 2655 477 2685; x_wconf 84' lang='lat' dir='ltr'>cibus</span> <span class='ocrx_word' id='word_1_372' title='bbox 505 2656 675 2697; x_wconf 78' lang='lat' dir='ltr'>pendentes</span> <span class='ocrx_word' id='word_1_373' title='bbox 704 2654 865 2688; x_wconf 84' lang='lat' dir='ltr'>haberent.</span> <span class='ocrx_word' id='word_1_374' title='bbox 896 2655 935 2684; x_wconf 91' lang='lat' dir='ltr'>ob</span> <span class='ocrx_word' id='word_1_375' title='bbox 965 2655 1075 2684; x_wconf 83' lang='lat' dir='ltr'>absen-</span> <span class='ocrx_word' id='word_1_376' title='bbox 1121 2653 1197 2693; x_wconf 88' lang='lat' dir='ltr'>tegri</span> <span class='ocrx_word' id='word_1_377' title='bbox 1240 2651 1499 2682; x_wconf 79' lang='lat' dir='ltr'>senatusconsulti</span> <span class='ocrx_word' id='word_1_378' title='bbox 1543 2651 1732 2693; x_wconf 85' lang='lat' dir='ltr'>exemplum,</span> <span class='ocrx_word' id='word_1_379' title='bbox 1768 2660 1806 2681; x_wconf 83' lang='lat' dir='ltr'>ex</span> 
     </span>
     <span class='ocr_line' id='line_1_46' title="bbox 388 2692 1808 2740; baseline -0.003 -13"><span class='ocrx_word' id='word_1_380' title='bbox 388 2698 475 2734; x_wconf 76' lang='lat' dir='ltr'>tiam,</span> <span class='ocrx_word' id='word_1_381' title='bbox 492 2703 641 2740; x_wconf 79' lang='lat' dir='ltr'>tanquam</span> <span class='ocrx_word' id='word_1_382' title='bbox 664 2698 785 2729; x_wconf 81' lang='lat' dir='ltr'>deserto</span> <span class='ocrx_word' id='word_1_383' title='bbox 800 2697 986 2731; x_wconf 83' lang='lat' dir='ltr'>vadimonio,</span> <span class='ocrx_word' id='word_1_384' title='bbox 1003 2707 1075 2727; x_wconf 88' lang='lat' dir='ltr'>con·</span> <span class='ocrx_word' id='word_1_385' title='bbox 1121 2705 1204 2726; x_wconf 78' lang='lat' dir='ltr'>oerea</span> <span class='ocrx_word' id='word_1_386' title='bbox 1226 2695 1344 2731; x_wconf 78' lang='lat' dir='ltr'>tabula,</span> <span class='ocrx_word' id='word_1_387' title='bbox 1363 2700 1431 2737; x_wconf 85' lang='lat' dir='ltr'>post</span> <span class='ocrx_word' id='word_1_388' title='bbox 1455 2700 1498 2724; x_wconf 81' lang='lat' dir='ltr'>tot</span> <span class='ocrx_word' id='word_1_389' title='bbox 1513 2693 1619 2725; x_wconf 87' lang='lat' dir='ltr'>secula</span> <span class='ocrx_word' id='word_1_390' title='bbox 1633 2692 1808 2735; x_wconf 66' lang='lat' dir='ltr'>superstite,</span> 
     </span>
     <span class='ocr_line' id='line_1_47' title="bbox 388 2736 1809 2783; baseline -0.002 -14"><span class='ocrx_word' id='word_1_391' title='bbox 388 2740 627 2777; x_wconf 81' lang='lat' dir='ltr'>demnabantur,</span> <span class='ocrx_word' id='word_1_392' title='bbox 656 2752 693 2772; x_wconf 71' lang='lat' dir='ltr'>:ic</span> <span class='ocrx_word' id='word_1_393' title='bbox 728 2740 855 2783; x_wconf 84' lang='lat' dir='ltr'>proinde</span> <span class='ocrx_word' id='word_1_394' title='bbox 892 2739 1077 2770; x_wconf 72' lang='lat' dir='ltr'>amittebant</span> <span class='ocrx_word' id='word_1_395' title='bbox 1119 2737 1206 2768; x_wconf 83' lang='lat' dir='ltr'>dedit</span> <span class='ocrx_word' id='word_1_396' title='bbox 1228 2739 1296 2769; x_wconf 81' lang='lat' dir='ltr'>Jac.</span> <span class='ocrx_word' id='word_1_397' title='bbox 1323 2738 1495 2769; x_wconf 70' lang='lat' dir='ltr'>Gronovius</span> <span class='ocrx_word' id='word_1_398' title='bbox 1517 2737 1548 2767; x_wconf 90' lang='lat' dir='ltr'>in</span> <span class='ocrx_word' id='word_1_399' title='bbox 1570 2747 1626 2768; x_wconf 82' lang='lat' dir='ltr'>sua</span> <span class='ocrx_word' id='word_1_400' title='bbox 1650 2736 1809 2768; x_wconf 79' lang='lat' dir='ltr'>Ciceronis</span> 
     </span>
     <span class='ocr_line' id='line_1_48' title="bbox 387 2781 1810 2826; baseline -0.003 -13"><span class='ocrx_word' id='word_1_401' title='bbox 387 2789 418 2813; x_wconf 71' lang='lat' dir='ltr'>et</span> <span class='ocrx_word' id='word_1_402' title='bbox 437 2784 488 2824; x_wconf 84' lang='lat' dir='ltr'>jus</span> <span class='ocrx_word' id='word_1_403' title='bbox 503 2783 705 2826; x_wconf 83' lang='lat' dir='ltr'>persequendi</span> <span class='ocrx_word' id='word_1_404' title='bbox 725 2783 757 2813; x_wconf 90' lang='lat' dir='ltr'>in</span> <span class='ocrx_word' id='word_1_405' title='bbox 775 2782 892 2825; x_wconf 84' lang='lat' dir='ltr'>judicio</span> <span class='ocrx_word' id='word_1_406' title='bbox 913 2781 995 2824; x_wconf 83' lang='lat' dir='ltr'>quod</span> <span class='ocrx_word' id='word_1_407' title='bbox 1019 2781 1076 2812; x_wconf 87' lang='lat' dir='ltr'>sibi</span> <span class='ocrx_word' id='word_1_408' title='bbox 1119 2781 1264 2815; x_wconf 82' lang='lat' dir='ltr'>editione.</span> <span class='ocrx_word' id='word_1_409' title='bbox 1304 2781 1448 2822; x_wconf 79' lang='lat' dir='ltr'>Lugduni</span> <span class='ocrx_word' id='word_1_410' title='bbox 1491 2782 1691 2815; x_wconf 82' lang='lat' dir='ltr'>Batavorum,</span> <span class='ocrx_word' id='word_1_411' title='bbox 1727 2789 1810 2810; x_wconf 78' lang='lat' dir='ltr'>auno</span> 
     </span>
     <span class='ocr_line' id='line_1_49' title="bbox 389 2821 1810 2896; baseline -0.003 -41"><span class='ocrx_word' id='word_1_412' title='bbox 389 2826 561 2863; x_wconf 80' lang='lat' dir='ltr'>deberetur,</span> <span class='ocrx_word' id='word_1_413' title='bbox 579 2837 607 2859; x_wconf 81' lang='lat' dir='ltr'>et</span> <span class='ocrx_word' id='word_1_414' title='bbox 625 2838 672 2859; x_wconf 81' lang='lat' dir='ltr'>res</span> <span class='ocrx_word' id='word_1_415' title='bbox 694 2828 778 2870; x_wconf 81' lang='lat' dir='ltr'>ipsas</span> <span class='ocrx_word' id='word_1_416' title='bbox 792 2826 831 2858; x_wconf 86' lang='lat' dir='ltr'>de</span> <span class='ocrx_word' id='word_1_417' title='bbox 845 2826 958 2867; x_wconf 84' lang='lat' dir='ltr'>quibus</span> <span class='ocrx_word' id='word_1_418' title='bbox 981 2825 1018 2855; x_wconf 88' lang='lat' dir='ltr'>lis</span> <span class='ocrx_word' id='word_1_419' title='bbox 1034 2826 1076 2856; x_wconf 86' lang='lat' dir='ltr'>so·</span> <span class='ocrx_word' id='word_1_420' title='bbox 1121 2825 1215 2896; x_wconf 61' lang='grc' dir='ltr'>ι11692.</span> <span class='ocrx_word' id='word_1_421' title='bbox 1260 2823 1489 2855; x_wconf 79' lang='lat' dir='ltr'>Commentario</span> <span class='ocrx_word' id='word_1_422' title='bbox 1518 2833 1614 2865; x_wconf 84' lang='lat' dir='ltr'>nuper</span> <span class='ocrx_word' id='word_1_423' title='bbox 1647 2821 1810 2853; x_wconf 78' lang='lat' dir='ltr'>illustravit</span> 
     </span>
     <span class='ocr_line' id='line_1_50' title="bbox 390 2867 1353 2900; baseline 0.001 -3"><span class='ocrx_word' id='word_1_424' title='bbox 390 2875 445 2900; x_wconf 69' lang='lat' dir='ltr'>ret.</span> <span class='ocrx_word' id='word_1_425' title='bbox 1143 2873 1229 2898; x_wconf 83' lang='lat' dir='ltr'>octus</span> <span class='ocrx_word' id='word_1_426' title='bbox 1244 2867 1353 2898; x_wconf 75' lang='lat' dir='ltr'>Italus.</span> 
     </span>
    </p>
   </div>
  </div>
 </body>
</html>
