1947 3222
33 329 44 601 ———-——-.-,—
42 317 45 325 ,
29 122 49 216 ‘'J—u·
35 0 47 110 nam-..4-

533 120 648 157 LIB.
679 117 916 155 XXXVIII.
961 119 1040 155 CA
1057 120 1095 156 P.
1127 120 1233 157 LIV.
1521 126 1595 165 389
1743 131 1760 150 a

172 230 350 286 busque,
375 230 443 270 Ti.
468 227 658 270 Graccho
678 235 782 268 actae
803 234 916 277 sunt,
939 227 1055 283 quod
1086 229 1383 283 rempublicam
1417 230 1592 285 privatis
1608 237 1647 268 U.
1664 235 1785 268 (1565.

174 287 458 329 simultatibus
495 284 699 341 potiorem
747 283 984 325 habuisset:
1032 293 1074 325 et
1116 285 1272 325 Petillii
1313 286 1451 327 vexati
1492 280 1780 328 suntA·C·¹⁸⁷·

172 344 351 399 probris,
380 341 495 398 quod
525 340 741 396 splendere
772 340 906 381 aliena
937 340 1094 382 invidia
1124 340 1365 391 voluissent,
1387 351 1427 383 et
1459 343 1591 398 spolia

173 400 264 442 ⁹³ex
304 398 494 440 Africani
540 397 756 453 triumpho
802 405 1004 453 peterent.
1079 396 1298 438 Silentium
1341 398 1490 440 deinde
1537 401 1588 441 de

174 458 377 499 Africano
396 454 489 495 fuit.
513 453 546 477 ⁹⁴¹
559 454 688 495 vitam
707 455 871 495 Literni
893 455 978 510 egit
1001 455 1086 495 sine
1107 453 1311 495 desiderio
1332 455 1460 495 urbis.
1495 455 1739 498 Mo-Africani

174 515 346 556 rientem
377 526 474 552 rure
495 526 544 551 eo
563 511 655 565 ipso
685 511 775 552 loco
805 511 969 567 sepeliri
992 527 1033 552 se
1061 511 1234 568 jussisse
1264 511 1422 561 ferunt,
1444 527 1589 565 monu-
1601 511 1799 542 m0¹⁵0²¹³¹¹-

173 578 444 623 mentumque
475 568 534 609 ibi
571 567 782 618 aedificari,
813 583 864 609 ne
899 569 1028 610 funus
1065 568 1141 609 sibi
1177 567 1219 608 in
1253 568 1419 624 ingrata
1453 571 1591 625 patria
1623 564 1665 583 ⁰⁵⁸

170 628 299 668 fieret.
359 625 436 666 Vir
464 624 767 666 memorabilis:
800 624 957 667 bellicis
988 634 1141 675 tamen,
1173 640 1300 680 quam
1332 625 1461 681 pacis,
1493 627 1591 667 arti-

170 685 250 725 bus
280 681 606 723 memorabilioru
638 682 773 737 prima
807 697 903 738 pars
927 684 1040 733 vitae,
1070 697 1197 738 quam
1234 690 1458 738 postrema,
1479 682 1586 725 fuit:

168 739 270 796 quia
291 739 336 780 in
360 739 539 795 juventa
567 739 678 780 bella
706 739 871 780 assidue
902 748 1044 795 gesta:
1077 754 1173 780 cum
1207 747 1371 780 senecta
1402 754 1466 780 res
1487 755 1590 795 quo-

168 813 253 853 que
282 795 528 846 defloruere,
551 811 625 836 nec
654 796 834 852 praebita
862 805 924 838 est
954 796 1128 838 materia
1157 795 1335 850 ingenio.
1398 796 1511 846 Quid
1536 797 1589 838 ad

168 853 350 910 primum
384 852 647 894 consulatum
683 853 906 903 secundus,
939 854 1101 895 etiamsi
1137 868 1352 894 censuram
1387 853 1588 908 adjicias?

169 910 275 966 quid
299 908 488 951 Asiatica
515 909 684 965 legatio,
707 918 746 951 et
768 910 1009 951 valetudine
1040 910 1214 951 adversa
1244 909 1419 960 inutilis,
1442 918 1481 951 et
1514 910 1587 951 filii

168 983 268 1008 casu
298 967 545 1017 deformata,
576 974 618 1008 et
653 976 746 1022 post
779 967 964 1008 reditum
998 967 1241 1008 necessitate
1271 975 1344 1008 aut
1379 967 1587 1008 subeundi

161 1024 327 1081 judicii,
349 1032 423 1065 aut
445 1023 569 1064 simul
589 1039 684 1064 cum
714 1025 852 1080 patria
872 1023 1120 1065 deserendi?
1153 1023 1303 1064 Punici
1327 1031 1464 1064 tamen
1488 1023 1587 1065 belli

168 1080 412 1138 perpetrati,
435 1096 521 1136 quo
541 1080 705 1121 nullum
727 1096 864 1136 neque
885 1081 1022 1136 majus
1042 1095 1178 1136 neque
1209 1079 1480 1135 periculosius
1505 1080 1585 1121 Ro-

169 1138 280 1179 mani
299 1152 480 1194 gessere,
502 1152 612 1178 unus
631 1136 888 1193 praecipuam
907 1137 1083 1193 gloriam
1103 1137 1216 1178 tulit.

224 1196 343 1236 LIV.
376 1194 518 1236 Morte
560 1194 751 1235 Africani
791 1210 957 1236 crevere
1000 1194 1262 1235 inimicorum
1303 1194 1440 1236 animi.
1485 1211 1586 1252 quo-

166 1268 261 1294 rum
296 1251 488 1308 princeps
522 1250 605 1292 fuit
642 1252 706 1292 M.
732 1251 906 1292 Porcius
941 1253 1061 1302 Cato,
1093 1251 1165 1307 qui
1202 1251 1298 1292 vivo
1333 1267 1502 1308 quoque
1538 1270 1586 1294 eo

162 1309 372 1351 adlatrare
401 1309 436 1364 ej
445 1324 492 1349 us
522 1309 855 1364 magnitudinem
884 1308 1030 1350 solitus
1051 1317 1152 1350 erat.
1183 1308 1262 1349 hoc
1292 1317 1462 1351 auctore
1482 1309 1587 1351 exis-

165 1365 370 1408 timantur
394 1365 550 1406 Petillii
571 1374 627 1415 et,
649 1365 746 1407 vivo
766 1365 985 1416 Africano,
1007 1381 1094 1407 rem
1115 1365 1304 1422 ingressi,
1326 1374 1382 1415 et,
1404 1375 1586 1418 mortuo,

165 1423 424 1479 rogationem
452 1422 751 1478 promulgasse.
813 1423 916 1464 Fuit
945 1431 1087 1464 autem
1117 1423 1279 1478 rogatio
1310 1422 1426 1464 talis:
1470 1423 1502 1447 ⁹⁵
1516 1424 1589 1464 Ve-
1602 1432 1736 1480 Rogatio
1753 1433 1789 1463 de

165 1481 268 1531 litis,
275 1479 475 1533 jubeatis,
497 1485 718 1533 qzcoeratur,
741 1493 830 1533 quae
841 1481 1019 1533 pecunia
1041 1486 1177 1533 capta,
1199 1479 1355 1530 ablata,
1377 1486 1516 1520 coacta
1536 1482 1588 1521 ab
1600 1485 1746 1523 P⁶20¹P¹¹¹³‚

167 1551 262 1592 rege
280 1536 483 1578 Antiocho
504 1543 575 1587 est,
598 1538 747 1591 quique
772 1537 842 1577 sub
862 1536 943 1590 (ἔβας
963 1539 1132 1590 imperio
1145 1537 1348 1590 ιίὶιθφιιηί,ι
1382 1539 1488 1591 quod
1508 1537 1588 1592 ey'zcs
1602 1518 1759 1549 mmmm*

167 1595 214 1635 in
235 1594 441 1647 publicum
469 1595 641 1634 relatum
671 1608 752 1634 non
772 1601 844 1645 est,
865 1595 928 1635 uti
947 1595 997 1635 de
1017 1609 1064 1634 ea
1086 1609 1130 1635 re
1147 1595 1234 1636 Ser.
1245 1595 1458 1648 ‘Sulpicius
1477 1609 1588 1648 prcc-

167 1658 232 1692 τον
250 1651 428 1693 urbanus
447 1652 505 1691 ad
526 1657 706 1692 senatum
735 1652 918 1706 referat?
950 1666 1062 1706 quem
1083 1665 1170 1692 eam
1199 1666 1280 1692 rem
1311 1653 1409 1693 velit
1428 1660 1589 1694 senatus

168 1722 349 1763 quaerere
364 1710 413 1749 de
431 1709 494 1759 iis,
509 1710 581 1762 qui
591 1715 793 1761 praetores
812 1723 916 1749 nunc
936 1712 1057 1750 sunt?
1091 1708 1206 1750 Huic
1227 1709 1431 1767 rogationi
1455 1710 1588 1765 primo

169 1766 219 1816 Q.
241 1774 283 1808 et
305 1766 356 1807 L.
381 1765 580 1807 Mummii
610 1765 946 1808 intercedebant:
993 1774 1184 1807 senatum
1213 1781 1402 1821 quaerere
1432 1766 1484 1807 de
1518 1783 1588 1823 pe-

167 1823 293 1863 cunia
321 1838 404 1864 non
433 1822 564 1864 relata
589 1822 632 1864 in
664 1822 898 1879 publicum,
918 1824 979 1865 ita
1008 1831 1058 1864 ut
1088 1831 1211 1864 antea
1240 1837 1401 1879 semper
1427 1823 1587 1865 factum

169 1887 291 1930 esset,
308 1895 479 1935 aequum
499 1881 734 1921 censebant.
798 1880 953 1922 Petillii
983 1880 1243 1922 nobilitatem
1265 1888 1307 1922 et
1336 1895 1511 1935 regnum
1543 1882 1586 1921 in

171 1946 318 1978 senatu
356 1937 597 1992 Scipionum
639 1938 900 1979 accusabant.
962 1938 1013 1978 L.
1038 1937 1196 1978 Furius
1232 1936 1454 1993 Purpureo
1493 1953 1587 1978 con-

167 1992 331 2043 sularis,
362 1994 438 2049 qui
467 1993 510 2034 in
540 1993 681 2034 deceni
716 1994 863 2050 legatis
893 1994 935 2034 in
967 1994 1071 2035 Asia
1100 1994 1253 2044 fuerat,
1285 1994 1410 2035 latius
1440 2010 1587 2049 rogan-

168 2049 272 2090 dum
292 2050 509 2091 censebat:
542 2065 625 2091 non
646 2066 742 2106 quae
772 2051 826 2092 ab
847 2051 1060 2092 Antiocho
1090 2050 1214 2091 modo
1244 2050 1432 2106 pecuniae
1453 2059 1587 2106 captae

169 2106 322 2156 forent,
345 2106 417 2147 sed
437 2122 533 2163 quae
558 2108 617 2149 ab
637 2107 728 2148 aliis
757 2107 927 2163 regibus
955 2107 1252 2163 gentibusque,
1277 2108 1352 2148 Cn.
1378 2107 1587 2149 Manlium

170 2162 386 2204 inimicum
426 2163 641 2205 incessens.
715 2165 774 2205 Et
810 2164 860 2204 L.
887 2165 1040 2221 Scipio,
1073 2179 1200 2220 quem
1240 2164 1372 2219 magis
1412 2179 1489 2220 pro
1530 2180 1586 2214 se,

168 2235 298 2275 quam
326 2220 528 2262 adversus
559 2220 707 2276 legem,
739 2221 953 2262 dicturum
983 2221 1227 2277 adparebat,
1256 2220 1466 2261 dissuasor
1495 2236 1589 2276 pro-

169 2278 304 2318 cessit.
336 2277 370 2319 is
394 2286 489 2330 post
509 2286 685 2319 mortem
709 2279 756 2319 P.
780 2278 972 2320 Africani
1002 2278 1159 2327 fratris,
1179 2277 1260 2318 viri
1289 2278 1475 2319 omnium
1506 2278 1589 2318 for-

374 2348 390 2365 ¹²
402 2346 510 2375 bellicis
526 2352 621 2375 tamen
638 2347 742 2386 magis,
758 2357 844 2386 quam
858 2348 938 2385 pacis
952 2347 1074 2376 artibus.
1121 2345 1278 2375 Memorab.
1295 2346 1385 2376 Crev.

217 2402 339 2433 93‘Ex
361 2403 505 2445 Africani
528 2403 690 2445 triumpho]
720 2404 768 2435 Ex
792 2404 859 2435 Sci-
903 2414 962 2435 nus
977 2404 1017 2434 ad
1040 2408 1180 2434 senatum
1203 2402 1315 2434 referat
1329 2403 1368 2433 de
1387 2413 1425 2434 ea
1446 2403 1588 2445 pecunia.

179 2443 268 2485 pione
285 2444 431 2478 Africano
446 2446 646 2488 triumphato.
905 2457 974 2488 quae
999 2452 1092 2489 capta
1106 2447 1144 2477 ab
1161 2445 1317 2476 Antiocho
1339 2451 1397 2482 est,
1412 2445 1495 2486 quod
1513 2446 1589 2486 ejus,

220 2487 263 2517 94
287 2488 383 2519 Vitam
398 2490 515 2521 Literni
537 2491 612 2531 egit]
637 2491 688 2521 De
712 2489 771 2520 hac
787 2489 862 2521 villa
904 2490 936 2520 id
963 2495 1020 2525 est,
1048 2489 1088 2520 de
1117 2499 1154 2519 ea
1186 2488 1304 2519 scilicet
1336 2488 1420 2518 illius
1453 2488 1590 2530 pecuniae

177 2528 329 2570 Scipionis
349 2542 448 2573 operae
474 2532 607 2575 pretium
629 2538 674 2564 ost
697 2533 798 2573 legere
811 2543 860 2574 ep.
904 2538 1003 2574 parte,
1020 2542 1090 2573 quae
1110 2531 1142 2562 in
1165 2531 1324 2573 publicum
1339 2531 1437 2562 relata
1459 2541 1519 2561 non
1535 2535 1591 2560 est.

178 2571 230 2601 86.
255 2572 389 2604 Senecae.
907 2576 953 2606 De
974 2587 1007 2606 ea
1034 2586 1065 2605 re
1089 2573 1178 2610 dixit,
1194 2584 1256 2605 non
1283 2573 1462 2616 simpliciter
1489 2575 1523 2602 de
1547 2584 1591 2605 etz.

220 2615 262 2644 95
297 2615 404 2652 Velitis,
431 2620 573 2657 jubeatis,
603 2625 769 2659 quaeratur,
800 2629 861 2658 quae
905 2618 978 2659 quia
1000 2629 1059 2649 vox
1082 2619 1208 2657 pecunia
1230 2617 1324 2648 nimio
1346 2615 1507 2646 intervallo
1530 2615 1590 2645 dis-

174 2657 317 2698 pecunia]
341 2658 440 2690 Nobis
461 2661 627 2693 admodum
651 2667 795 2703 suspecta
818 2668 864 2692 est
907 2668 969 2692 tat:
998 2668 1031 2692 et
1056 2666 1131 2692 nota
1153 2664 1199 2691 est
1223 2659 1353 2690 fonnula
1380 2658 1515 2689 omnium
1543 2668 1590 2688 se-

181 2709 238 2729 vox
276 2707 436 2740 quoeratur.
481 2704 549 2735 Has
585 2705 776 2745 rogationum
810 2704 862 2734 de·
908 2704 1219 2738 natusconsultorum,
1242 2705 1276 2733 de
1300 2713 1333 2731 ea
1355 2712 1386 2730 re
1412 2702 1452 2730 itu
1474 2711 1588 2731 censue<

180 2747 391 2783 cretorumque
434 2744 579 2778 formulas
616 2748 753 2778 Romani
790 2747 863 2778 inci·
910 2754 990 2778 runt.
1036 2747 1109 2777 Non
1144 2745 1322 2776 absimiliter
1357 2749 1488 2773 structas
1523 2753 1591 2773 ora-

178 2795 250 2825 pere
284 2785 384 2816 solent
415 2797 433 2816 a
465 2789 654 2828 pronomine,
684 2796 715 2821 et
746 2790 865 2832 integra
908 2790 1007 2821 tiones
1020 2789 1082 2820 vid.
1095 2790 1117 2819 l.
1134 2790 1160 2819 1.
1175 2798 1202 2818 c.
1217 2789 1269 2817 3‘2.
1283 2791 1313 2816 et
1335 2785 1392 2816 hoc
1414 2786 1479 2827 ipso
1501 2785 1588 2817 libro.

177 2831 225 2857 est
246 2828 370 2869 suisque
394 2830 526 2860 numeris
549 2838 694 2863 constans
715 2833 782 2864 haze
798 2845 865 2864 ora-
910 2843 935 2863 c.
962 2834 1009 2863 11.
1055 2831 1153 2872 Igitur
1181 2840 1234 2871 pro
1262 2835 1413 2870 qnffratur
1443 2829 1498 2859 hoc
1526 2829 1591 2858 loco

183 2869 242 2900 tio:
267 2871 379 2906 veliti&
404 2872 548 2910 jubeatis,
571 2875 614 2905 uti
643 2882 750 2916 praetor
777 2877 865 2906 urba<
911 2874 1075 2916 legendum
1092 2878 1235 2915 putamus
1252 2872 1389 2906 Quirite..

981 2918 1093 2955 ‹³⁶ss
