1947 3222
531 119 596 158 LI
613 121 656 157 B.
684 118 898 156 XXXVII.
947 119 976 154 C
994 120 1022 155 Α
1040 119 1078 155 Ρ.
1110 119 1217 155 XVI.
1506 122 1575 162 291

175 242 248 271 mis
264 235 350 271 tola
371 230 494 271 classe
505 235 666 282 portum
686 227 906 268 obsessuri?
940 226 1033 267 Sive
1052 228 1155 266 euim
1176 226 1402 275 abscedant,
1424 227 1489 267 cui
1508 227 1578 266 du-
1594 235 1630 264 U.
1645 234 1681 264 C.
1696 234 1768 264 562.

175 287 279 328 bium
296 302 387 336 esse,
410 287 504 340 quin
524 286 651 326 hostes
666 285 889 325 eaetracturi
904 284 1100 323 demersas
1120 284 1236 324 moles
1256 285 1351 333 sint,
1367 290 1406 323 et
1426 285 1579 324 minore
1595 277 1632 307 Α·
1645 277 1681 308 C·
1700 277 1767 306 190.

174 344 396 385 molimento
415 343 600 396 aperturi
624 348 797 396 portum,
820 355 937 395 quam
962 340 1218 381 obstruatur?
1250 340 1322 380 Sin
1345 347 1472 380 autem
1494 355 1578 381 ma-

174 403 343 441 nendum
375 400 434 440 ibi
471 400 730 440 nihilominus
760 400 826 447 sit,
863 399 963 452 quid
992 398 1190 444 adtinere,
1221 397 1358 437 claudi
1391 401 1576 448 portum?

178 457 288 506 Quin
317 463 469 504 contra,
497 457 599 506 illos,
620 456 814 496 tutissimo
836 461 975 508 portu,
997 452 1292 507 opulentissima
1323 453 1418 492 urbe
1430 454 1579 507 frzoen-

175 521 246 564 tes,
277 514 410 554 onmia
438 513 541 554 Asia
567 513 785 566 pra’bente,
817 513 953 566 quieta
983 512 1123 552 cestiva
1153 517 1330 551 acturos.-
1362 510 1577 560 Romanos,

174 577 315 624 aperto
335 571 378 610 in
394 571 499 621 mari
500 569 699 626 fluctibus
718 569 1092 622 tempestatibusque
1106 566 1285 621 objectos,
1302 567 1472 607 omnium
1495 568 1581 615 ino-

167 642 254 682 pes,
269 628 309 668 in
322 628 486 668 assidua
499 628 670 668 statione
671 627 863 681 futuros:
885 627 988 679 ipsos
1005 626 1131 679 magis
1146 625 1350 679 adligatos
1365 624 1583 677 inpeditos-

174 699 259 738 que,
275 698 324 724 ue
336 685 437 738 quid
452 699 597 734 eorum,
612 698 700 738 quoe
712 685 869 738 agenda
882 685 978 733 sint,
991 684 1149 735 possint
1159 696 1293 736 agere,
1308 695 1424 736 quam
1439 687 1483 721 ut
1494 682 1583 723 lzos-

174 748 232 782 tes
251 743 404 782 clausos
422 741 609 781 habeant.
641 741 873 789 Eudamus,
890 740 1113 797 praefectus
1130 739 1310 780 Rhodiae
1330 738 1482 788 classis,
1499 754 1583 780 ma-

176 798 239 853 gis
260 814 349 838 eam
372 798 447 839 sibi
469 798 685 854 displicere
716 798 957 838 sententiam
980 796 1177 846 ostendit,
1199 810 1325 852 quam
1355 795 1366 835 i
1401 811 1456 845 se,
1478 796 1583 851 quid

176 864 357 896 censeret
392 855 643 904 faciendum,
676 854 795 895 dixit.
856 854 1074 909 Epicrates
1105 853 1314 902 Rhodius,
1390 853 1506 893 missa
1539 854 1584 893 in

169 913 391 965 praesentia
413 913 586 965 Epheso,
607 912 840 952 mittendam
861 912 1022 951 navium
1041 916 1200 963 partem
1222 911 1265 950 in
1286 910 1469 964 Lyciam,
1493 925 1583 950 cen-

179 968 276 1019 suit,
291 976 328 1009 et
344 970 522 1018 Patara,
537 975 657 1021 caput
667 969 816 1022 gentis,
833 969 874 1008 in
889 968 1112 1008 societatem
1130 966 1402 1021 adjungenda.
1425 968 1467 1006 in
1485 968 1584 1007 duas

179 1040 241 1066 res
255 1040 423 1080 magnas
437 1027 481 1066 id
491 1027 581 1066 usui
575 1027 691 1078 sore.
707 1031 744 1065 et
757 1025 952 1072 Rhodios,
962 1025 1125 1076 pacatis
1137 1030 1278 1064 contra
1293 1024 1461 1064 insulam
1475 1038 1584 1064 suam

179 1084 315 1133 terris,
331 1084 426 1124 totis
446 1083 596 1124 viribus
612 1082 831 1122 incumbere
846 1083 887 1122 in
910 1082 1028 1122 unius
1047 1081 1151 1129 belli,
1170 1082 1276 1134 quod
1293 1082 1481 1121 adversus
1499 1081 1584 1121 An-

179 1141 348 1180 tiochum
368 1141 434 1188 sit,
449 1154 582 1180 curam
597 1154 736 1192 posse:
767 1145 804 1179 et
819 1153 904 1179 eam
925 1139 1099 1187 classem,
1118 1151 1206 1192 quae
1226 1139 1269 1178 in
1283 1138 1413 1191 Lycia
1430 1152 1586 1190 compa-

181 1203 355 1245 raretur,
378 1197 606 1245 intercludi,
630 1210 679 1237 ue
698 1196 964 1250 Polyxenidae
982 1194 1260 1249 conjungatur.
1322 1196 1428 1236 Haec
1457 1194 1587 1235 maxi-

181 1269 247 1294 me
281 1253 410 1295 movit
446 1253 658 1294 sententia.
699 1252 856 1309 placuit
898 1260 1051 1302 tamen,
1089 1251 1301 1308 Regillum
1337 1260 1427 1293 tota
1461 1252 1586 1292 classe

178 1310 297 1351 evehi
317 1310 371 1351 ad
391 1318 560 1366 portum
582 1309 754 1366 Ephesi,
776 1309 830 1350 ad
850 1308 1114 1350 inferendum
1134 1309 1326 1351 hostibus
1348 1316 1557 1350 terrorem.

238 1367 363 1408 XVI.
398 1368 444 1408 C.
469 1367 617 1408 Livius
649 1382 744 1407 cum
775 1366 940 1407 duabus
972 1365 1345 1422 quinqueremibus
1374 1365 1587 1415 Romanis,
1603 1372 1707 1420 Livius
1723 1372 1791 1403 mit-

179 1432 221 1465 et
241 1432 424 1480 quatuor
444 1423 778 1479 quadriremibus
803 1422 995 1472 Rhodiis,
1017 1431 1058 1464 et
1079 1423 1244 1464 duabus
1274 1422 1427 1479 apertis
1451 1422 1675 1478 Smyr-tltur
1694 1427 1724 1446 ¹¹¹
1741 1417 1802 1457 Ly-

180 1481 295 1529 naeis,
316 1480 358 1520 in
381 1481 555 1536 Lyciam
576 1488 637 1521 est
667 1480 830 1530 missus,
854 1479 1055 1520 Rhodum
1084 1479 1200 1535 prius
1227 1479 1371 1535 jussus
1398 1478 1526 1529 adire,
1548 1488 1589 1521 et
1601 1470 1692 1491 mam.

181 1537 319 1578 omnia
339 1551 433 1577 cum
463 1537 512 1577 iis
536 1537 840 1577 communicare
869 1535 1050 1576 consilia.
1113 1535 1328 1586 Civitates,
1351 1550 1456 1591 quas
1485 1551 1590 1591 prae-

184 1601 392 1635 tervectus
436 1601 512 1643 cst,
560 1593 750 1642 Miletus,
792 1592 998 1648 Myndus,
1040 1591 1371 1641 Halicarnassus,
1415 1593 1590 1643 Cnidus,

186 1651 313 1699 Cous,
344 1649 546 1706 imperata
580 1649 689 1690 enise
723 1649 922 1690 fecerunt.
984 1648 1185 1689 Rhodum
1220 1658 1268 1690 ut
1307 1658 1368 1690 est
1404 1657 1590 1699 ventum,

185 1706 310 1748 simul
339 1714 395 1756 et,
416 1706 470 1747 ad
491 1722 616 1762 quam
647 1721 733 1747 rem
763 1706 913 1747 missus
932 1713 1053 1755 esset,
1075 1705 1124 1746 iis
1153 1706 1363 1762 exposuit,
1386 1714 1426 1746 et
1448 1721 1593 1747 consu-

185 1763 263 1805 luit
284 1778 363 1804 eos.
424 1762 773 1819 Adprobantibus
793 1761 967 1811 cunctis,
989 1770 1030 1804 et
1051 1762 1106 1803 ad
1126 1777 1230 1812 eam,
1249 1777 1376 1818 quam
1397 1763 1592 1812 habebat,

184 1820 354 1861 classem
396 1819 599 1861 adsumtis
645 1819 781 1861 tribus
826 1818 1177 1875 quadriremibus,
1217 1820 1386 1875 navigat
1429 1821 1593 1860 Patara.

187 1877 330 1917 Primo
360 1876 565 1918 secundus
595 1884 744 1918 ventus
771 1875 825 1917 ad
850 1875 984 1932 ipsam
1015 1876 1161 1917 urbem
1190 1876 1350 1916 ferebat
1381 1892 1474 1923 eos3
1509 1891 1597 1932 spe-

185 1933 432 1989 rabantque,
447 1933 585 1975 subito
602 1931 934 1989 terrore—aliquid
950 1942 1148 1975 moturos.
1171 1941 1409 1989 postquam,
1424 1933 1599 1974 circum-

186 1998 334 2046 agente
366 2005 408 2031 se
439 1997 577 2039 vento,
610 1989 810 2031 fluctibus
846 1989 985 2030 dubiis
1016 1989 1128 2029 volvi
1160 1997 1345 2044 coeptum
1376 1998 1435 2030 est
1469 2005 1596 2039 mare,

186 2046 449 2102 pervicerunt
479 2047 649 2102 quidem
680 2046 816 2097 remis,
848 2054 896 2087 ut
928 2054 1114 2087 tenerent
1147 2054 1322 2087 terram:
1357 2046 1429 2086 sed
1463 2061 1598 2101 neque

186 2104 295 2144 circa
317 2103 461 2144 urbem
482 2111 576 2145 tuta
596 2103 720 2144 statio
740 2110 842 2152 erat,
864 2117 939 2143 nec
959 2110 1054 2143 ante
1075 2102 1259 2143 hostium
1280 2111 1427 2157 portus
1448 2103 1492 2143 in
1512 2102 1597 2143 salo

188 2167 296 2201 stare
330 2167 537 2216 poterant,
568 2175 712 2215 aspero
744 2160 862 2209 mari,
893 2167 935 2200 et
966 2166 1086 2199 nocte
1121 2158 1359 2199 inminente.
1422 2158 1597 2200 Praeter-

187 2217 295 2258 vecti
329 2217 483 2257 moenia
517 2224 686 2272 portum
718 2215 1051 2264 ⁴¹⁹Phoenieunta,
1082 2214 1219 2256 minus
1253 2215 1387 2256 duum
1420 2216 1595 2256 millium

188 2273 322 2328 spatio
351 2273 447 2314 inde
474 2272 711 2323 distantem,
739 2273 909 2328 petiere,
930 2272 1107 2313 navibus
1137 2272 1211 2312 ab·1
1231 2272 1438 2313 maritima
1458 2273 1499 2312 vi
1531 2280 1597 2312 tu-

189 2337 296 2371 tum:
341 2329 413 2370 sed
451 2329 547 2371 altae
585 2344 711 2385 rupes
750 2329 919 2384 insuper
958 2328 1228 2378 inminebant,
1265 2344 1370 2385 quas
1409 2328 1596 2369 celeriter

189 2386 402 2442 oppidani,
424 2385 627 2428 adsumtis
655 2386 781 2442 regiis
810 2385 1026 2434 militibus,
1048 2400 1153 2441 quos
1180 2385 1220 2425 in
1251 2385 1446 2441 praesidio
1473 2385 1593 2425 habe-

191 2441 306 2493 bant,
327 2451 538 2498 ceperunt.
570 2442 768 2483 adversus
788 2457 894 2498 quos
915 2441 1077 2491 Livius,
1099 2456 1354 2497 quamquam
1375 2450 1491 2482 erant
1521 2441 1596 2481 ini-

194 2512 278 2552 qua
303 2514 350 2540 ac
369 2499 552 2542 difficilia
580 2499 634 2540 ad
662 2499 799 2541 exitus
831 2498 934 2548 loca,
959 2499 1106 2539 Issaeos
1135 2498 1355 2540 auxiliares
1386 2507 1425 2540 et
1456 2500 1595 2552 Smyr-

755 2610 771 2636 (Ι
785 2619 803 2638 a
819 2607 916 2639 Gron.
933 2607 1025 2637 Crev.

194 2698 213 2710 's'
238 2700 278 2731 49
303 2700 510 2743 Phoenicunta]
534 2702 667 2733 Andreae
684 2701 778 2734 editio
798 2702 873 2732 Phe·
917 2701 1014 2732 thraea
1039 2708 1120 2733 terra
1144 2701 1272 2743 positus,
1301 2702 1389 2740 longe
1424 2701 1462 2730 ab
1492 2699 1594 2741 Lyciae

193 2744 306 2772 uicum:
342 2743 518 2775 Thuanaeus
546 2745 654 2782 codex,
693 2750 769 2776 teste
802 2747 873 2776 Jac.
918 2755 983 2780 ora,
995 2744 1033 2775 de
1045 2744 1169 2786 quahic
1185 2744 1296 2784 agitur.
1341 2743 1429 2783 Legit
1443 2753 1513 2783 ergo
1525 2743 1596 2774 Jac-

195 2784 359 2820 Gronovio,
384 2786 556 2817 Poeniceum.
599 2788 680 2818 Sane
703 2787 872 2819 Phoenicus
916 2787 1089 2818 Gronovius
1118 2787 1264 2821 Pramum,
1289 2786 1394 2815 urbem
1419 2791 1450 2815 et
1474 2791 1595 2826 portum

194 2833 308 2868 portuS,
332 2827 370 2858 de
394 2838 456 2868 quo
478 2829 591 2860 mentio
612 2830 646 2860 fit
671 2830 692 2860 l.
713 2831 871 2861 XXXVI.
915 2839 975 2860 non
991 2829 1082 2871 longe
1105 2829 1268 2859 distantem
1285 2839 1300 2858 a
1324 2827 1454 2864 Pataris,
1468 2828 1595 2860 testibus

194 2875 340 2907 extremo,
370 2869 445 2901 nihil
477 2871 536 2902 huc
566 2871 706 2914 pertinet,
736 2872 768 2903 in
794 2873 870 2914 Ery·
916 2871 1044 2914 Scylace
1059 2877 1089 2903 et
1102 2871 1259 2902 Strabone.

988 2915 1062 2955 112
