1947 3222
241 270 266 345 6-*01

193 270 233 346 φφ

267 269 318 345 ςῑὲω

350 153 425 188 502
862 146 1000 186 T1T1
1041 145 1210 185 LIVII

753 190 780 225 ὀ

310 292 320 301 .
351 257 635 314 piscatorium,
655 256 922 298 circumdatis
942 256 1138 307 tabernis,
1159 256 1191 281 ⁹¹
1204 270 1310 312 quas
1337 255 1525 297 vendidit
1553 255 1606 296 in-
1626 255 1762 312 priva-

353 323 473 362 tum3
506 322 546 356 et
576 314 730 364 forum,
751 322 793 355 et
824 313 1032 369 porticum
1061 321 1180 354 extra
1210 321 1371 369 portam
1397 312 1698 368 Trigeminam,
1719 322 1761 354 et

352 371 475 412 aliani
504 378 600 428 post
628 369 803 421 navalia,
825 378 867 411 et
896 369 951 410 ad
984 369 1129 410 fanum
1151 370 1361 420 Herculis,
1383 378 1424 411 et
1455 377 1550 425 post
1583 369 1678 425 Spei
1708 369 1763 410 ad

355 427 544 469 Tiberim
565 426 697 469 aedem
719 425 928 483 Apollinis
950 425 1120 466 Medici.
1179 426 1421 467 ⁹²Habuere
1450 435 1490 467 et
1521 425 1563 466 in
1591 426 1765 482 promis-

352 500 433 526 cuo
460 495 664 541 praeterea
691 483 922 539 pecuniam.
954 497 1006 523 ex
1026 497 1075 523 ea
1093 483 1368 524 communiter
1396 483 1587 524 locarunt
1613 497 1766 538 aquarn

353 540 656 590 adducendam,
695 539 998 595 ⁹³fornicesque
1036 538 1258 580 faciendos.
1320 539 1613 595 Inpedimento
1651 538 1766 594 operi

352 598 436 640 fuit
466 598 529 639 M.
553 597 740 637 Licinius
771 597 960 645 Crassus,
982 596 1056 651 qui
1086 611 1161 651 per
1190 595 1370 636 fundum
1402 610 1525 637 suum
1555 595 1653 636 duci
1683 609 1766 635 non

351 663 414 697 est
445 669 601 711 passus.
664 652 856 694 Portoria
885 667 1054 708 quoque
1082 660 1123 693 et
1144 651 1364 707 vectigalia
1392 652 1518 693 iidem
1545 651 1680 693 multa
1707 651 1770 692 in-

354 711 594 753 stituerunt.
626 709 660 734 ⁹⁴
673 708 889 765 complura
923 708 1070 749 sacella
1103 708 1287 764 publica,
1309 724 1406 764 quae
1435 709 1621 749 fuerant⁰
1647 723 1768 748 occu-

353 776 452 824 pata
485 782 510 808 a
548 766 736 824 privatis,
771 765 941 822 publica
977 779 1174 821 sacraque
1209 774 1258 806 ut
1293 772 1463 815 essentv,
1493 773 1768 820 paterentque

353 824 526 880 populo,
567 831 779 865 curarunt.
849 821 882 846 ⁹⁵
898 823 1125 863 Mutarunt
1167 821 1387 878 suffragia:
1439 820 1768 877 regionatimque

353 881 576 935 generibus
616 880 850 929 hominum,
887 878 1138 934 caussisque,
1173 887 1213 920 et
1249 878 1496 934 quaestibuS‚
1533 877 1668 919 tribus
1702 877 1772 918 de-

355 938 621 994 scripserunt.

412 995 518 1035 LII.
551 996 610 1035 Et
631 993 736 1035 alter
756 1008 807 1034 ex
828 993 1068 1034 censoribus
1091 993 1153 1033 M.
1175 991 1372 1037 AEmilius
1392 991 1513 1047 petiit
1534 991 1586 1032 ab
1608 997 1770 1040 senatu,

354 1059 403 1093 ut
433 1051 512 1092 sibi
542 1050 813 1092 dedicationis
844 1049 1096 1105 templorum
1128 1050 1303 1104 Reginae
1325 1048 1506 1089 Junonis
1536 1055 1577 1089 et
1605 1047 1770 1097 Dianae,

355 1123 452 1164 quae
481 1108 591 1149 bello
623 1107 848 1163 Ligustino
882 1114 977 1147 ante
1010 1105 1127 1147 annis
1161 1115 1255 1147 octo
1284 1105 1480 1156 vovisset,
1511 1104 1690 1161 pecunia
1718 1104 1772 1145 ad

355 1164 478 1206 ludos
504 1164 806 1205 decerneretur.
867 1162 900 1186 ⁹⁶
916 1162 1073 1218 Viginti
1103 1162 1233 1203 millia
1263 1163 1355 1203 aeris
1385 1162 1671 1203 decreverunt.
1703 1160 1773 1202 de-

356 1221 511 1263 dicavit
551 1236 619 1262 eas
658 1220 783 1270 aedes,
819 1227 1042 1275 utramque
1082 1218 1124 1259 in
1159 1219 1267 1260 circo
1304 1218 1522 1259 Flaminio.
1567 1217 1773 1273 ludosque

358 1277 536 1319 scenicos
558 1277 747 1318 triduum
772 1284 866 1332 post
888 1274 1190 1316 dedicationem
1211 1275 1355 1330 templi
1375 1276 1405 1315 J
1409 1275 1572 1323 unonis,
1593 1274 1773 1315 biduum

357 1342 450 1390 post
474 1334 636 1384 Dianae,
660 1342 700 1374 et
729 1332 913 1388 singulos
934 1331 1021 1372 dies
1050 1331 1148 1372 fecit
1179 1331 1221 1372 in
1242 1333 1362 1372 circo.
1425 1331 1544 1371 Idem
1565 1330 1772 1372 dedicavit

358 1391 489 1432 aedem
514 1390 730 1431 ⁹⁷Larium
752 1388 1042 1430 Permarinfim
1072 1388 1114 1429 in
1141 1389 1311 1444 Campo.
1343 1396 1513 1428 voverat
1541 1402 1629 1428 eam
1657 1387 1775 1428 9831]-

544 1462 696 1505 ⁰fuerant
711 1461 773 1493 del.
789 1462 887 1493 Gron.
1059 1464 1075 1489 Ρ
1088 1461 1205 1500 publica
1218 1471 1320 1490 rursus
1334 1466 1369 1490 ut
1385 1466 1475 1490 essent
1491 1459 1582 1490 Crev.

401 1529 440 1560 91
468 1527 548 1562 Quas
575 1529 706 1558 vendidit
736 1529 767 1557 in
791 1526 960 1568 privatum]
1006 1525 1045 1556 In

360 1581 448 1603 usum
464 1571 663 1613 privatorum.

401 1615 442 1644 92
468 1614 604 1644 Habuere
622 1619 649 1643 et
672 1614 703 1643 in
724 1613 884 1651 promiscuo
904 1617 1045 1651 praterea

358 1657 528 1697 pecuniam]
553 1657 669 1687 Praeter
681 1665 749 1686 eam
764 1654 937 1696 pecuniam,
951 1665 1045 1695 quam

360 1699 527 1730 diviserant
554 1699 633 1729 inter
661 1708 704 1734 se,
728 1698 902 1728 habuerunt
926 1706 1048 1738 quoque

363 1742 500 1783 aliquam
517 1741 670 1772 attributae
694 1741 752 1771 sibi
766 1740 905 1782 pecuniae
928 1745 1048 1781 partem

363 1785 395 1815 in
417 1783 601 1826 promiscuo,
618 1794 680 1825 qua
700 1783 902 1814 communiter
925 1788 1047 1813 uteren-

364 1833 422 1857 tur.
464 1828 611 1858 Praeterea
625 1831 672 1857 est
684 1827 722 1857 ab
740 1825 875 1866 Sigonio.
912 1825 1050 1867 Scriptus

365 1869 474 1901 habuit
486 1876 636 1909 proetores.

407 1913 449 1944 93
475 1912 663 1952 Fornicesque
686 1910 846 1951 faciendos]
871 1909 1050 1951 Aquaeduc-

366 1960 415 1986 tus
431 1960 555 1986 arcuato
569 1964 659 1997 opere
674 1946 839 1985 iaciendos.

409 1999 451 2028 94
485 1999 643 2037 Complura
678 1996 783 2027 sacella
817 1997 945 2034 publica,
985 2007 1054 2036 qute

357 2040 486 2082 fuerant
511 2047 650 2080 occupata
675 2052 692 2069 α
721 2039 859 2080 privatis]
893 2039 954 2069 Hic
977 2049 1051 2079 quo-

368 2094 428 2125 que
444 2083 630 2125 depravatus
644 2088 709 2113 erat
724 2081 820 2113 codex
835 2081 953 2112 unicus.
988 2082 1052 2112 Re-

369 2127 506 2168 cepimus
533 2126 741 2167 conjecturam
772 2124 931 2159 Gronovii‚
960 2135 1051 2165 quam

369 2169 510 2200 Clericus
529 2169 595 2210 jam
618 2168 792 2199 admiserat.
838 2168 938 2198 Vetus
962 2167 1054 2198 lectio

369 2217 435 2242 est:
481 2213 629 2251 complura
660 2212 764 2242 sacella
795 2211 968 2250 publicaque
1002 2222 1055 2240 sna

368 2261 507 2294 occupata
543 2266 562 2284 a
600 2255 732 2293 privatis,
768 2253 938 2293 publicaque
973 2264 1055 2283 sacra

368 2303 401 2327 ut
418 2304 550 2337 paterent
566 2304 709 2338 essentque
722 2296 836 2336 populo,
853 2302 1010 2327 curarunt.

411 2342 453 2371 95
478 2340 639 2370 Mutarmzt
667 2339 827 2381 suffragia:
870 2340 1056 2378 regionatim-

369 2383 438 2423 que]
480 2381 639 2423 Quidquid
669 2382 700 2412 in
727 2379 814 2412 Livio
843 2380 991 2422 reperitur
1019 2380 1057 2411 de

372 2426 489 2456 ratione
527 2426 661 2456 tribuum
698 2429 729 2455 et
763 2422 965 2459 comitiorum,
1003 2423 1056 2453 ob—

371 2478 493 2498 scurum
517 2468 577 2499 sere
593 2473 637 2498 est
659 2468 698 2498 ob
716 2465 842 2497 nimiam
865 2466 1056 2497 brevitatem.

373 2511 466 2541 Hunc
498 2511 597 2541 locum
632 2509 675 2540 sic
703 2510 950 2550 interpretamur,
981 2519 1056 2550 prae—

373 2559 465 2584 eunte
481 2553 634 2587 Turnebo‚
652 2553 674 2583 1.
690 2552 796 2583 XXX.
811 2551 941 2582 Advers‚
965 2561 990 2581 c.
1006 2551 1059 2581 24.

375 2596 457 2627 Ante
486 2596 540 2626 hos
566 2605 716 2629 censores,
741 2604 846 2624 omnes
873 2594 1001 2625 tribules
1026 2593 1056 2623 in

373 2648 562 2680 unaquaque
597 2637 677 2668 tribu
714 2637 884 2678 promiscue
922 2647 958 2667 ac
992 2635 1057 2666 sine

374 2682 437 2712 ulla
461 2679 655 2711 distinctione
679 2679 765 2710 ibant
788 2679 818 2708 in
841 2678 997 2719 suffragia,
1015 2679 1060 2708 ita

373 2730 406 2754 ut
428 2735 498 2755 cum
526 2730 665 2755 senatore
688 2731 792 2764 eques.
814 2721 924 2755 scriba,
948 2730 1058 2762 praeeo,

373 2767 553 2807 suffragium
591 2766 713 2797 ferrent.
758 2764 799 2794 Hi
835 2774 974 2795 censores
1007 2762 1060 2793 tri-

373 2809 431 2839 bus
455 2809 679 2852 descripserunt
708 2806 870 2850 generibus
891 2806 1060 2839 hominum.

373 2853 485 2887 causis
508 2858 539 2883 et
561 2851 745 2892 quaestibus:
780 2849 809 2880 id
834 2855 889 2885 est,
912 2854 1062 2890 quotquot

374 2894 403 2925 in
443 2905 630 2935 unaquaque
668 2894 747 2925 tribu
777 2892 918 2924 senatorii
948 2891 1063 2923 ordinis

1088 1530 1186 1559 erant,
1224 1536 1242 1556 a
1279 1525 1386 1556 ceteris
1422 1528 1661 1566 separaverunt;
1698 1528 1774 1559 tum,

1088 1574 1239 1610 quotquot
1260 1573 1347 1599 erant
1373 1567 1492 1609 equites
1515 1565 1675 1605 Romani3
1698 1572 1775 1602 turn,

1089 1611 1142 1652 qui
1169 1611 1286 1646 scribae,
1315 1620 1482 1652 praecones,
1508 1608 1663 1645 calcearii,
1686 1608 1775 1646 lanii,

1089 1653 1246 1690 cerdones,
1273 1658 1332 1685 etc.
1360 1653 1478 1685 forent:
1501 1663 1539 1684 ex
1567 1651 1696 1694 singulis
1722 1661 1775 1692 ge-

1091 1697 1213 1728 neribus
1237 1708 1329 1727 unum
1346 1697 1432 1728 velut
1451 1695 1616 1737 collegium
1641 1693 1775 1726 efficien-

1091 1745 1148 1775 tes,
1178 1745 1409 1780 statuentesque
1439 1749 1500 1780 quo
1530 1738 1636 1770 ordine
1665 1747 1776 1768 unum-

1092 1782 1235 1823 quodque
1266 1782 1372 1812 horum
1402 1782 1486 1813 velut
1511 1781 1708 1822 collegiorum
1735 1779 1777 1811 ire

1092 1825 1124 1855 in
1154 1825 1334 1865 suffragium
1366 1824 1501 1855 deberet.
1545 1823 1700 1865 Apposuit
1728 1833 1783 1854 au-

1093 1873 1155 1898 tem
1181 1867 1286 1898 Livius
1313 1877 1416 1897 vocem
1442 1868 1626 1908 regionatim,
1642 1870 1677 1896 ut
1699 1865 1779 1896 indi-

1093 1917 1176 1941 caret
1199 1910 1229 1940 in
1246 1910 1300 1941 illa
1319 1909 1490 1941 mutatione
1509 1914 1661 1939 servatam
1677 1912 1779 1939 tamen

1096 1953 1254 1994 antiquam
1297 1953 1433 1983 tribuum
1475 1951 1686 1983 universarum
1727 1951 1780 1982 de-

1096 1996 1303 2038 scriptionem,
1320 1995 1352 2025 in
1366 2005 1427 2036 qua
1449 1994 1559 2026 habita
1580 1994 1658 2025 ratio
1682 1993 1783 2024 fuerat

1096 2038 1266 2077 regionum,
1281 2038 1344 2069 sive
1365 2037 1459 2073 urbis,
1475 2038 1537 2069 sive
1550 2035 1624 2077 agri.
1670 2036 1781 2077 Itaque

1096 2082 1193 2112 tribus
1231 2081 1461 2122 distinguuntur
1495 2091 1513 2111 a
1547 2089 1612 2109 sese
1650 2079 1783 2110 invicem

1096 2123 1283 2166 regionibus
1304 2134 1342 2155 ex
1370 2123 1496 2164 antiquo
1522 2132 1621 2152 more:
1655 2127 1685 2152 at
1713 2132 1782 2163 por-

1099 2167 1197 2198 tiones
1234 2167 1380 2202 tribuum,
1417 2176 1495 2196 novo
1539 2164 1596 2195 hoc
1633 2163 1783 2199 instituto,

1098 2210 1260 2251 generibus
1281 2209 1452 2245 hominum,
1472 2207 1584 2242 causis,
1603 2207 1786 2248 quaestibus-

1098 2264 1157 2294 que
1189 2253 1412 2283 describuntur.
1468 2251 1564 2281 Causa
1603 2255 1704 2280 autem
1734 2249 1785 2280 hie

1099 2295 1279 2336 accipienda
1293 2301 1339 2325 est
1352 2305 1406 2336 pro
1421 2298 1513 2324 statu.

1141 2339 1183 2368 96
1209 2338 1321 2377 Γὶμὺιῑί
1346 2338 1439 2367 millia
1465 2335 1548 2376 oeris]
1582 2335 1620 2365 In
1649 2339 1787 2375 argento,

1100 2390 1219 2412 marcas
1235 2385 1385 2411 nostrates
1398 2381 1451 2410 31.
1465 2377 1572 2409 uncias
1588 2378 1618 2407 2.

1144 2424 1184 2453 97
1218 2423 1339 2453 Larium
1375 2420 1595 2461 Per-marinam]
1636 2418 1678 2449 Hi
1705 2424 1788 2453 sunt,

1103 2470 1136 2496 ut
1165 2471 1252 2496 vetus
1287 2464 1425 2496 Lexicon
1456 2464 1683 2504 interpretatur,
1711 2466 1788 2492 teste

1101 2509 1256 2542 Turnebo.
1277 2508 1298 2538 l.
1325 2508 1398 2538 XX.
1420 2505 1550 2537 Adi-ers.
1572 2515 1599 2535 c.
1620 2506 1672 2536 35.
1719 2504 1788 2535 Θυὶ

1103 2550 1268 2585 tiaaeo'moi.
1292 2550 1322 2581 id
1345 2555 1402 2583 est,
1425 2548 1467 2579 dii
1491 2547 1593 2581 maris.
1613 2547 1661 2578 vel
1686 2552 1785 2576 trans-

1101 2594 1286 2624 marinorum
1326 2591 1467 2622 itinerum
1512 2589 1666 2632 praesides.
1729 2590 1784 2620 Et-

1102 2635 1183 2666 enim
1204 2637 1265 2666 Lar
1282 2636 1410 2666 Etrusca
1426 2644 1482 2665 vox
1503 2639 1560 2669 est,
1576 2638 1607 2663 et
1622 2631 1789 2674 principem

1103 2678 1266 2719 significat.
1325 2677 1407 2707 Hinc
1447 2677 1507 2707 Lar
1542 2677 1690 2710 Porsena,
1727 2675 1786 2705 Lar

1101 2720 1284 2752 Tolumnius
1306 2720 1389 2761 apud
1412 2725 1548 2750 nostrum
1562 2719 1583 2748 l.
1601 2718 1648 2748 11.
1665 2727 1692 2747 c.
1706 2717 1738 2747 9.
1759 2722 1789 2747 et

1104 2763 1124 2793 1.
1143 2764 1203 2794 lv.
1218 2774 1246 2794 c.
1264 2763 1312 2794 17.
1358 2763 1454 2793 Lares
1469 2772 1541 2801 ergo
1555 2760 1630 2791 dicti
1646 2758 1720 2789 varii
1734 2768 1789 2790 va-

1105 2805 1215 2836 riarum
1253 2816 1352 2837 rerum
1388 2804 1540 2837 antistites
1576 2813 1611 2834 ac
1645 2801 1789 2844 pra-sides

1105 2847 1158 2879 dii.
1209 2848 1266 2878 Im·
1288 2849 1417 2881 arlosiv's.
1434 2857 1542 2888 nempe
1564 2844 1701 2887 Jupiter:
1727 2844 1787 2874 Ln-

1107 2902 1148 2921 res
1184 2892 1279 2926 vinies.
1318 2891 1348 2922 id
1384 2897 1441 2926 cst,
1476 2890 1593 2920 viarum
1630 2886 1788 2929 praesides,

1894 2958 1908 3015 s

1892 3030 1906 3083 zi

1883 3089 1912 3222 i
