1947 3222
348 86 423 124 272
875 79 1031 121 ,TITI
1081 79 1258 116 LIVII

134 203 224 235 uc.
241 203 312 234 561.
348 190 401 231 ad
426 198 607 231 veterem
637 189 805 229 classem
838 189 1038 244 pervenit.
1100 188 1173 229 Ad
1197 188 1419 244 Scyllaeum
1441 188 1651 228 Eumenes
1681 203 1754 228 rex

134 248 172 277 A.
191 246 311 277 0191.
345 261 439 287 cum
473 247 608 287 tribus
642 245 819 286 navibus
848 245 1061 292 obcurrit;
1099 261 1231 300 quum
1266 244 1434 300 AEginae
1466 244 1539 284 diu
1574 244 1756 285 incertus

344 303 501 344 consilii
531 302 691 352 fuisset,
714 310 856 342 utrum
882 301 936 341 ad
966 301 1169 342 tuendum
1199 301 1352 342 rediret
1382 316 1572 356 reg-num,
1597 300 1756 352 (audie-

344 361 416 401 bat
450 359 558 403 enim
592 358 849 400 Antiochum
883 357 1042 413 Ephesi
1076 358 1242 399 navales
1277 366 1576 412 terrestresque
1610 372 1756 413 parare

346 416 504 472 copias)
541 431 591 456 an
627 429 835 470 nusquam
876 413 1114 455 abscederet
1151 414 1203 455 ab
1240 415 1453 464 Romanis,
1490 429 1540 454 ex
1576 428 1756 469 quorum

345 473 517 514 fortuna
537 487 612 513 sua
631 471 842 532 penderet.
899 471 943 509 A
965 469 1123 511 Piraeeo
1144 472 1198 510 A.
1217 471 1390 521 Atilius,
1413 470 1579 512 traditis
1600 485 1757 511 succes-

348 530 428 570 sori
459 530 647 591 quinque
677 536 718 567 et
747 525 897 581 viginti
927 526 1103 567 navibus
1132 527 1266 576 tectis,
1299 528 1476 568 Romam
1507 536 1567 568 est
1597 527 1757 583 profec-

346 595 426 627 tus.
488 584 636 625 Livius
657 598 740 623 una
760 591 801 623 et
821 582 1034 638 octoginta
1053 583 1241 624 rostratis
1270 584 1461 633 navibus,
1484 584 1628 625 multis
1651 598 1757 639 prae-

345 651 457 683 terea
486 640 731 689 minoribus,
753 654 850 694 quae
880 646 953 679 aut
983 647 1139 702 apertae
1168 648 1371 690 rostratae,
1394 649 1467 681 aut
1498 640 1583 681 sine
1612 641 1757 681 rostris

346 696 633 754 speculatoriae
653 704 786 744 erant,
808 695 964 736 Delum
987 703 1025 736 t1
1027 696 1160 751 ajecit

404 755 587 795 XLIII.
620 754 687 793 Eo
715 753 801 793 fere
832 760 1018 808 tempore
1047 752 1191 793 consul
1212 752 1376 794 Acilius
1395 754 1664 810 Naupactum
1685 755 1757 795 ob-

345 811 574 876 pugnabat.
622 809 796 850 Livium
818 809 914 849 Deli
935 824 1009 864 per
1029 809 1190 865 aliquot
1212 809 1299 850 dies
1317 810 1377 860 (et
1398 818 1457 851 est
1475 810 1758 851 ventosissima

345 883 460 923 regio
483 868 593 908 inter
615 866 846 929 Cycladas,
857 866 977 906 fretis
1005 866 1104 906 alias
1134 867 1376 922 majoribus,
1398 867 1498 908 alias
1529 867 1757 908 minoribus

346 924 519 978 divisas)
545 923 708 964 adversi
737 922 850 964 venti
886 930 1123 964 tenuerunt.
1185 913 1479 979 Polyxenidas,
1508 924 1658 964 certior
1684 939 1758 979 per

346 981 568 1037 dispositas
599 979 895 1036 speculatorias
924 994 1048 1020 naves
1077 980 1229 1043 factus,
1258 980 1354 1020 Deli
1386 988 1493 1021 stare
1525 981 1756 1021 Romanam

346 1038 530 1087 classem,
551 1037 726 1078 nuncios
755 1036 808 1077 ad
838 1051 977 1091 regem
1008 1036 1130 1077 misit.
1160 1036 1249 1092 qui,
1270 1037 1444 1086 omissis,
1466 1053 1562 1093 quae
1591 1037 1632 1077 in
1656 1038 1759 1078 Hel-

347 1094 535 1159 lesponto
555 1093 720 1149 agebat,
742 1108 838 1134 cum
862 1094 1052 1134 rostratis
1080 1094 1272 1142 navibus,
1295 1102 1500 1148 quantum
1526 1093 1758 1136 adcelerare

346 1151 502 1215 potuit,
524 1150 741 1206 Ephesum
773 1149 919 1190 rediit:
958 1158 998 1190 et
1029 1150 1244 1191 consilium
1274 1151 1484 1206 extemplo
1513 1151 1677 1199 habuit,
1698 1151 1757 1192 fa-

347 1207 592 1248 ciendumne
612 1206 845 1262 periculum
865 1206 1022 1247 navalis
1043 1206 1276 1248 certaminis
1297 1207 1416 1248 foret.
1478 1182 1759 1262 Polyxenidas

136 1271 309 1303 Antiochus
348 1265 525 1320 negabat
566 1263 836 1304 cessandum:
890 1269 928 1303 et
967 1265 1103 1317 utique
1138 1265 1259 1316 prius
1297 1265 1599 1320 cotfligendwm
1642 1279 1760 1318 quam

134 1325 256 1346 cumea
347 1323 486 1362 classis
517 1322 709 1361 Eumenis
744 1327 781 1360 et
816 1320 992 1360 Rhodiae
1025 1334 1146 1361 naves
1178 1328 1512 1375 coryzmgerentm·
1547 1323 1758 1363 Romanis.

135 1368 278 1432 Ηὲᾗῗῗζ
346 1378 381 1406 ²⁷
393 1380 453 1419 ita
474 1392 635 1418 numero
655 1391 734 1417 non
739 1377 879 1431 fi’rme
899 1379 1064 1430 inpares
1073 1378 1243 1431 futuros
1263 1393 1314 1426 se,
1337 1380 1480 1418 ceteris
1499 1379 1679 1419 omnibus
1698 1393 1760 1419 sn-

114 1448 115 1451 *
136 1444 243 1474 cernit.
339 1437 552 1490 periores',
576 1441 614 1474 et
633 1435 840 1474 celeritate
859 1436 1036 1484 navium,
1053 1441 1092 1475 et
1112 1436 1313 1475 varietate
1332 1437 1588 1476 auxiliorum.
1649 1436 1759 1476 Nam

346 1494 555 1534 Romanas
584 1506 718 1541 naves,
741 1505 856 1545 quum
886 1493 998 1545 ipsas
1018 1491 1316 1545 inscitefactas
1338 1493 1541 1534 inmobiles
1562 1507 1655 1542 esse,
1677 1499 1759 1533 tum

346 1552 481 1599 etiam,
503 1556 546 1590 ut
577 1562 665 1603 quae
687 1550 730 1588 in
751 1555 900 1589 terram
929 1549 1096 1589 hostium
1128 1551 1307 1598 veniant,
1330 1557 1520 1591 oneratas
1545 1557 1760 1591 commeatu

346 1608 502 1648 venire.-
523 1621 615 1647 suas
635 1613 779 1654 autem,
793 1612 837 1646 ut
851 1613 1006 1659 pacata
1024 1607 1157 1646 omnia
1174 1608 1282 1646 circa
1299 1621 1339 1647 se
1358 1609 1635 1661 relinquentes,
1655 1608 1761 1648 nihil

339 1671 495 1718 proeter
515 1665 678 1704 militem
700 1669 820 1716 atque
835 1678 949 1703 arma
970 1663 1193 1703 habituras.
1216 1665 1376 1704 multum
1397 1666 1515 1705 etiam
1529 1665 1760 1719 adjuturam

346 1722 534 1762 notitiam
562 1721 686 1761 maris
715 1726 992 1774 terrarumque
1011 1727 1049 1761 et
1079 1727 1300 1761 ventorum.-
1332 1735 1420 1775 quae
1439 1723 1573 1762 omnia
1595 1724 1761 1776 ignaros

345 1778 560 1819 turbatura
580 1778 708 1818 hostes
729 1784 863 1818 essent.
927 1777 1065 1818 Movit
1095 1792 1236 1818 omnes
1261 1786 1407 1819 auctor
1427 1756 1632 1827 consiliis:
1621 1780 1694 1834 qui
1716 1787 1755 1820 et

345 1851 389 1876 re
410 1834 628 1876 consilium
648 1844 922 1875 exsecuturus
942 1842 1041 1875 erat.
1086 1834 1301 1875 Biduum
1292 1850 1334 1875 1n
1355 1835 1560 1891 adparatu
1582 1835 1755 1876 morati:

346 1891 470 1932 tertio
509 1891 576 1932 die
615 1899 783 1932 centum
822 1890 1013 1940 navibus,
1049 1906 1228 1946 quarum
1269 1890 1302 1914 ²⁸
1315 1892 1582 1951 septuaginta
1620 1900 1757 1942 tectae,

346 1956 493 1989 ceterae
528 1956 698 2003 apeitae‚
724 1947 893 1988 minoris
922 1963 1063 1988 omnes
1095 1948 1255 1997 formae,
1281 1957 1413 1997 erant,
1442 1947 1618 2004 profecti
1650 1948 1760 1990 Pho-

345 2019 471 2045 caeam
509 2004 732 2060 petierunt.
764 2004 874 2055 inde,
907 2019 1041 2067 quum
1075 2004 1274 2055 audisset,
1309 2005 1646 2061 adpropinquare
1669 2007 1758 2061 jam

347 2062 579 2102 Romanam
599 2061 784 2111 classem,
806 2076 895 2111 rex,
917 2077 1018 2116 quia
1046 2076 1127 2102 non
1158 2061 1439 2103 1nte1futu1us
1463 2062 1598 2103 navali
1629 2070 1758 2104 certa-

666 2143 829 2185 ‘futnros5
852 2145 945 2183 ipsum
958 2155 983 2175 c.
999 2155 1024 2175 0.
1039 2145 1212 2184 superiorem
1229 2144 1326 2175 Gron.
1343 2145 1434 2176 Crev.

382 2214 422 2243 27
448 2213 496 2243 Ita
532 2223 651 2243 ¹numero
685 2224 742 2243 non
769 2212 869 2253 ferme
907 2214 1028 2252 impares

330 2255 456 2297 futuros
485 2267 530 2291 se,·
565 2257 664 2286 ceteris
694 2257 823 2285 omnibus
854 2256 1028 2296 superiores]

340 2299 433 2329 Hanc
458 2303 621 2335 vetustam*
638 2308 708 2329 esse
730 2297 912 2340 scripturam
936 2303 1029 2329 testa-

1114 2214 1155 2243 28
1179 2214 1372 2255 Septuaginta
1397 2219 1489 2250 tecue,
1513 2221 1614 2244 ceteroe
1640 2221 1757 2253 aperta,

1073 2256 1191 2286 minoris
1226 2267 1320 2287 omnes
1349 2256 1458 2298 fin-miz
1493 2256 1593 2296 erant]
1640 2255 1758 2287 Distin-

1073 2299 1210 2339 guebant
1235 2309 1330 2330 naves
1351 2299 1474 2341 majoris
1495 2304 1525 2330 et
1548 2298 1672 2330 minoris
1695 2299 1755 2330 for-

339 2347 388 2372 tur
403 2341 565 2376 Gelenius,
581 2350 674 2381 quam
698 2346 729 2372 et
750 2341 866 2382 aliquot
880 2340 1029 2372 editiones

341 2384 492 2426 amplexae
520 2389 601 2413 sunt.
649 2384 686 2413 In
715 2383 920 2414 Gronovianis
953 2384 1028 2425 legi-

341 2432 407 2457 tur:
440 2438 497 2457 non
532 2426 624 2463 ferme
660 2428 779 2466 impares
803 2426 949 2467 J'utur055
984 2428 1027 2466 ip-

341 2480 405 2499 sum
441 2470 540 2500 ceteris
570 2470 700 2498 omnihus
736 2471 920 2508 superiorem.
965 2469 1028 2500 Sed

342 2522 438 2553 quum
452 2512 484 2543 in
499 2516 563 2542 tota
578 2511 636 2542 hac
658 2511 782 2553 periodo
795 2511 833 2542 de
849 2511 947 2542 classe
962 2512 1028 2542 An-

343 2554 437 2585 tiochi
464 2559 583 2594 agatur.
611 2565 672 2595 quo
696 2554 825 2595 pertinet
856 2565 913 2585 vox
937 2556 1029 2594 ipsum

343 2597 438 2639 capiti
465 2597 589 2629 alterius
611 2596 739 2627 membri
766 2596 914 2638 praefixa?
947 2597 1029 2628 Vict.

344 2640 440 2671 codex
474 2639 614 2682 praet'ert:
655 2639 757 2679 Itaque
791 2651 908 2669 rmmero
931 2639 1031 2680 ferme

345 2685 468 2721 impares
501 2682 628 2724 surm-os
670 2682 884 2721 (Romanos;)
939 2684 1031 2722 ipsum

345 2725 571 2765 (Antiochum)
606 2727 705 2755 ceteris
740 2725 868 2753 omnihus
903 2727 1030 2763 superio-

346 2779 413 2797 rem.
460 2768 519 2798 Sed
546 2767 687 2809 displicet
714 2765 748 2797 fr>
768 2768 864 2806 {laque
886 2772 914 2796 et
933 2768 1030 2809 j'errm‘

346 2821 475 2849 impares.

1072 2351 1150 2371 mae:
1176 2352 1211 2372 ac
1230 2341 1372 2372 videntur
1395 2341 1536 2372 habuisse
1559 2352 1613 2383 pro
1629 2342 1759 2373 navibus

1072 2384 1196 2425 majoris
1218 2383 1332 2419 formae,
1348 2394 1400 2415 eas
1415 2394 1485 2425 quae
1507 2394 1599 2425 supra
1620 2385 1758 2416 triremes

1072 2432 1183 2463 essent,
1206 2427 1270 2458 sive
1292 2437 1361 2468 quae
1384 2427 1523 2469 pluribus
1545 2437 1638 2468 quani
1661 2428 1758 2459 tribus

1072 2479 1222 2500 remorum
1238 2469 1395 2500 ordinibus
1411 2475 1583 2509 agerentur.
1618 2470 1656 2501 Id
1671 2471 1758 2502 colli-

1071 2511 1102 2552 gi
1128 2517 1227 2553 potest
1250 2522 1286 2543 ex
1313 2513 1526 2543 LXXXVII.
1550 2524 1577 2543 c.
1591 2514 1644 2544 23.
1667 2513 1756 2545 infra„

1072 2554 1233 2595 Significat
1262 2554 1365 2595 itaque
1391 2555 1448 2585 hoc
1475 2555 1540 2586 loco
1568 2556 1673 2586 Livius
1698 2557 1759 2588 Po·

1073 2597 1250 2644 lyxenidarn
1276 2596 1420 2628 habuisse
1444 2599 1638 2640 septuaginta
1661 2604 1760 2630 tectas

1075 2650 1181 2676 nav,es
1212 2638 1336 2680 triginta
1371 2646 1512 2681 apertas3
1548 2651 1664 2675 omnes,
1694 2648 1758 2673 tam

1074 2688 1183 2719 tectas,
1204 2693 1297 2723 quam
1324 2689 1455 2724 apertas,
1484 2684 1607 2715 minoris
1633 2684 1754 2715 formae:

1076 2724 1119 2755 ita
1134 2731 1168 2755 ut
1192 2725 1278 2756 nulla
1300 2731 1379 2756 esset
1402 2726 1489 2757 navis
1508 2727 1538 2758 in
1561 2727 1625 2768 ejus
1648 2727 1756 2763 classe,

1075 2777 1144 2807 qua*
1159 2768 1271 2799 triremi
1287 2768 1383 2809 major
1398 2775 1487 2800 esset.
