1947 3222
420 115 509 156 -372
989 111 1135 152 TIT!
1183 112 1365 151 LIVII

218 228 260 260 U.
271 228 313 260 C.
328 228 402 260 564.

217 271 248 302 A
274 272 300 303 C
331 272 390 304 188
434 220 551 262 eundi
569 219 830 276 manendique
849 228 947 263 esto.
1008 222 1154 264 Servos
1172 236 1241 263 seu
1258 220 1474 277 flagiti-vos,
1496 235 1566 262 seu
1587 221 1685 263 bello
1704 227 1855 275 captos,

435 292 504 319 seu
521 279 588 333 qui
608 279 703 319 liber
731 285 875 332 captus
894 285 965 320 aut
988 278 1198 335 transfuga
1219 280 1304 328 erit,
1326 281 1483 321 reddito
1507 279 1699 320 Romanis
1725 279 1856 320 sociis-

436 350 524 391 que.
584 336 833 389 Eleplzantos
852 337 1004 377 tradito
1023 351 1167 385 omnes,
1189 351 1312 392 neque
1332 337 1435 377 alios
1463 342 1626 389 parato.
1690 336 1858 377 Tradito

438 400 476 433 et
506 407 628 435 naves
661 394 801 448 longus
836 400 1159 447 armamentaque
1190 408 1350 435 earum.-
1391 394 1527 435 ”neve
1561 394 1706 447 plures,
1739 407 1859 447 quam

440 451 572 492 decem
591 464 714 492 naves
735 450 950 499 actuarias,
975 449 1108 502 (nulla
1128 458 1319 504 quarum⁰
1332 451 1422 504 plus
1451 465 1570 506 quam
1603 451 1768 505 triginta
1797 465 1859 491 re-

438 508 515 549 mis
534 510 703 563 agatur)
727 506 895 547 habeto.-
926 521 1022 548 neve
1051 521 1244 548 monerem
1274 521 1324 547 eae
1352 508 1442 548 belli
1471 522 1625 558 caussa,
1649 509 1757 562 quod
1775 507 1861 560 ipse

438 565 635 606 inlaturus
661 565 744 604 erit.
809 564 918 605 Neve
946 563 1142 619 navigato
1172 564 1273 605 citra
1291 563 1327 588 ⁵²
1337 565 1625 619 Calycadnum,
1647 579 1743 606 neve
1765 564 1861 606 Sar-

438 624 643 676 pedonem,
673 621 961 674 promontoria:
1007 628 1122 663 extra
1157 636 1290 676 quam,
1327 622 1363 662 si
1392 636 1470 676 qua
1499 624 1610 664 navis
1635 622 1860 676 pecuniam,

439 679 691 732 stipendium,
711 685 782 718 aut
805 678 973 733 legatos,
994 685 1064 719 aut
1084 678 1232 721 obsides
1255 679 1450 732 portabit.
1508 680 1666 720 Milites
1685 681 1864 720 mercede

441 736 679 777 conducendi
712 750 763 776 ex
795 736 847 776 iis
878 736 1081 790 gentibus,
1119 750 1207 790 quae
1239 736 1311 777 sub
1345 736 1492 777 ditione
1520 737 1652 789 populi
1687 737 1864 778 Romani

440 799 542 842 sunt,
565 792 760 834 Antiocho
779 793 867 848 regi
883 792 957 848 jus
986 807 1035 833 ne
1065 800 1166 834 esto:
1196 808 1245 834 ne
1271 793 1508 835 voluntarios
1537 794 1695 848 quidem
1723 794 1865 847 recipi-

441 850 545 891 endi.
604 850 850 891 Rhodiorum
869 851 1114 893 sociorumve
1133 865 1216 905 quae
1236 852 1336 892 aedes
1365 850 1609 905 oedificz'aque
1637 851 1742 891 intra
1757 851 1867 902 fines

439 907 556 962 regni
575 907 762 949 Antiochi
781 914 885 959 sunt,
907 923 986 963 quo
1003 905 1100 962 jure
1129 914 1223 949 ante
1251 908 1396 948 bellum
1414 906 1599 960 fuerunt,
1620 923 1664 949 eo
1690 908 1865 948 Rhodio-

440 979 531 1006 rum
552 965 788 1006 sociorumve
813 971 942 1006 sunto.

442 1022 545 1064 actio
563 1028 662 1063 esto.

441 1080 717 1133 repetendique
734 1078 807 1134 jus
836 1080 926 1120 item
959 1087 1051 1121 esto.

1004 965 1050 1006 Si
1079 979 1167 1020 quae
1193 965 1364 1018 pecuniae
1394 966 1598 1015 debentur,
1631 979 1766 1006 earum
1797 979 1866 1005 ea·-

724 1022 768 1064 Sz·
796 1023 892 1077 quid
921 1023 1104 1064 ablatum
1133 1029 1208 1075 est,
1229 1023 1273 1063 id
1301 1022 1562 1077 conquirendi,
1592 1023 1864 1076 cognoscendi,

1113 1079 1156 1120 Si
1183 1094 1284 1134 quas
1304 1081 1430 1130 urbes,
1453 1094 1555 1135 quas
1575 1080 1683 1120 tradi
1702 1087 1866 1133 oportet,

443 1137 473 1177 ii
505 1143 647 1186 tenent,
669 1138 809 1191 quibus
830 1137 1045 1178 Antiochus
1064 1137 1188 1186 dedit,
1212 1144 1271 1178 et„
1292 1152 1343 1178 ex
1371 1138 1419 1178 iis
1445 1137 1636 1190 praesidia
1666 1137 1844 1178 deducito
1851 1152 1868 1186 ,-

443 1194 576 1249 utique
595 1200 700 1235 recte
719 1195 942 1244 tradantur,
967 1200 1114 1235 curato.
1135 1193 1349 1250 33Argenti
1366 1195 1480 1248 probi
1501 1193 1710 1236 duodecim
1739 1194 1868 1235 millia

765 1267 781 1283 ⁰
794 1272 919 1303 quarum
935 1260 997 1292 del.
1013 1261 1111 1293 Gron.
1127 1261 1218 1292 Crev-

488 1320 528 1351 31
555 1319 634 1350 Neve
667 1319 767 1359 plures
802 1331 890 1360 quam
925 1321 1020 1351 decem
1048 1330 1134 1350 naves

445 1363 610 1404 actuarias]
636 1362 698 1393 Hic
725 1362 868 1394 dissentit
894 1362 1000 1394 Livius
1028 1373 1046 1393 a
1071 1363 1132 1394 Po-

446 1405 542 1447 lybio,
559 1405 612 1447 qui
627 1405 735 1437 decem
759 1416 853 1437 naves
875 1412 1047 1437 constratas
1066 1406 1133 1436 An-

446 1448 549 1480 tiocho
567 1459 729 1480 concessas
751 1458 818 1480 esse
841 1448 927 1484 dicit,
942 1449 1061 1479 nullam
1082 1458 1134 1479 ac-

446 1491 592 1522 tual-iam.
656 1492 832 1523 Gronovius
860 1492 941 1522 Livii
971 1491 1067 1522 verba
1096 1490 1137 1521 ad

449 1533 614 1575 Polybiani
639 1540 801 1566 contextus
827 1545 966 1565 normam
988 1535 1137 1575 refingere

447 1576 565 1608 nititur.
627 1578 689 1609 Sed
732 1577 783 1608 hic
827 1577 993 1619 Polybium
1036 1577 1138 1619 potius

448 1626 625 1662 corruptum
655 1630 721 1651 esse
746 1619 976 1651 crediderimus.
1025 1620 1138 1661 Itaque

448 1662 517 1693 haec
539 1663 660 1694 videtur
684 1672 749 1694 esse
771 1662 863 1703 hujus
889 1663 949 1694 Ioci
974 1663 1138 1694 sententia.

448 1706 612 1737 Monerem
634 1705 797 1746 distinguit
817 1706 925 1737 Livius
942 1716 961 1736 a
984 1716 1062 1737 nave
1086 1716 1137 1736 ae-

449 1748 562 1780 tuaria.
615 1750 777 1780 Monerem
805 1748 910 1790 itaque
938 1747 1139 1789 intelligimus

449 1802 561 1822 navem
577 1790 703 1832 longam
725 1791 862 1822 minimae
885 1791 1001 1827 formae,
1016 1796 1050 1822 ut
1070 1802 1139 1832 quae

450 1844 513 1865 uno
538 1834 646 1865 ordine
671 1843 823 1865 remorum
850 1839 978 1874 agatur:
1008 1833 1062 1864 sed
1091 1838 1138 1864 ta-

451 1886 525 1907 men
554 1876 693 1908 altiorem
721 1882 752 1907 et
779 1876 960 1907 validiorem
990 1876 1139 1913 actuaria,

451 1929 524 1960 quae
548 1924 655 1961 aperta
675 1925 752 1951 erat.
795 1920 925 1950 Jubetur
943 1930 1015 1960 ergo
1029 1919 1140 1949 Antio-

452 1961 529 1993 chus
544 1961 663 1993 tradere
683 1972 778 1994 naves
801 1973 907 1994 omnes
928 1963 1047 2003 longaS,
1063 1972 1142 2003 quas

453 2009 528 2035 tunc
558 2005 703 2047 temporis
731 2005 857 2037 habeat.
917 2005 1141 2037 Conceduntur

453 2047 482 2078 ei
503 2047 613 2079 decem
632 2048 775 2079 actuariae
793 2059 886 2080 naves
902 2059 1011 2089 pacem
1027 2048 1143 2089 agenti.

455 2090 488 2120 Si
502 2090 619 2121 bellum
640 2090 705 2133 ipse
726 2091 850 2126 inserat,
874 2091 970 2122 nihilo
993 2090 1063 2133 plus
1085 2101 1142 2121 na-

455 2132 539 2163 vium
567 2133 680 2164 habere
707 2134 735 2165 ei
763 2134 959 2176 permittitur.
1004 2133 1036 2164 Si
1062 2134 1145 2164 bello

455 2175 634 2212 lacessatur,
665 2176 736 2208 licet
763 2176 792 2208 ei
819 2188 914 2208 naves
942 2177 1050 2218 longas
1086 2187 1141 2219 pa-

455 2228 534 2254 rare,
551 2218 604 2249 sed
625 2229 775 2255 moneres,
793 2229 850 2251 nec
872 2219 1017 2251 definitur
1037 2229 1143 2250 earum

457 2271 612 2292 numerus·
658 2262 737 2292 lIaec
763 2262 851 2293 nobis
876 2262 1009 2293 maxime
1032 2263 1142 2304 proba-

455 2303 532 2335 bilia
558 2303 711 2335 videntur.
771 2307 915 2336 Ceterum
952 2305 1004 2346 qui
1042 2306 1144 2336 locum

457 2346 541 2378 hunc
564 2347 660 2378 fusius
686 2353 852 2379 tractatum
875 2347 979 2379 videre
1003 2347 1144 2384 voluerit,

458 2389 543 2430 legat
565 2389 643 2420 bene
668 2390 790 2431 longam
818 2392 889 2422 Jac.
913 2391 1060 2422 Gronovii
1083 2389 1145 2421 dis-

459 2432 654 2463 sertationem
685 2433 874 2475 epistolicam
904 2433 944 2464 ad
970 2436 1020 2464 Jo.
1048 2434 1146 2466 Geor-

459 2475 543 2516 gium
559 2474 732 2511 Graevium,
745 2477 833 2507 Tom.
849 2477 896 2507 11.
914 2475 1054 2507 Liviano.

504 2519 545 2549 32
570 2519 789 2560 Calycadnum]
815 2519 899 2550 Olim
917 2520 1148 2560 Calycamlrnm.

462 2559 606 2602 Sigonius
645 2561 822 2592 emendavit
857 2571 894 2593 ex
933 2562 1079 2605 Appiano
1115 2561 1149 2592 in

463 2603 582 2645 Syriae.
597 2608 628 2634 et
641 2604 802 2634 Strabone.

507 2647 547 2677 33
572 2648 697 2680 Argenti
738 2647 820 2686 probi
861 2647 1012 2677 ‹Insulae-im
1055 2647 1149 2677 millia

463 2689 564 2720 Attica
592 2690 701 2719 talenta
726 2711 735 2719 .
753 2712 760 2720 .
777 2711 786 2721 .
810 2689 965 2719 Talentum
993 2700 1029 2720 ne
1056 2692 1153 2720 atinus

460 2733 556 2771 pondo
597 2733 742 2772 octoginta
798 2731 932 2761 Hannonis
982 2734 1153 2771 ponderibus

462 2775 587 2815 pmdat]
611 2775 708 2816 Atqui
729 2774 879 2805 talentum
902 2773 1040 2804 Atticum
1064 2785 1151 2805 sexa-

465 2816 551 2855 ginta
576 2817 728 2848 minarum
754 2822 810 2849 est.
854 2816 945 2847 Mina
967 2823 1070 2848 autem
1095 2817 1152 2848 At-

466 2859 529 2890 tica
538 2870 593 2901 par
607 2865 747 2892 censetur
762 2860 913 2891 Romanu:
928 2859 1027 2891 librae.
1072 2859 1151 2891 Gro-

1307 1265 1323 1290 P
1338 1268 1365 1292 et
1381 1261 1442 1292 del.
1458 1261 1549 1293 Eaed.

1176 1319 1285 1350 novius
1298 1320 1320 1351 l.
1337 1320 1401 1350 III.
1418 1319 1456 1350 de
1472 1320 1546 1351 Pec.
1559 1320 1632 1352 Vet.
1648 1330 1674 1351 c.
1689 1321 1718 1351 3.
1735 1326 1769 1351 ut
1784 1319 1866 1351 hano

1177 1362 1393 1394 difficultatem
1419 1363 1519 1400 tollat,
1543 1362 1689 1394 emendat
1711 1373 1747 1393 ex
1773 1364 1866 1405 Poly-

1177 1404 1240 1436 bio.
1284 1407 1410 1447 Argenti
1429 1407 1511 1445 probz'
1531 1407 1624 1436 Attici
1639 1405 1867 1448 (ἀργυςῖυἊτ-

1179 1450 1249 1480 eriz?
1280 1448 1384 1491 ἀρίςε)
1413 1450 1564 1479 duodecim
1593 1450 1687 1479 millia
1716 1451 1870 1480 talentum.

1180 1491 1348 1523 Talentum
1391 1497 1494 1522 autern
1531 1492 1686 1533 octoginta
1722 1491 1869 1523 librarum

1181 1534 1370 1576 ponderibus
1403 1534 1566 1570 Romanis,
1596 1534 1782 1576 ,ngyptium
1810 1541 1869 1571 est,

1183 1582 1217 1608 ut
1251 1583 1380 1608 testatur
1408 1578 1509 1609 Varro
1545 1577 1629 1620 apud
1666 1576 1814 1614 Plinium,
1848 1578 1869 1608 l.

1181 1620 1344 1651 XXXIII.
1360 1631 1387 1651 c.
1400 1621 1431 1651 3.
1476 1621 1570 1652 Porro
1582 1620 1665 1662 quod
1675 1620 1725 1651 hic
1737 1620 1867 1662 exigun-

1181 1668 1230 1694 tur
1268 1663 1419 1705 ejusmodi
1454 1663 1584 1700 talenta,
1620 1673 1715 1705 quum
1751 1664 1870 1694 talenta

1181 1711 1303 1737 tantum
1320 1705 1470 1742 Euboica,
1490 1717 1562 1748 quoe
1584 1706 1703 1737 minora
1724 1712 1794 1737 sunt
1809 1706 1868 1737 At-

1182 1748 1261 1784 ticis,
1294 1749 1487 1791 postulentur
1520 1749 1552 1779 in
1587 1748 1815 1780 conditionibus
1852 1759 1871 1779 a

1183 1791 1326 1834 Scipione
1342 1791 1423 1827 latis,
1439 1801 1531 1833 supra
1545 1791 1566 1822 l.
1583 1792 1760 1823 XXXVII.
1776 1802 1804 1822 c.
1816 1792 1870 1822 45.

1182 1833 1215 1864 id
1244 1833 1368 1875 quidem
1399 1834 1510 1864 mirum
1538 1834 1634 1865 videri
1668 1845 1730 1865 non
1764 1833 1870 1865 debet.

1184 1877 1396 1918 Praeterquam
1434 1876 1516 1918 quod
1553 1877 1634 1908 enim
1663 1877 1782 1907 nullum
1811 1887 1868 1907 un-

1183 1929 1277 1960 quam
1304 1919 1423 1951 hostem
1453 1919 1496 1950 ita
1525 1924 1774 1962 contempserunt
1803 1920 1868 1950 Ro-

1184 1962 1279 1998 mani,
1295 1968 1330 1993 ut
1352 1962 1551 1999 Antiochum,
1567 1973 1650 2005 saepe
1674 1968 1797 1994 senatus
1817 1973 1871 2005 po-

1184 2005 1338 2048 pulusque
1376 2005 1537 2036 Romanus
1566 2005 1684 2048 aliquid
1714 2005 1874 2037 addebant

1186 2048 1227 2079 ad
1257 2048 1340 2089 leges
1375 2048 1526 2079 foederum
1562 2048 1602 2079 ad
1637 2048 1871 2091 imperatoribus

1187 2090 1297 2122 dictas.
1353 2092 1540 2133 Exemplum
1568 2091 1688 2133 insigne
1715 2091 1810 2122 habes
1839 2091 1871 2122 iu

1189 2133 1355 2165 Lutatiano
1390 2134 1519 2169 foedere,
1548 2133 1588 2165 de
1623 2145 1684 2175 quo
1720 2143 1813 2176 supra
1850 2134 1872 2165 l.

1186 2177 1350 2218 XIX.cap

1352 2188 1382 2219 p.
1397 2178 1448 2208 60.
1462 2183 1494 2208 et
1507 2178 1560 2209 61.
1598 2179 1741 2208 Ceterum
1757 2175 1874 2207 duode-
1933 2172 1935 2193 ³

1186 2218 1247 2250 cim
1282 2220 1380 2251 millia
1413 2220 1575 2255 talentum,
1605 2230 1734 2260 quorum
1762 2229 1875 2249 unum-
1932 2222 1933 2237 ³

1187 2262 1331 2304 quodque
1345 2263 1503 2305 octoginta
1525 2261 1627 2309 pondo
1641 2262 1767 2304 pendat,
1783 2261 1876 2308 paria

1187 2310 1258 2336 sunt
1280 2305 1391 2336 marcis
1417 2310 1535 2354 argenti
1564 2305 1718 2336 1500000.
1762 2304 1875 2341 Aliter,

1189 2354 1221 2379 et
1248 2348 1373 2389 quidem
1402 2346 1621 2391 peringeniose.
1648 2347 1763 2378 nodum
1791 2347 1875 2379 hunc
1930 2373 1931 2379 ,

1190 2392 1229 2424 de
1263 2391 1389 2422 talentis
1424 2401 1495 2432 quae
1532 2389 1688 2431 octoginta
1727 2390 1874 2421 librarum

1191 2435 1404 2465 Romanarum
1427 2443 1493 2465 esse
1516 2432 1661 2468 debeant,
1676 2433 1766 2464 solvit
1787 2433 1875 2464 Clar.

1193 2477 1375 2511 Labarreus,
1405 2475 1624 2516 Disputatione
1658 2476 1697 2507 de
1732 2476 1876 2518 ponderi-

1191 2520 1260 2555 bus,
1284 2520 1323 2550 T.
1338 2518 1436 2550 VIII.
1459 2519 1754 2550 Commentariorum
1781 2518 1876 2560 regiae

1193 2562 1433 2604 Inscriptionum
1473 2567 1505 2591 et
1541 2562 1711 2593 litterarum
1751 2561 1875 2592 Acade-

1192 2605 1276 2635 mioe.
1320 2604 1367 2635 Ex
1381 2603 1446 2644 ejus
1467 2610 1570 2635 mente
1584 2605 1735 2636 talentum
1751 2604 1877 2646 vulgare

1193 2657 1249 2690 par
1263 2652 1329 2678 erat
1343 2646 1429 2677 libris
1443 2647 1596 2678 Romanis
1608 2648 1711 2690 pondo
1726 2648 1779 2678 70.
1814 2646 1874 2677 Sed
1923 2672 1926 2680 .

1194 2689 1268 2731 quia
1291 2689 1442 2720 Romanis
1463 2689 1512 2720 hic
1535 2701 1600 2722 mos
1624 2695 1701 2725 erat,
1728 2695 1762 2720 ut
1784 2689 1876 2731 quid-
1924 2702 1925 2710 ¹

1195 2731 1270 2773 quid
1293 2732 1358 2762 auri
1381 2733 1559 2774 argentique
1576 2733 1616 2764 ad
1636 2732 1791 2763 officinam
1811 2743 1877 2763 mo·
1912 2758 1920 2765 .

1197 2781 1278 2805 netoe
1303 2775 1440 2806 flandum
1463 2775 1633 2807 feriendum
1657 2775 1825 2810 afferretur,
1840 2784 1878 2805 ex

1195 2827 1233 2847 eo
1254 2823 1395 2849 octavam
1422 2825 1540 2861 partem
1561 2819 1731 2849 lucraretur
1750 2817 1877 2859 respub-

1198 2860 1268 2898 lica,
1283 2860 1351 2893 ideo
1366 2872 1427 2892 non
1444 2861 1530 2893 libris
1543 2863 1595 2894 70.
1609 2860 1691 2903 quod
1709 2860 1877 2902 genuinum

1918 2857 1922 2963 f
