1947 3222
459 90 584 130 LIB.
611 88 803 127 XXXVI.
846 89 920 126 CA
936 89 977 126 P.
1007 89 1225 129 XXXVII.
1473 91 1547 135 267

138 215 238 241 cere.
261 200 445 241 inducias
463 200 521 240 ad
540 199 585 239 id
599 198 753 238 dterum
774 197 1002 250 nonaginta
1019 198 1132 238 dara
1163 199 1353 253 Epirotae
1370 201 1546 242 Romam
1563 212 1604 243 U.
1618 210 1739 242 C.561.

141 258 252 299 missi
284 265 471 298 senatum
501 255 706 296 adierunt
737 254 801 304 iis,
830 253 976 309 magiS,
999 269 1095 310 quae
1125 269 1207 295 non
1236 255 1428 298 fecissent
1458 255 1602 299 hos-A·
1617 254 1655 286 C·
1673 253 1742 284 191.

141 315 246 364 tilia,
276 313 564 361 referentibus,
595 326 723 367 quam
753 310 1034 367 purgantibus
1063 326 1125 361 03,
1147 311 1199 352 (10
1229 311 1384 366 quibus
1405 329 1552 370 argue-

140 371 310 421 bantur,
332 383 574 425 responsum
604 369 753 409 datum
783 376 859 418 est,
882 383 968 424 quo
998 368 1162 408 veniam
1191 349 1477 423 impetrasse,D
1469 385 1552 411 non

142 442 328 468 caussam
356 426 566 481 probasse,
587 425 721 466 videri
750 433 931 481 possent.
993 426 1052 466 Et
1074 424 1263 480 Philippi
1292 426 1403 480 regis
1427 425 1552 481 legati

144 485 223 526 sub
242 483 353 524 idem
373 490 539 538 tempus
565 497 607 522 111
635 490 824 523 senatum
855 480 1099 532 introducti,
1119 481 1380 538 gratulantes
1400 482 1452 523 de
1472 484 1556 524 vic-

144 540 260 583 toria.
291 540 342 581 iis
361 539 616 595 petentibus,
639 547 688 580 ut
710 538 787 580 sibi
808 538 1074 580 sacrificare
1065 554 1109 579 111
1132 538 1356 602 Capitolio,
1379 538 1556 580 donum·

143 612 226 653 que
256 611 307 637 ex
336 611 440 636 auro
471 595 612 637 liceret
641 611 794 652 ponere
824 595 867 636 in
897 595 986 637 aede
1016 595 1137 637 Jovis
1168 594 1330 651 Optimi
1361 595 1555 646 Maximi,

143 652 390 709 permissum
411 653 464 694 ab
490 662 649 694 senatu.
671 653 864 694 ⁹centum
894 652 1035 709 pondo
1065 667 1258 694 coronam
1288 667 1456 693 auream
1485 667 1559 708 po-

145 718 332 751 suerunt.
393 710 490 750 Non
519 724 765 765 responsum
798 709 933 750 solum
961 709 1140 775 benigne
1174 708 1322 764 legatis
1352 717 1438 757 est3
1486 708 1559 750 sed

145 766 333 823 Philippi
354 781 524 822 quoque
544 767 657 807 filius
679 766 934 817 Demetrius,
957 767 1032 821 qui
1061 767 1180 808 obses
1212 767 1359 807 Romae
1380 774 1483 816 0131,
1505 766 1560 807 ad

144 831 307 879 patrem
335 823 599 864 reducendus
634 823 782 878 legatis
816 823 940 865 datus
975 833 1048 865 est.
1109 822 1290 872 Bellum,
1321 822 1437 879 quod
1463 837 1560 864 cum

146 879 359 921 Antiocho
388 895 486 935 rege
516 880 560 921 in
586 880 752 921 Graecia
779 889 945 935 gestum
975 888 1037 922 est
1064 894 1089 921 a
1118 880 1192 920 Μ’.
1215 879 1348 920 Αο1110
1377 879 1559 929 001151110,

147 937 260 978 1111110
281 937 406 978 finem
426 936 587 978 habuit.

206 993 435 1034 XXXVI
477 993 599 1035 Alter
640 993 785 1034 consul
826 994 875 1034 P.
919 992 1138 1034 Cornelius
1184 992 1338 1049 Scipio,
1381 992 1561 1034 Galliam
1575 1004 1733 1036 Lud1Ro-

148 1050 403 1106 provinciam
424 1050 610 1097 sortitus,
631 1050 878 1106 priusquam
908 1050 962 1090 ad
991 1049 1164 1099 bellum,
1186 1049 1302 1105 quod
1331 1065 1428 1090 cum
1450 1049 1562 1091 Βο115
1575 1059 1633 1079 mae
1649 1054 1680 1079 et

148 1107 380 1162 gerendum
409 1115 512 1157 erat,
535 1098 883 1162 proficisceretur,
903 1106 1135 1162 postulavit
1166 1106 1219 1147 ab
1241 1115 1403 1156 senatu,
1425 1114 1474 1147 ut
1494 1121 1564 1162 pe-
1575 1090 1726 1165 ἓιῖξῗέε

148 1163 272 1227 cunia
291 1163 370 1204 sibi
391 1162 682 1204 decerneretur
711 1163 765 1204 ad
792 1162 929 1213 ludos,
952 1178 1059 1219 quos
1087 1171 1322 1220 propraetor
1343 1162 1385 1203 in
1411 1163 1566 1219 Hispa-

148 1219 218 1260 nia
246 1219 354 1261 inter
380 1219 518 1275 ipsum
548 1219 768 1260 discrimen
796 1235 953 1276 pugnae
980 1235 1060 1261 vox
1063 1220 1174 1261 isset.
1234 1220 1406 1260 Novum
1438 1229 1567 1276 atque

148 1276 342 1332 iniquum
368 1276 581 1333 postu-lare
602 1284 663 1317 est
683 1277 811 1318 visus.
843 1285 1095 1318 censuerunt
1119 1292 1233 1333 ergo,
1255 1291 1352 1331 quos
1371 1278 1484 1318 ludos
1505 1279 1568 1318 in·

147 1335 325 1374 consulto
345 1340 488 1375 senatu
508 1348 558 1374 ex
575 1347 648 1375 sua
669 1335 786 1375 unius
805 1335 1007 1375 sententia
1027 1335 1211 1383 vovisset,
1233 1348 1298 1375 eos
1317 1335 1381 1375 uti
1409 1336 1459 1375 de
1485 1349 1570 1375 ma-

148 1391 298 1441 nubiis,
311 1392 348 1432 si
363 1405 483 1445 quam
496 1391 712 1444 pecuniam
733 1392 792 1432 ad
811 1392 858 1432 id
866 1398 1117 1440 reservasset,
1135 1392 1197 1432 vel
1210 1405 1284 1432 sua
1299 1392 1385 1445 ipse
1400 1393 1571 1445 inpensa

134 1448 316 1503 faceret.
347 1463 416 1489 eos
444 1447 567 1489 ludos
595 1462 671 1504 per
701 1447 788 1489 dies
818 1448 962 1489 decem
992 1449 1041 1489 P.
1070 1447 1289 1489 Cornelius
1315 1448 1427 1489 fecit
1488 1450 1571 1490 Per

152 1504 262 1546 idem
291 1504 378 1545 fere
408 1512 576 1569 tempus
605 1504 714 1545 aedes
743 1505 899 1546 Matris
924 1506 1096 1561 Magnae
1120 1504 1249 1546 Idaeae
1270 1504 1463 1546 dedicata
1482 1514 1568 1547 est:

153 1576 281 1626 quam
302 1561 469 1602 Deam
457 1576 493 1603 15
514 1562 562 1602 Ρ.
587 1560 821 1612 Cornelius,
843 1561 1062 1603 advectam
1091 1576 1144 1602 ex
1175 1561 1278 1603 Asia
1306 1563 1353 1602 P.
1379 1562 1572 1603 Cornelio

157 1618 408 1674 Scipione,c
386 1618 454 1659 cui
483 1626 580 1674 post
611 1618 812 1659 Africano
840 1618 926 1660 fuit
953 1633 1197 1675 cognomen,
1221 1620 1269 1663 P.
1293 1618 1457 1660 Licinio
1479 1634 1574 1660 con-

155 1675 330 1725 sulibus,
361 1675 404 1715 in
435 1674 645 1716 Palatium
675 1690 700 1716 a
727 1674 833 1716 mari
863 1674 1086 1717 detulerat.
1147 1675 1290 1716 Locax
1292 1684 1410 1717 erant
1439 1676 1573 1717 aedem

154 1731 386 1773 faciendam
409 1747 460 1772 ex
483 1731 842 1773 senatusconsulto
864 1733 927 1773 Μ.
952 1731 1117 1782 Livius,
1141 1733 1190 1773 C.
1211 1732 1415 1774 Claudius
1436 1748 1574 1774 censo-

155 1804 236 1839 res,
259 1787 325 1829 M.
349 1787 557 1837 Cornelio,
580 1789 629 1829 P.
655 1788 898 1844 Sempronio
928 1789 1195 1836 consulibus
1185 1805 1193 1814 ·
1228 1789 1426 1830 tredecim
1456 1788 1574 1831 annis

155 1854 265 1901 post,
297 1860 425 1902 quam
456 1844 592 1887 locata
620 1853 723 1895 erat,
755 1845 964 1888 dedicavit
995 1861 1086 1887 eam
1117 1846 1181 1886 Μ.
1204 1847 1233 1886 J
1239 1860 1363 1887 umus
1394 1847 1571 1896 Brutus,

157 1902 190 1926 ¹⁰
201 1903 377 1958 ludique
406 1902 461 1943 ob
491 1877 794 1943 dedicationem
824 1903 916 1959 ejus
935 1902 1051 1953 facti,
1073 1918 1181 1958 quos
1204 1903 1362 1967 primos
1393 1904 1573 1944 scenicos

158 1959 300 2010 fulsse,
338 1958 488 1999 Antias
519 1959 729 2000 Valerius
763 1967 826 2001 est
860 1968 1022 2010 auctor,
1059 1959 1290 2015 Megalesia
1330 1959 1571 2016 adpellatos.

162 2018 272 2059 Item
292 2015 534 2057 Juventatis
564 2016 728 2057 aedem
716 2030 761 2057 111
790 2016 899 2057 circo
928 2015 1111 2058 maximo
1134 2018 1181 2058 C.
1205 2016 1395 2057 Licinius
1417 2016 1576 2057 Lucul-

160 2073 226 2115 lus
256 2072 456 2114 duumvir
484 2072 704 2114 dedicavit.
766 2073 948 2114 Voverat
978 2088 1068 2114 eam
1097 2072 1304 2114 sexdecim
1333 2073 1450 2114 annis
1479 2081 1576 2114 ante

162 2131 225 2171 M.
250 2129 399 2171 Livius
419 2129 578 2180 consul,
599 2145 684 2185 quo
711 2129 778 2171 (110
810 2130 1122 2171 Hasdrubalem
1143 2129 1458 2185 exercitumque
1485 2131 1577 2186 ejus

160 2186 334 2228 cecidit:
376 2185 488 2227 idem
518 2192 661 2227 ce'nsor
690 2201 780 2228 eam
815 2186 1048 2228 faciendam
1078 2186 1244 2237 locavit,
1278 2185 1342 2227 Μ.
1367 2188 1574 2237 Cornelio,

164 2245 211 2285 P.
232 2243 475 2306 Sempronio
498 2243 751 2284 consulibus.
812 2244 958 2300 Hujus
979 2259 1149 2307 quoque
1169 2218 1411 2285 dedicandae
1432 2259 1578 2285 caussa

163 2300 253 2342 ludi
282 2299 407 2341 facti:
440 2307 482 2341 et
514 2315 563 2340 eo
594 2299 733 2340 omnia
761 2315 858 2341 cum
886 2301 1043 2357 majore
1073 2300 1273 2357 religione
1302 2301 1428 2351 facta,
1460 2301 1577 2356 quod

163 2371 318 2398 novum
339 2371 436 2397 cum
460 2356 669 2398 Antiocho
688 2356 871 2398 instabat
890 2357 1060 2399 bellum.

223 2414 478 2454 XXXVII.
510 2413 724 2469 Principio
754 2414 845 2470 ejus
873 2414 985 2464 anm',
1017 2429 1103 2470 quo
1136 2414 1282 2465 haec,'
1266 2430 1356 2470 Jam
1390 2414 1578 2471 profecto
1591 2423 1746 2465 Prodigia.

167 2469 221 2510 ad
248 2470 405 2512 bellum
438 2469 513 2511 Μ.
538 2470 688 2520 Αο1110,
719 2478 911 2512 manente
947 2470 1086 2512 adhuc
1118 2472 1266 2512 Romae
1301 2473 1350 2513 P.
1385 2471 1578 2514 Cornelio

619 2557 634 2574 e
654 2553 787 2585 Valerius
801 2555 906 2585 Antias
921 2554 1018 2586 Gron.
1034 2555 1128 2588 Crev.

211 2620 231 2650 9
255 2620 379 2651 Centum
410 2622 519 2663 pondo]
564 2623 744 2655 Marcarum
781 2633 851 2654 nos·
895 2623 980 2665 apud
1009 2623 1168 2655 Romanos
1196 2624 1280 2666 origo
1307 2626 1398 2666 longe
1426 2625 1579 2667 antiquior

171 2661 296 2693 tratium
315 2665 387 2697 156.
401 2675 472 2696 cum
486 2664 630 2696 unciis2.
895 2672 951 2697 est.
996 2666 1072 2698 Vid.
1094 2677 1187 2709 supra
1209 2668 1231 2698 l.
1247 2669 1326 2700 VII.
1341 2679 1368 2699 0.
1391 2670 1422 2699 2.
1465 2669 1528 2699 Sed
1549 2673 1580 2698 et

217 2705 256 2734 10
279 2705 359 2736 Ludi
386 2729 396 2737 .
423 2729 432 2738 .
460 2730 469 2738 .
497 2719 563 2748 quos
593 2709 700 2748 primos
733 2710 853 2739 scenicos
891 2709 958 2750 jam
980 2709 1069 2741 tertio
1092 2716 1164 2741 ante
1179 2711 1261 2741 hunc
1278 2721 1369 2748 anno,
1385 2711 1406 2742 1.
1422 2711 1579 2742 XXXIV.

168 2746 262 2785 fuisse
294 2748 426 2780 Valerius
453 2750 572 2791 latias]
618 2751 763 2792 Intellige
788 2753 851 2791 pri-
896 2763 926 2783 0.
951 2753 1003 2783 54.
1046 2753 1220 2794 Megalesia
1245 2753 1334 2784 ludos
1356 2753 1493 2786 scenicos
1514 2764 1581 2786 esse

172 2800 229 2819 mos
264 2793 385 2822 scenicos
421 2792 608 2833 MegaLenses,
636 2804 697 2825 non
730 2793 854 2825 omnino
897 2795 993 2827 factos
1007 2795 1187 2827 memoravit
1202 2795 1319 2828 Livius.

168 2834 274 2871 primos
301 2835 433 2866 scenicos.
477 2834 635 2866 Ludorum
661 2836 851 2868 scenicorum
