1947 3222
223 185 265 258 ef:

306 185 369 216 's

277 185 314 259 ,00

331 229 343 258 —d

348 185 390 260 ἔω

218 742 370 782 Myonne-

215 794 275 814 SUS-

217 2098 380 2140 Polyxeni-

216 2141 272 2189 das
288 2140 326 2172 ad
344 2142 415 2171 Ma-

214 2193 291 2215 crin.

435 64 508 98 302
956 57 1096 96 ΤΙΤΙ
1144 56 1312 95 LIVII

391 207 399 215 ,
434 167 638 217 hostibus,
652 174 724 208 aut
740 167 852 223 ipsos
872 182 949 223 pro
963 167 1153 210 hostibus
1173 167 1404 230 habiturus.
1438 167 1577 217 Quum
1591 165 1834 208 direxissent

393 251 400 259 -
434 224 488 265 ad
515 233 667 265 teriam
696 238 853 279 proras,
875 224 1111 279 quindecim
1132 224 1262 265 ferme
1283 223 1340 264 eis
1361 238 1484 264 naves
1504 223 1613 263 circa
1634 222 1837 278 Myonne-

434 296 525 322 sum
539 281 844 344 adpamemnt,
867 295 972 336 quas
991 295 1125 343 primo
1146 296 1196 321 ex
1217 280 1342 321 classe
1363 279 1476 335 regia
1494 287 1648 335 praetor
1667 294 1753 320 esse
1773 293 1835 319 ra-

433 345 516 387 tus,
537 336 685 378 institit
707 352 835 392 sequi.
867 336 1061 400 adparuit
1091 336 1200 386 inde,
1221 336 1416 392 piraticas
1407 314 1589 377 Oceloces
1610 343 1651 377 et
1680 334 1836 376 lembos

432 409 529 435 esse.
591 393 791 434 Chiorum
818 392 1068 432 maritimam
1087 407 1201 433 oram
1221 392 1478 448 depopulati,
1501 407 1597 433 cum
1616 391 1747 432 omnis
1766 406 1836 447 ge-

431 450 540 491 neris
569 449 713 506 praeda
743 455 1008 498 revertentes,
1029 456 1252 504 postquam
1282 449 1421 490 videre
1450 464 1501 489 ex
1535 448 1620 489 alto
1650 448 1834 497 classem,

431 505 485 530 ⁸²
476 521 516 548 1n
544 506 689 561 fugam
709 512 935 545 verterunt.
967 513 1008 567 et
1035 504 1242 546 celeritate
1263 506 1526 560 superabant,
1548 504 1774 546 levioribus
1793 512 1834 544 et

430 562 484 604 ad
508 562 551 603 id
572 541 810 602 fabrefactis
831 559 1020 615 navigiis,
1042 568 1083 601 et
1103 561 1316 616 propiores
1336 569 1456 602 terrae
1476 570 1604 603 erant.
1666 562 1834 616 Itaque,

429 619 674 675 pliusquam
694 616 1048 673 adpropinquaret
1069 616 1222 667 classis,
1246 616 1525 673 Myonnesum
1544 617 1832 674 perfugerunt.

429 675 539 715 unde
560 689 601 715 se
621 689 646 714 a
673 681 800 729 portu
830 681 945 714 ratus
975 673 1282 714 abstracturum
1311 688 1450 724 naves,
1471 689 1639 729 ignarus
1668 674 1746 714 loci
1777 689 1835 714 se-

428 731 636 786 quebatur
664 737 831 786 praetor.
891 729 1190 785 ⁸³Myonnesus
1218 708 1547 786 promontorium
1566 731 1674 771 inter
1696 731 1834 770 Teum

431 788 685 843 Samumque
715 795 787 828 est.
819 787 907 842 ipse
928 786 1043 827 collis
1075 795 1137 827 est
1166 787 1209 826 in
1241 786 1413 827 modum
1442 794 1564 827 metae
1592 787 1636 827 in
1665 795 1834 828 acutum

427 859 623 885 cacumen
643 859 668 884 a
687 843 820 884 fundo
841 844 939 884 satis
969 843 1054 884 lato
1073 842 1332 898 fastigatus¹:
1365 858 1390 883 a
1409 842 1634 884 continenti
1655 851 1756 883 artae
1777 858 1835 883 se-

427 900 541 942 mitae
561 900 722 941 aditum
743 899 894 941 habet:
927 915 951 940 a
972 899 1075 940 mari
1096 915 1229 940 exesae
1249 899 1447 940 fluctibus
1467 914 1591 955 rupes
1611 898 1831 946 claudunt;

428 957 488 999 ita
508 965 556 999 ut
576 957 829 1012 quibusdam
857 955 934 997 loci
923 971 955 997 ¹s
977 955 1325 1012 superpendentia
1345 971 1444 996 saxa
1464 954 1496 979 ⁸4
1509 955 1632 1012 plus
1623 970 1666 996 ln
1686 955 1833 1005 altum,

428 1029 570 1069 quam,
591 1029 688 1076 quae
717 1013 761 1054 in
794 1012 969 1054 statione
999 1021 1111 1063 sunt,
1136 1028 1275 1062 naves,
1306 1012 1576 1092 prominessant
1638 1011 1759 1053 Circa
1787 1026 1835 1052 ea

426 1069 763 1134 adpropinquare
783 1084 865 1110 non
885 1084 996 1110 ausae
1026 1084 1163 1119 naves,
1186 1083 1236 1109 ne
1257 1069 1335 1109 sub
1360 1068 1483 1110 ictu⁸
1485 1068 1833 1125 ⁵superstantium

427 1126 603 1191 rup1bus
630 1126 861 1182 piratarum
883 1134 1031 1175 essent,
1053 1125 1162 1166 diem
1185 1125 1266 1166 triv
1269 1140 1346 1165 ere.
1370 1125 1552 1175 tandem,
1574 1125 1652 1166 sub
1672 1133 1834 1166 noctem

427 1198 533 1224 vano
567 1183 732 1238 incepto
767 1197 900 1238 quum
931 1182 1200 1231 abstitissent,
1234 1183 1371 1222 Teum
1404 1190 1568 1237 postero
1601 1182 1667 1222 die
1702 1197 1833 1222 acces-

428 1254 535 1280 sere:
568 1247 622 1289 et,
643 1240 687 1280 in
718 1247 858 1294 portu,
879 1239 953 1294 qui
982 1238 1034 1279 ab
1057 1247 1172 1301 tergo
1193 1237 1308 1279 urbis
1338 1247 1414 1287 est,
1438 1238 1763 1290 (Geraesticum
1754 1237 1831 1300 1psi

426 1296 656 1351 adpellant)
679 1295 855 1336 navibus
876 1294 1124 1345 constitutis,
1147 1302 1301 1350 praetor
1321 1295 1373 1336 ad
1395 1294 1735 1351 depopulandum
1756 1309 1832 1336 elr-

427 1368 475 1393 ca
496 1353 642 1393 urbem
663 1367 812 1407 agrum
834 1351 984 1392 milites
1005 1351 1151 1393 emisit.

485 1409 715 1449 XXVIII.
750 1408 858 1457 Teii,
881 1424 1013 1464 quum
1042 1407 1083 1448 in
1104 1408 1234 1449 oculis
1263 1408 1479 1464 populatio
1509 1417 1628 1459 esset,
1650 1417 1832 1449 oratores

426 1481 522 1506 cum
557 1464 698 1506 infulis
728 1473 769 1506 et
801 1465 1041 1506 velamentis
1072 1465 1125 1505 ad
1154 1466 1391 1505 Romanum
1422 1465 1635 1506 miserunt.
1677 1465 1832 1520 quibus

426 1521 704 1578 purgantibus
724 1521 934 1564 civitatem
958 1521 1090 1562 omnis
1119 1521 1220 1562 facti
1240 1521 1424 1577 dictique
1453 1521 1615 1563 hostilis
1634 1521 1832 1562 adversus

428 1579 652 1628 Romanos,
674 1585 713 1619 et
727 1578 884 1632 juvisse
905 1593 968 1619 eos
990 1585 1203 1619 commeatu
1231 1579 1392 1619 classem
1421 1579 1589 1619 hostium
1618 1578 1772 1633 arguit,
1794 1584 1833 1618 et

426 1641 615 1689 quantum
644 1636 730 1675 vini
758 1636 1024 1690 Polyxenidae
1049 1636 1343 1687 promisissent:
1374 1650 1463 1689 quse
1490 1636 1527 1676 si
1554 1636 1690 1676 eadem
1716 1634 1834 1675 classi

428 1693 623 1732 Romanae
652 1693 811 1742 darent,
838 1699 1109 1734 revocaturum
1139 1706 1179 1732 se
1207 1707 1233 1732 a
1255 1693 1522 1745 populatione
1550 1693 1712 1732 militem
1720 1713 1736 1738 ,·
1767 1693 1832 1733 sin

426 1750 568 1798 minus,
585 1763 664 1801 pro
694 1749 867 1790 hostibus
891 1763 954 1790 eos
980 1749 1218 1789 liabithum
1280 1749 1375 1789 Hoc
1404 1757 1489 1789 tam
1520 1748 1637 1790 triste
1666 1763 1832 1803 respon-

427 1820 517 1846 sum
540 1820 672 1861 quum
692 1806 929 1847 retulissent
959 1805 1098 1861 legati,
1119 1812 1292 1846 vocatur
1321 1806 1364 1846 in
1384 1805 1619 1846 concionem
1640 1819 1664 1845 a
1683 1805 1832 1860 magis-

427 1862 606 1903 tratibus
652 1862 849 1917 populuS,
890 1870 953 1912 ut,
993 1840 1098 1927 quid
1137 1870 1320 1916 agerent,
1362 1861 1653 1903 consultarent.
1719 1839 1777 1884 ⁸⁶0
1765 1862 1831 1902 Eo

426 1918 535 1959 forte
565 1918 844 1982 Polyxenidas
872 1933 967 1960 cum
997 1919 1111 1974 regia
1139 1919 1265 1959 classe
1288 1934 1313 1959 a
1335 1918 1575 1974 Colophone
1604 1917 1830 1973 profectus,

427 1983 649 2040 postquam
680 1990 854 2016 mOVlsse
883 1991 908 2016 a
939 1976 1060 2016 Samo
1088 1976 1298 2016 Romanos
1327 1975 1503 2024 audivit,
1525 1983 1582 2024 et,
1603 1974 1658 2015 ad
1680 1973 1832 2030 Myon-

427 2046 572 2073 nesum
600 2031 756 2087 piratas
788 2039 1039 2087 persecutos,
1063 2031 1263 2072 Teiorum
1299 2046 1447 2087 agrum
1476 2030 1735 2087 depopulari,
1761 2045 1830 2071 na-

427 2103 499 2129 ves
524 2088 566 2129 in
589 2088 816 2130 Geraestico
845 2097 972 2144 portu
998 2096 1120 2139 stare,
1142 2087 1230 2144 ipse
1257 2067 1456 2130 adversus
1479 2086 1756 2143 Myonnesum
1786 2088 1828 2128 in

922 2190 932 2208 ¹
938 2187 1117 2229 sasngwtus
1134 2187 1229 2219 Gron.
1246 2187 1338 2219 Crev.

469 2281 509 2313 82
534 2281 571 2312 In
582 2281 695 2323 sugam
712 2282 877 2322 verterunt]
902 2282 1008 2312 Naves
1023 2292 1106 2313 suas.

427 2324 496 2355 Nisi
511 2325 585 2355 forte
599 2325 648 2355 hic
662 2324 778 2366 aliquid
793 2331 838 2356 est
854 2324 929 2355 vitii.

468 2368 508 2397 83
541 2367 714 2408 Myonnesus
743 2390 751 2397 .
781 2389 788 2398 .
819 2370 895 2398 inter
931 2367 1017 2398 Teum
1052 2367 1106 2397 Sa-

424 2421 558 2449 mumque
578 2410 632 2450 est]
656 2409 839 2440 Accuratius
862 2409 1013 2441 videretur
1037 2410 1105 2440 Du-

421 2452 509 2492 jatio,
536 2454 613 2482 inter
636 2452 724 2482 Teum
746 2453 958 2493 Labedumque.
1002 2452 1106 2493 Atque

426 2496 481 2526 hoc
496 2494 586 2525 modo
600 2494 769 2536 descriptus
783 2501 828 2526 est
852 2495 927 2526 situs
939 2495 1106 2536 Myonnesi

426 2547 442 2568 a
459 2537 624 2578 Stephano.

470 2580 626 2610 84¹·Plus
655 2581 685 2609 in
713 2581 805 2609 altum
838 2603 844 2609 .
877 2580 1104 2620 yffrornineant]

429 2621 563 2663 Longius
577 2621 767 2668 porrigantur
783 2631 882 2652 versus
898 2622 993 2652 altum
1011 2632 1104 2656 mare,

426 2675 520 2705 quam
546 2675 614 2705 quae
640 2675 672 2694 in
697 2663 826 2695 statione
852 2670 923 2695 sunt
948 2674 1052 2699 naves,
1076 2670 1107 2695 et

429 2708 506 2738 ultra
520 2717 572 2738 eas
587 2706 787 2750 promineant.

470 2751 511 2781 85
544 2750 777 2790 Super-stantium
813 2748 949 2789 rupibus]
1004 2749 1032 2779 V
1035 2748 1106 2789 ulgo

428 2792 830 2833 inrupzbns.Sustu1imus
851 2791 1105 2835 praepositionem,

1148 2282 1285 2313 obsecuti
1316 2281 1398 2313 Vict.
1421 2279 1529 2314 codici,
1556 2286 1586 2311 et
1613 2280 1665 2310 uni
1691 2291 1708 2311 e
1734 2281 1829 2313 MSS.

1150 2325 1288 2358 Hearnii,
1299 2330 1331 2354 et
1344 2323 1468 2354 editioni
1482 2322 1625 2353 Andseae.

1192 2368 1233 2398 86
1269 2367 1312 2397 Eo
1335 2366 1420 2408 forte
1457 2366 1661 2406 Polyrenidas]
1716 2366 1827 2398 Liben-

1149 2415 1195 2440 ter
1217 2409 1433 2440 crediderimus
1455 2408 1575 2439 Livium
1596 2408 1761 2451 scripsisse,
1788 2410 1829 2440 130

1140 2453 1224 2494 forte
1273 2458 1395 2490 tempore
1445 2451 1477 2480 Ρ
1480 2452 1645 2483 damiam.
1718 2452 1827 2493 Neque

1148 2495 1230 2525 enim
1252 2505 1292 2529 eo,
1311 2494 1344 2524 id
1366 2499 1424 2528 est,
1444 2503 1547 2523 versus
1569 2504 1637 2524 eam
1660 2505 1826 2535 regionem,

1148 2537 1179 2567 in
1209 2547 1270 2578 qua
1298 2543 1361 2567 tum
1391 2536 1524 2566 Romani
1550 2543 1648 2571 erant,
1675 2537 1828 2578 profectus

1149 2586 1230 2610 erat.
1269 2589 1329 2609 nou
1362 2578 1492 2608 solverat
1527 2589 1544 2608 a
1578 2580 1757 2620 Colophone
1791 2590 1828 2612 eo

1149 2621 1286 2656 consilio.
1325 2626 1358 2651 ut
1393 2621 1599 2661 Myonnesum
1641 2628 1695 2652 aut
1728 2623 1825 2653 Teum

1150 2669 1276 2711 peteret.
1319 2662 1379 2694 Sed
1406 2673 1437 2693 in
1460 2673 1497 2694 ea
1522 2664 1590 2695 loca
1616 2664 1684 2695 ideo
1708 2670 1826 2695 tantum

1151 2706 1243 2741 venit,
1263 2711 1296 2736 ut
1317 2711 1462 2747 sequatur
1486 2706 1653 2744 Romanos,
1668 2717 1738 2738 cum
1760 2707 1827 2750 qui-

1150 2749 1208 2780 bus
1222 2748 1404 2790 confligere
1395 2759 1497 2790 jussus
1512 2755 1585 2781 erat.

1920 2700 1941 2983 3
