1947 3222
460 123 579 161 LIB.
608 120 810 160 XXXIII.
848 121 980 160 CAP.
1006 122 1119 160 VIII.
1450 127 1499 167 93

85 230 271 287 signiferi
301 231 426 281 viam,
455 246 528 272 nec
559 230 677 286 signa
705 229 857 271 milites
891 237 1130 278 cernerent3
1173 245 1321 286 agmen
1357 231 1411 273 ad
1440 231 1500 274 in-
1512 240 1691 275 U.C.555.

82 296 217 328 certos
251 289 449 329 clamores
484 302 639 341 vagum
675 286 791 327 velut
826 301 963 327 errore
998 293 1202 327 nocturno
1242 288 1498 330 turbaretur.
1511 285 1551 316 A·
1563 285 1601 316 C·
1619 285 1692 316 ¹97·

87 345 351 400 Supergressi
390 343 588 394 tumulos,
624 343 698 399 qui
742 343 1067 399 Cynoscephalae
1106 351 1322 394 vocantur,
1358 345 1624 387 relictaCastra
1636 351 1712 384 Phi-

84 401 142 442 ibi
177 403 352 443 statione
384 401 504 440 firma
536 399 725 456 peditum
763 399 1054 456 equitumque,
1087 408 1318 455 posuerunt
1354 409 1498 442 castra.
1511 396 1586 438 lippi
1599 397 1645 469 δῖ
1650 395 1713 437 Cy-

84 459 301 498 Romanus
330 456 485 497 eisdem
515 456 569 497 ad
602 456 851 497 Thetidium
883 457 1027 498 castris
1057 472 1190 512 quum
1213 472 1254 497 se
1284 449 1623 513 tenuissetfflg'ssoep
1648 448 1680 469 a-

85 514 346 570 exploratum
369 521 522 563 tamen,
546 514 619 554 ubi
646 513 776 554 hostis
807 520 928 564 esset,
950 513 1092 554 decem
1122 521 1281 555 turmas
1310 514 1502 569 equitum

86 580 128 612 et
148 570 301 611 ²⁶mille'
329 569 491 625 pedites
521 570 657 617 misit3
691 569 883 619 monitos,
915 578 964 611 ut
994 571 1047 612 ab
1076 569 1249 620 insidiis,
1280 585 1385 626 quas
1414 570 1503 611 dies

84 629 286 669 obscurus
315 627 470 682 apertis
500 642 671 682 quoque
701 627 801 667 locis
838 635 1026 667 tecturus
1055 634 1175 677 esset,
1206 635 1513 683 praecaverent„

86 683 173 725 Ubi
193 691 366 724 ventum
388 683 441 723 ad
471 683 645 725 insessos
676 683 862 725 tumulos
891 691 967 734 est,
989 699 1142 740 pavore
1171 691 1322 725 mutuo
1351 683 1503 739 injecto

86 740 201 781 velut
223 747 434 796 torpentes
456 741 718 796 quieverunt.
751 740 861 789 dein,
884 740 1044 782 nunciis
1073 748 1184 781 retro
1214 740 1256 780 in
1286 749 1421 782 castra
1448 740 1504 781 ad

85 797 212 838 duces
232 797 381 847 missis,
405 797 477 838 ubi
498 797 659 853 primus
680 805 813 838 terror
833 797 886 837 ab
913 798 1160 853 necopinato
1188 798 1282 838 visu
1303 797 1502 847 consedit,

84 869 168 895 non
197 853 358 895 diutius
388 855 611 895 certamine
641 853 890 895 abstinuere.
952 853 1163 908 Principio
1184 869 1209 894 a
1234 853 1378 910 paucis
1407 869 1502 910 pro·
1517 861 1623 911 Ifroelii
1636 861 1695 893 ini·

86 911 352 951 currentibus
382 910 570 952 lacessita
598 925 742 967 pugna
770 917 847 959 est,
879 909 1029 950 deinde
1065 909 1259 950 subsidiis
1293 912 1604 952 tuentiumtfflm·

86 967 229 1023 pulsos
258 975 404 1008 aucta:
449 967 489 1007 in
523 983 608 1022 qua
640 981 770 1022 quum
807 965 1139 1021 haudquaquam
1171 981 1292 1021 pares
1324 968 1504 1009 Romani

86 1024 188 1065 alios
219 1039 343 1079 super
372 1024 473 1064 alios
502 1023 675 1064 nuncios
705 1023 759 1063 ad
788 1022 937 1063 ducem
968 1022 1194 1071 mitterent,
1224 1023 1356 1079 premi
1387 1039 1502 1073 sese3

89 1080 308 1137 quingenti
329 1080 490 1135 equites
511 1089 551 1121 et
574 1080 659 1120 duo
674 1079 804 1120 millia
823 1079 1029 1135 peditum,
1047 1079 1225 1120 maxime
1247 1079 1504 1132 AEtolorum,

88 1153 183 1178 cum
204 1137 369 1178 duobus
391 1136 569 1178 tribunis
590 1136 771 1178 militum
792 1151 968 1192 propere
989 1136 1126 1187 missa,
1148 1152 1235 1177 rem
1264 1136 1505 1179 inclinatam

87 1194 358 1235 restituerunt
377 1210 386 1234 :
419 1209 621 1249 versaque
647 1194 833 1243 fortuna,
856 1193 1109 1233 Macedones
1129 1193 1363 1235 laborantes
1383 1209 1504 1250 opem

85 1251 194 1306 regis
215 1265 289 1306 per
310 1249 482 1291 nuncios
502 1250 780 1306 inplorabant.
843 1250 940 1299 Sed,
962 1258 1009 1291 ut
1038 1251 1112 1305 qui
1133 1249 1236 1291 nihil
1266 1250 1403 1292 minus
1432 1251 1506 1293 illo

88 1307 154 1347 die
188 1315 359 1363 propter
388 1306 632 1348 2⁷obfusami
666 1306 897 1362 caliginem,
930 1322 1056 1362 quam
1092 1307 1301 1362 proelium,
1339 1324 1506 1364 exspec-

88 1372 227 1415 tasset,
269 1379 419 1420 magna
458 1372 578 1420 parte
617 1363 833 1407 hominum
877 1364 1011 1404 omnis
1050 1364 1212 1419 generis
1256 1365 1504 1420 pabulatum

87 1421 224 1471 missa,
260 1420 520 1476 aliquamdiu
552 1420 671 1476 inops
707 1419 864 1461 consilii
897 1419 1146 1476 trepidavit:
1193 1420 1356 1472 deinde,
1392 1431 1506 1478 post-

88 1493 214 1533 quam
235 1478 375 1518 nuncii
396 1478 622 1527 instabant,
645 1485 685 1518 et
710 1477 799 1533 jam
823 1478 930 1532 juga
954 1477 1158 1517 montium
1189 1478 1403 1520 detexerat
1433 1494 1505 1519 ne-

88 1534 203 1583 bula,
225 1542 265 1574 et
286 1534 329 1574 in
350 1545 572 1589 conspectu
594 1542 711 1574 erant
734 1533 1002 1582 Macedones,
1024 1533 1066 1573 in
1088 1534 1299 1574 tumulum
1327 1534 1506 1576 maxime

93 1591 253 1631 editum
283 1590 392 1631 inter
421 1591 522 1631 alios
543 1589 760 1645 compulsi,
782 1590 872 1630 loco
894 1605 935 1630 se
963 1589 1110 1644 magis,
1132 1606 1258 1646 quam
1280 1591 1418 1641 armis,
1440 1600 1507 1633 tu-

92 1655 251 1694 tantes;
285 1646 623 1688 committendam
644 1661 784 1687 rerum
806 1661 1007 1687 summam
1039 1646 1081 1686 in
1102 1647 1321 1687 discrimen
1342 1655 1507 1689 utcum-

91 1719 174 1759 que
194 1711 325 1753 ratus,
347 1719 397 1743 ne
427 1703 557 1759 partis
587 1703 811 1743 indefensae
835 1704 1003 1758 jactura
1033 1703 1164 1754 fieret,
1189 1704 1506 1760 Athenagoram

93 1761 242 1801 ducem
262 1760 450 1800 mercede
481 1759 752 1801 militantium
773 1774 869 1800 cum
890 1759 1096 1809 omnibus,
1118 1768 1272 1816 praeter
1303 1761 1505 1812 Thracas,

92 1817 273 1867 auxiliis,
295 1824 336 1857 et
356 1817 549 1872 equitatu
572 1816 854 1857 Macedonum
879 1831 926 1857 ac
949 1816 1247 1858 Thessalorum
1267 1817 1410 1859 mittit.
1442 1834 1509 1859 eo-

91 1889 186 1914 rum
216 1874 399 1914 adventu
422 1873 585 1929 depulsi
606 1874 658 1914 ab
677 1874 785 1929 jugo
815 1874 996 1914 Romani
1027 1888 1108 1914 non
1129 1882 1226 1915 ante
1246 1875 1506 1925 restiterunt,

93 1945 220 1985 quam
254 1931 298 1971 in
328 1930 557 1986 planiorem
590 1930 740 1971 vallem
770 1938 1018 1986 perventum
1048 1938 1124 1971 est.
1183 1931 1248 1971 Ne
1278 1931 1410 1972 effusa
1438 1931 1509 1972 de-

94 1987 365 2028 truderentur
396 1987 513 2042 fuga,
545 1987 775 2043 plurimum
808 1987 851 2027 in
888 1987 1044 2028 AEtolis
1078 1987 1292 2043 equitibus
1323 1988 1507 2044 praesidii

93 2043 188 2084 fuit.
220 2043 253 2084 is
274 2043 395 2098 longe
417 2051 506 2084 tum
537 2044 720 2100 optimus
741 2059 868 2099 eques
888 2044 931 2084 in
955 2043 1119 2085 Graecia
1138 2051 1226 2085 erat
1243 2061 1254 2092 3
1287 2044 1428 2101 pedite
1448 2045 1510 2086 in-

95 2108 157 2141 ter
177 2100 383 2141 finitimos.
393 2099 678 2142 vincebantur.

152 2157 283 2197 VIII.
305 2156 339 2180 ²⁸
348 2157 506 2198 Laetior
526 2173 604 2207 res,
626 2173 751 2212 quam
779 2173 857 2213 pro
887 2173 1077 2198 successu
1106 2173 1276 2214 pugnae,
1296 2158 1507 2210 nunciata,
1523 2173 1708 2205 Universum

94 2229 226 2269 quum
254 2213 322 2254 alii
355 2229 479 2270 super
508 2213 608 2254 alios
638 2223 895 2255 recurrentes
925 2230 976 2255 ex
1007 2215 1154 2270 proelio
1183 2215 1422 2266 clamarent,
1443 2216 1510 2257 fu-
1523 2222 1689 2249 certamen.

93 2286 190 2326 gere
224 2270 399 2326 pavidos
434 2271 660 2320 Romanos,
690 2271 871 2311 invitum
906 2279 947 2312 et
983 2272 1340 2323 cunctabundum,
1372 2280 1412 2313 et
1449 2273 1511 2314 di-

96 2335 255 2368 centem
291 2335 444 2368 temere
475 2327 580 2377 fieri,
610 2342 693 2367 non
728 2327 863 2367 locum
896 2328 973 2368 sibi
1008 2328 1184 2383 placere,
1215 2344 1298 2369 non
1328 2337 1509 2385 tempus,

94 2383 293 2440 perpulit,
315 2391 364 2424 ut
394 2383 588 2425 educeret
608 2399 749 2424 omnes
779 2383 917 2439 copias
945 2384 987 2424 in
1017 2385 1157 2435 aciem.
1221 2386 1340 2426 Idem
1362 2394 1403 2428 et
1426 2387 1512 2427 Ro-

95 2455 256 2490 manus,
278 2439 409 2495 magis
438 2440 694 2490 necessitate,
715 2455 843 2496 quam
872 2441 1083 2482 occasione
1112 2457 1267 2497 pugnae
1296 2442 1510 2493 inductus,

98 2495 206 2538 fecit.
252 2496 448 2539 dextrum
485 2512 628 2548 cornu,
663 2496 894 2553 elephantis
927 2504 1024 2538 ante
1059 2498 1177 2554 signa
1206 2499 1435 2551 instructis,
1467 2500 1509 2540 in

670 2593 680 2617 i
695 2596 816 2638 effusam
831 2596 928 2627 Gron.

142 2694 184 2723 26
218 2694 302 2724 Mille
326 2696 451 2736 pedites]
490 2696 590 2736 Leges
621 2696 717 2726 velites
745 2707 782 2727 ex
869 2697 911 2727 28
944 2695 1051 2726 Laetior
1084 2707 1138 2732 res,
1175 2708 1262 2736 quam
1292 2708 1347 2736 pro
1380 2705 1509 2726 successu

101 2735 242 2776 Polybio,
257 2736 309 2777 qui
332 2737 426 2769 habet
450 2738 506 2769 ’νῦν
529 2738 651 2778 signium
670 2739 706 2774 ιῖς
728 2752 781 2780 χι·
823 2749 943 2780 pugnoe‚
967 2740 1124 2779 nuncium]
1148 2739 1253 2774 Aucta
1273 2749 1320 2769 res
1343 2739 1373 2768 in
1396 2737 1507 2779 majus,

101 2778 176 2812 21⁸5.
827 2787 858 2813 et
880 2781 977 2812 laetior
1000 2782 1148 2812 nunciata
1170 2782 1243 2822 regi,
1260 2791 1353 2821 quam
1374 2785 1509 2821 quantus

143 2822 183 2851 27
223 2820 353 2862 Offusam
395 2823 565 2865 caliginem]
610 2823 660 2855 Sic
702 2829 783 2856 recte
825 2829 892 2855 erat
920 2834 1031 2865 pugnae
1061 2834 1231 2859 successuS‚
1260 2833 1354 2864 quam
1391 2828 1509 2865 quanta

104 2863 277 2895 Gronovius
287 2874 342 2907 pro
356 2865 487 2906 effusam.
826 2871 893 2898 erat
908 2866 950 2898 rei
963 2872 1057 2908 gestae
1072 2864 1264 2908 magnitudo.
