1947 3222
445 141 558 177 LIB.
590 138 783 176 XXXIX.
828 139 903 175 CA
920 139 958 176 P.
990 140 1227 178 XXXVIII.
1466 143 1541 178 4'33

0 291 10 303 Ἰ,
130 250 216 291 nesi
245 255 355 291 esset.
422 246 545 300 Tunc,
565 253 632 289 ittc
663 248 822 301 opinor,
845 248 882 288 si
903 248 1003 288 aliis
1026 249 1108 300 ipsi
1136 247 1287 302 legibus
1311 248 1537 300 viveremus,
1552 262 1594 294 U.
1606 263 1642 294 C.
1655 263 1729 294 568.

6 299 10 345 ι’
129 309 238 348 olias
253 308 342 348 istis
363 305 677 361 injunxissemus,
694 305 821 359 queri,
838 319 878 346 se
898 305 1038 359 iniquo
1044 304 1145 358 jure
1163 320 1257 354 esse,
1272 313 1309 347 et
1326 308 1541 363 indignari
1551 306 1640 338 A.c.
1660 307 1730 338 184.

5 355 9 468 l
123 371 300 417 possent.
359 365 451 406 Scio
470 378 554 417 egi),
578 362 660 415 Ap.
687 362 851 410 Claudi,
874 363 979 403 hanc
1007 363 1244 412 orationem,
1265 377 1345 417 qna
1365 379 1446 405 snm
1467 367 1540 406 ad-

128 423 202 463 lznc
221 437 324 471 usus,
346 434 470 475 neque
487 420 680 461 sociorum
696 421 809 473 apud
826 420 964 469 socios,
987 433 1112 474 neque
1130 418 1270 459 liberoe
1284 423 1419 474 gentis
1438 437 1538 463 esse.-

3 470 8 577 J
125 480 197 520 sed
214 494 303 520 vere
321 477 539 520 servoman
560 478 869 530 disceptantium
889 478 1002 530 apud
1020 477 1212 517 dominos.
1263 476 1387 527 Nam,
1404 479 1440 518 si
1459 493 1540 520 non

126 550 233 577 vana
255 538 328 577 illa
347 534 470 575 κνοω
485 536 687 588 praeconis
694 535 804 588 ficit,
827 549 906 589 qna
926 535 1072 576 liberos
1092 548 1172 576 esse
1190 535 1361 575 omnium
1384 536 1541 587 primos

128 594 292 634 Actaeos
309 591 498 646 jussistis,
520 593 557 633 si
567 592 713 646 foedus
731 598 863 633 ratum
885 598 955 641 est,
976 593 1013 633 si
1031 593 1200 632 societas
1218 597 1258 632 et
1277 592 1461 632 amicitia
1492 607 1541 633 εχ

127 664 240 704 <equo
259 650 502 698 observatur,
517 664 588 690 cur
603 663 690 704 eg0,
706 650 818 704 quid,
836 650 979 702 Capua
999 656 1136 703 capta,
1136 648 1330 703 feceritis
1344 650 1540 699 Romani,

126 722 204 747 non
225 721 383 761 qucer0;
407 722 473 747 vos
493 708 689 747 rationem
710 708 932 760 reposcitis,
949 708 1049 761 qnid
1064 707 1207 747 Aclzoei
1221 707 1543 748 Lacedaemoniis

125 764 226 804 bello
256 765 370 806 victis
381 764 632 819 fecerimus?
666 764 877 819 Interfecti
905 765 1039 818 aliqui
1065 770 1178 810 sunt,·
1194 764 1328 819 finge,
1357 778 1384 804 a
1414 764 1541 806 nobis.

130 820 243 870 Quid
255 825 276 861 ἓ
304 836 370 863 vos
389 828 591 863 senatores
610 822 837 875 Campanos
850 825 980 863 securi
993 836 1070 862 non
1083 822 1370 875 percussistis?
1396 821 1543 863 Muros

125 880 337 921 diruimus.
369 894 435 920 vos
454 893 534 919 non
555 893 685 920 muros
699 886 870 930 tantum,
886 881 957 920 sed
974 879 1105 920 urbem
1128 885 1166 919 et
1185 893 1306 932 agros
1321 879 1540 920 ademistis.

124 937 279 989 Specie,
298 937 445 991 inquis,
462 951 615 991 (equum
631 943 688 978 est
691 937 855 991 foedus:
878 952 921 977 re
936 938 1048 990 apud
1068 936 1233 977 Aclzaeos
1248 935 1282 962 ³⁷
1282 937 1477 989 precaria
1492 938 1543 977 li-

126 994 291 1044 hertas‘,
312 995 424 1047 apud
443 994 647 1035 Romanos
666 996 788 1035 etiam
809 995 1021 1047 imperium
1042 1001 1112 1034 est.
1170 994 1322 1041 Sentio,
1341 993 1470 1047 Appi,
1489 999 1540 1043 et,

125 1052 162 1091 si
181 1066 259 1092 non
278 1058 448 1105 oportet,
464 1066 543 1092 non
559 1051 751 1106 indignor
758 1074 772 1098 ;
796 1053 878 1102 sed,
894 1066 964 1092 oro
977 1065 1058 1100 vos,
1075 1050 1364 1105 quantumlibet
1381 1052 1543 1091 intersit

127 1109 236 1149 inter
250 1110 456 1150 Romanos
476 1115 514 1149 et
528 1109 707 1158 Achoeos,
722 1111 836 1149 modo
851 1123 900 1148 ne
916 1110 959 1149 in
975 1122 1087 1162 oequo
1106 1109 1234 1148 hostes
1254 1108 1378 1148 vestri
1398 1110 1544 1148 nostri-

126 1180 201 1219 que
229 1168 342 1220 apud
369 1179 438 1207 vos
465 1167 559 1215 sint,
581 1180 632 1206 ac
660 1180 731 1206 nos
759 1167 858 1206 socii
866 1188 880 1211 ,·
915 1166 1032 1206 immo
1062 1179 1112 1205 ne
1141 1165 1305 1204 meliore
1325 1163 1427 1218 jure
1445 1166 1541 1205 sint.

130 1224 250 1274 Nam,
271 1230 315 1264 nt
335 1225 378 1264 in
399 1237 511 1277 oequo
526 1229 664 1271 essent,
683 1223 947 1277 nosfecimus,
965 1236 1080 1276 quum
1102 1223 1207 1276 leges
1223 1223 1275 1262 iis
1295 1227 1455 1262 nostras
1474 1223 1543 1262 de—

124 1282 254 1321 dimus
261 1303 275 1328 ;
308 1295 439 1335 quum,
461 1286 505 1321 ut
525 1280 669 1321 Achoei
693 1281 855 1321 concilii
875 1287 1014 1328 essent,
1038 1280 1245 1335 effecimus.
1307 1279 1464 1327 Parum
1485 1285 1545 1320 est

125 1339 252 1385 victis,
270 1339 378 1392 quod
396 1338 610 1379 victoribus
623 1338 723 1378 satis
739 1344 808 1378 est.
823 1339 918 1391 plus
927 1339 1138 1391 postulunt
1152 1337 1292 1386 hostes,
1308 1350 1427 1390 qnam
1443 1338 1544 1377 socii

123 1396 285 1436 habent.
320 1393 716 1448 Quoejurejnrando,
735 1409 823 1449 quce
837 1395 1099 1436 monumentis
1112 1395 1323 1435 literarum
1340 1395 1383 1433 in
1403 1395 1544 1447 lapide

124 1453 333 1506 insculptis
354 1454 394 1493 in
415 1459 607 1493 aeternam
637 1453 863 1493 memoriam
883 1458 1024 1493 sancta
1044 1458 1165 1505 atque
1184 1456 1346 1492 sacrata
1367 1457 1472 1503 sunt,
1494 1465 1543 1492 ea

123 1524 210 1550 cnm
237 1510 433 1564 perjurio·
465 1516 600 1550 nostro
634 1511 774 1550 tollere
799 1515 971 1563 parant.
1037 1509 1078 1550 V
1073 1522 1227 1549 eremur
1265 1508 1423 1562 quidem
1458 1522 1540 1558 vos,

127 1568 321 1618 Romani,
343 1574 394 1614 et,
415 1566 451 1608 si
471 1568 532 1607 ita
562 1567 696 1617 meltis,
718 1567 842 1607 etiam
871 1567 1066 1607 timemus:
1096 1567 1167 1607 sed
1186 1567 1283 1619 plus
1302 1571 1341 1606 et
1360 1579 1542 1606 veremur

125 1630 165 1664 et
191 1624 368 1665 timemus
391 1626 503 1665 Deos
530 1625 775 1665 inmortales.
836 1625 942 1665 Cum
974 1622 1152 1664 adsensu
1181 1622 1374 1663 maximae
1408 1622 1540 1678 partis

129 1689 191 1722 est
226 1681 411 1731 auditus,
442 1689 482 1723 et
518 1681 706 1723 locutum
740 1695 881 1722 omnes
913 1696 991 1737 pro
1024 1681 1241 1737 majestate
1269 1679 1540 1735 magistratus

126 1738 371 1780 censebant:
403 1746 452 1780 ut
482 1737 602 1779 facile
631 1737 865 1794 adpareret,
886 1737 1066 1779 molliter
1099 1736 1262 1792 agendo
1290 1734 1538 1792 dignitatem

126 1810 243 1836 suam
265 1804 404 1837 tenere
425 1796 636 1836 Romanos
665 1809 748 1836 non
777 1810 908 1851 posse.
970 1795 1086 1836 Tum
1107 1794 1292 1850 Appius,
1312 1794 1482 1833 suadere
1499 1807 1541 1834 se

123 1865 366 1907 magnopere
385 1852 559 1901 Achaeis,
581 1851 703 1901 dixit,
720 1858 777 1901 ut,
799 1853 890 1892 dum
911 1852 1050 1892 liceret
1069 1852 1274 1892 voluntate
1292 1864 1364 1891 sua
1378 1850 1540 1904 fizcere,

123 1907 342 1963 ³⁸g7·atiam
366 1910 529 1963 inirent,
551 1923 601 1949 ne
620 1924 710 1949 mox
730 1910 853 1951 inviti
873 1915 911 1950 et
930 1909 1059 1950 coacti
1059 1909 1269 1963 facerent.
1330 1908 1437 1948 Haec
1458 1922 1540 1948 vox

126 1962 272 2007 a‘udita
291 1966 461 2022 quidem
484 1981 579 2007 cum
607 1965 792 2007 omnium
821 1966 981 2021 gemitu
1011 1974 1088 2016 est,
1110 1965 1182 2007 sed
1211 1972 1368 2006 metum
1399 1963 1541 2020 injecit

126 2022 327 2078 imperata
365 2022 594 2064 recusandi.
640 2022 683 2063 id
723 2022 848 2063 modo
886 2022 1112 2079 petierunt,
1143 2028 1187 2062 nt
1221 2022 1415 2070 Romani,
1451 2035 1541 2074 quse

124 2080 367 2130 viderentur,
395 2081 445 2121 de
463 2081 791 2121 -Lacedaemoniis
820 2085 1035 2129 mutarent,
1056 2093 1127 2119 nec
1151 2079 1316 2120 Achaeos
1343 2079 1541 2131 religione

125 2136 418 2191 obstringerent
448 2138 573 2178 irrita
594 2152 655 2184 ea,
684 2150 773 2190 quae
795 2136 1062 2189 jurejurando
1089 2135 1537 2190 sanxissint,fi²ciendi.

128 2193 341 2235 damnatio
369 2202 533 2236 tantum
554 2194 658 2235 Arei
684 2202 726 2236 et
747 2192 996 2244 Alcibiadis,
1017 2209 1116 2250 quae
1145 2207 1278 2249 nuper
1303 2192 1415 2234 facta
1435 2200 1537 2241 erat,

131 2250 297 2292 sublata
317 2259 390 2292 est.

185 2308 469 2349 XXXVIII.
502 2308 651 2349 Romae
685 2306 890 2363 principio
924 2307 1015 2364 ejus
1048 2306 1160 2358 anni,
1191 2321 1325 2363 quum
1360 2306 1412 2347 de
1442 2321 1536 2362 pro·
1551 2316 1731 2348 Provinciae.

130 2364 273 2406 v'mciis
301 2364 519 2406 consulum
549 2372 591 2406 et
621 2373 850 2421 praetorum
881 2372 1021 2406 actum
1051 2372 1172 2413 esset,
1193 2363 1433 2404 consulibus
1464 2362 1537 2403 Li.

128 2435 266 2475 gures,
287 2421 388 2477 quia
406 2421 565 2463 bellum
594 2435 800 2477 nusquam
830 2420 929 2462 alibi
960 2428 1063 2472 erat,
1084 2420 1251 2462 decreti.
1312 2421 1534 2470 Praetores,

170 2511 186 2529 ‘'-
200 2516 235 2539 ut
249 2508 309 2540 del.
325 2510 420 2542 Gron.
438 2510 529 2542 Crev.
636 2510 653 2534 d
667 2520 812 2541 servorum
826 2511 922 2541 verius
938 2508 1027 2540 Eaed.
1132 2511 1147 2529 θ
1167 2520 1283 2551 oeqnum
1298 2515 1338 2540 est
1341 2508 1445 2551 foedus
1456 2510 1535 2547 apud

131 2552 258 2588 Achaeos,
272 2562 305 2583 re
315 2555 449 2592 precaria
463 2554 595 2584 libertas.-
619 2553 707 2585 Eaed.

174 2630 315 2661 36*1⁷01
343 2634 482 2670 praecom's
503 2655 511 2664 .
535 2655 543 2663 .
567 2655 574 2664 .
599 2656 607 2664 .
630 2645 686 2674 qua
714 2633 814 2663 liberos
854 2642 923 2674 quae
945 2641 1007 2663 non
1030 2631 1150 2674 proprio
1173 2631 1252 2673 jure,
1273 2629 1402 2674 propriis
1423 2628 1537 2659 viribus

132 2683 187 2703 esse
223 2674 352 2703 omnium
385 2676 490 2712 primos
522 2677 639 2706 Achoeos
665 2675 811 2717 jussistis]
854 2680 1005 2710 teneatur,
1020 2674 1075 2706 sed
1093 2684 1174 2716 quae,
1189 2675 1273 2706 velut
1294 2684 1331 2704 ea
1346 2682 1413 2713 quae
1438 2671 1535 2713 preci-

134 2715 241 2745 Achaei
262 2715 316 2746 illa
339 2725 412 2746 voce
436 2719 585 2758 praeconis
609 2719 733 2749 omnino
758 2728 812 2749 no·
854 2719 913 2749 bus
937 2718 1102 2760 impetrata
1122 2722 1204 2754 sunt,
1224 2716 1358 2758 pendeat
1377 2725 1413 2745 ex
1436 2713 1537 2744 alieno

134 2757 242 2788 minati
285 2768 346 2788 non
387 2758 519 2791 fuerunt.
568 2762 641 2792 Non
674 2761 813 2792 videmus
856 2760 989 2792 arbitrio.

133 2799 285 2840 quomodo
300 2800 422 2831 Livium
438 2801 488 2832 hie
508 2812 526 2832 a
548 2803 636 2845 lapsu
660 2803 813 2835 memoriae
898 2803 1114 2834 38³¹Gratz’am
1139 2800 1261 2840 inirent]
1293 2798 1445 2834 Gratiam,
1468 2804 1536 2827 tan-

134 2843 301 2873 immunem
316 2842 529 2875 defendamus.
857 2856 951 2887 quam
972 2844 1143 2876 voluntarie
1165 2842 1338 2883 obsequuti‚
1362 2840 1418 2872 sibi
1445 2850 1535 2882 para-

191 2886 229 2915 37
246 2887 265 2906 *
283 2885 421 2916 Precaria
473 2887 602 2927 libertas]
664 2889 814 2926 Libertas,
858 2894 925 2920 rent
938 2887 1021 2928 apud
1039 2887 1205 2917 Romanos.

192 2941 285 2967 vot.
310 2941 378 2967 111.
918 2944 945 2969 F
966 2930 987 2969 f
