1947 3222
164 250 204 280 U.
217 251 253 280 C.
267 250 339 280 560.

161 292 203 323 A.
217 293 255 324 C.
271 293 341 324 192.

158 873 265 915 Legati
282 874 346 905 Ro-

159 927 242 946 nlanl
259 928 290 947 ln

158 959 308 990 Aitoliam

159 1008 246 1033 eunt.

155 1605 254 1637 AEtoli
272 1617 323 1636 vo-

154 1649 289 1683 candum

155 1691 346 1722 Antiochum

153 1734 331 1765 decernunt.

374 134 450 172 218
902 127 1283 188 2r1'r1L1vIl

378 237 611 278 universam
649 237 856 279 Graeciam
892 239 945 278 T.
970 238 1170 288 Quinctii,
1206 237 1529 286 admonuerunt,
1563 249 1614 277 ne
1645 242 1789 278 temere

375 308 462 334 eom
493 295 698 335 celeritate
728 296 854 335 nimia
891 296 1145 335 consiliorum
1176 300 1408 335 everterent.
1469 291 1500 315 ²¹
1511 293 1693 339 Consilia
1723 308 1790 334 ca-

373 353 462 391 lida
484 357 522 392 et
540 353 716 392 audacia
729 353 870 405 prima
890 353 1018 404 specie
1037 353 1147 399 laeta,
1166 351 1384 392 1²tractatu
1403 351 1522 399 dura,
1538 356 1679 390 eventu
1697 352 1790 391 tris-

372 409 436 449 tia
456 422 546 449 esse.
575 410 729 463 legatos
750 410 967 458 Romanos,
986 415 1023 448 et
1044 409 1087 448 in
1109 409 1161 448 iis
1188 408 1236 448 T.
1258 407 1504 456 Quinctium,
1521 408 1632 447 haud
1645 408 1790 459 procul

373 466 467 505 inde
487 465 632 507 abesse.
684 466 794 506 Dum
817 467 977 519 integra
999 465 1133 505 omnia
1154 472 1292 513 essent,
1311 465 1439 506 verbis
1453 465 1592 517 potius
1612 463 1700 504 13αέ
1720 465 1786 515 iis,

372 536 462 576 quae
483 522 795 576 ambigerentur,
819 523 1102 574 disceptarent,
1126 536 1242 575 quam
1263 522 1407 563 Asiam
1428 523 1715 575 Europamque
1733 523 1792 562 od

354 581 566 634 funestum
589 585 796 619 armarent
815 579 970 619 bellum.

432 637 675 677 XXXIII.
709 635 949 676 Multitudo
978 634 1101 676 avida
1129 635 1309 676 novandi
1349 651 1428 685 res,
1460 635 1660 677 Antiochi
1693 643 1785 678 tota

373 701 486 734 erat:
534 700 574 733 et
609 707 668 732 ne‘
696 691 977 733 admittendos
1018 691 1189 747 quidem
1228 693 1272 732 in
1312 691 1532 733 concilium
1575 692 1786 734 Romanos

372 748 606 790 censebant.
657 748 894 804 principum
935 749 1116 789 maxime
1164 749 1343 790 seniores
1391 748 1639 790 auctoritate
1678 749 1787 791 obti-

371 820 513 855 nuere,
537 813 585 846 ut
607 805 778 846 daretur
799 805 848 846 iis
869 805 1101 846 concilium.
1154 806 1249 845 Hoc
1270 805 1484 846 decretum
1506 806 1785 847 Athenienses

371 877 504 917 quum
533 861 787 912 retulissent,
810 862 996 902 eundum
1025 862 1067 902 in
1090 861 1292 903 AEtoliam
1316 861 1511 911 Quinctio
1539 863 1676 903 visum
1707 871 1781 904 est.

371 920 466 959 Aut
496 919 605 959 enim
627 926 840 960 moturum
868 918 1047 975 aliquid,
1069 926 1143 959 aut
1164 933 1306 959 omnes
1325 917 1512 959 homines
1533 926 1658 960 testes
1677 919 1782 970 fore,

370 990 496 1031 penes
523 975 691 1016 AEtolos
719 975 818 1016 belli
849 975 1014 1031 culpam
1046 991 1154 1016 esse:
1195 976 1406 1016 Romanos
1429 975 1548 1030 justa
1575 990 1622 1016 ac
1653 991 1784 1032 prope

370 1032 598 1073 necessaria
618 1040 829 1082 sumturos
850 1048 975 1073 arma.
1002 1032 1005 1037 '
1023 1033 1253 1087 Postquam
1274 1040 1444 1073 ventum
1467 1039 1529 1072 est
1550 1047 1612 1080 eo,
1631 1033 1785 1082 Quinc-

371 1089 458 1129 tius
490 1089 532 1129 in
562 1089 749 1138 concilio,
771 1105 890 1130 orsus
911 1105 935 1130 a
955 1089 1158 1145 principio
1190 1088 1395 1130 societatis
1422 1087 1664 1129 AEtolorum
1686 1104 1782 1130 cum

372 1145 586 1195 Romanis,
609 1154 650 1186 et
681 1146 844 1201 quoties
874 1147 927 1186 ab
958 1146 1006 1186 iis
1036 1146 1139 1186 fides
1168 1154 1282 1187 mota
1310 1145 1478 1186 foederis
1507 1154 1627 1195 esset,
1650 1161 1783 1201 pauca

370 1201 422 1242 de
436 1202 534 1258 jure
550 1202 799 1252 civitatium,
816 1203 867 1243 de
884 1203 1040 1258 quibus
1055 1203 1352 1258 ambigeretur,
1370 1202 1577 1243 disseruit.
1619 1203 1667 1243 Si
1685 1204 1784 1256 quid

368 1266 500 1299 tamen
518 1260 622 1313 aequi
636 1274 677 1300 se
696 1259 842 1300 habere
862 1260 1180 1309 arbitrarentur,
1198 1266 1346 1313 quanto
1367 1274 1446 1300 esse
1465 1261 1592 1300 satius
1611 1260 1781 1300 Romam

367 1317 525 1356 mittere
553 1318 718 1370 legatos,
748 1331 815 1357 seu
846 1318 1085 1369 disceptare,
1111 1331 1177 1357 seu
1207 1331 1357 1370 rogare
1384 1322 1563 1357 senatum
1593 1318 1755 1356 mallent
1762 1339 1778 1364 ,-

365 1387 482 1426 quam
496 1375 688 1427 populum
713 1374 933 1414 Romanum
955 1388 1039 1414 cum
1062 1374 1275 1422 Antiocho,
1294 1373 1492 1414 “lanistis
1513 1373 1683 1423 AEtolis,
1700 1388 1779 1414 non

364 1432 451 1470 sine
467 1437 569 1470 motu
585 1446 764 1485 magno&
747 1433 901 1472 veneris
916 1432 1093 1479 humani,
1112 1437 1150 1470 et
1160 1432 1347 1484 pernicie
1366 1432 1538 1471 Grcecz'ae
1553 1432 1777 1471 dimicare?

365 1502 435 1527 nec
455 1489 555 1528 ullos
568 1490 686 1541 prius
705 1490 856 1528 cladem
876 1488 957 1541 ejus
987 1489 1083 1528 belli
1108 1502 1301 1535 sensuros,
1325 1502 1442 1541 quam
1463 1489 1534 1541 qui
1553 1489 1775 1530 movissent.

366 1545 472 1585 Haec
504 1545 788 1600 nequidquam
822 1545 938 1586 velut
968 1544 1217 1586 vaticinatus
1245 1546 1472 1585 Romanus.
1535 1545 1678 1586 Thoas
1707 1545 1778 1586 de-

364 1601 461 1642 inde
481 1602 691 1657 ceterique
719 1601 911 1643 factionis
941 1602 1143 1657 ejusdem,
1165 1617 1258 1642 cum
1289 1601 1465 1642 adsensu
1496 1601 1681 1642 omnium
1703 1617 1777 1642 au-

364 1658 456 1708 diti,
485 1658 766 1714 pervicerunt,
796 1666 858 1708 ut,
891 1658 980 1699 1⁵ne
1008 1658 1137 1701 dilato
1161 1658 1331 1714 quidem
1352 1659 1538 1709 concilio,
1561 1667 1602 1699 et
1629 1659 1776 1699 absen-

363 1716 477 1756 tibus
505 1715 718 1765 Romanis,
740 1715 953 1756 decretum
981 1715 1055 1756 fiei
1057 1723 1112 1764 et
1135 1730 1220 1770 quo
1241 1724 1516 1757 arcesseretur
1537 1715 1775 1757 Antiochus

363 1772 417 1812 ad
445 1772 701 1813 liberandam
741 1772 962 1822 Graeciam,
993 1772 1356 1827 disceptatumque
1392 1773 1500 1813 inter
1537 1772 1702 1813 AEtolos
1732 1780 1773 1814 et

364 1829 586 1870 Romanos.
650 1829 766 1870 Huic
806 1837 891 1870 tam
933 1828 1112 1885 superbo
1153 1827 1318 1869 decreto
1357 1828 1520 1870 addidit
1560 1829 1772 1893 propriam

362 1885 654 1926 contumeliam
682 1885 950 1926 Damocritus
979 1893 1135 1941 praetor
1165 1899 1320 1925 eorum.
1353 1900 1447 1925 nam
1478 1900 1609 1941 quum
1639 1885 1682 1925 id
1710 1886 1772 1941 ip-

363 1957 454 1982 sum
485 1942 695 1983 decretum
729 1950 915 2007 posceret
945 1958 1041 1982 eum
1074 1941 1314 1991 Quinctius,
1335 1957 1418 1982 non
1445 1943 1604 1983 v·e1itus
1624 1942 1772 1997 majes-

363 2007 490 2040 tatem
506 1999 600 2049 viri,
618 2001 733 2039 aliud
753 2014 796 2039 ιη
812 2001 1048 2052 prcesentia,
1066 2000 1171 2053 quod
1185 2000 1315 2052 magis
1336 2000 1519 2048 instaret,
1530 2006 1775 2051 praeverten-

362 2057 452 2095 dum
477 2057 556 2096 sibi
584 2071 678 2107 esse,
701 2056 833 2098 dixit:
868 2058 1060 2098 decretum
1091 2070 1392 2109 responsumque
1422 2056 1533 2097 brevi
1563 2057 1606 2096 in
1627 2056 1773 2106 Italia,

362 2114 505 2154 castris
532 2128 652 2167 super
680 2114 814 2168 ripam
855 2113 1013 2155 Tiberis
1036 2114 1198 2168 positis,
1234 2114 1435 2153 daturum.
1481 2121 1624 2156 tantus
1654 2113 1773 2154 furor

408 2274 440 2304 11
477 2275 549 2304 Cin.
547 2277 603 2306 ilia
640 2277 753 2324 calide]
791 2276 841 2307 Si(
866 2276 927 2316 legi
956 2276 1047 2318 jussit
1092 2275 1295 2311 mittentibus,
1333 2274 1570 2306 subornantibus
1604 2272 1634 2303 in
1669 2280 1768 2305 certa-

364 2316 548 2352 Gronovius,
572 2330 667 2359 quum
692 2320 775 2361 prius
800 2319 963 2349 haberetur
986 2321 1046 2349 cal·
1092 2329 1183 2356 men;
1221 2318 1480 2360 quemadmodum
1502 2317 1620 2347 lanistae
1648 2316 1768 2357 gladia-

362 2361 432 2389 lida.
496 2360 633 2391 Firmant
677 2362 755 2392 hanc
800 2362 1046 2393 emendationem
1091 2367 1190 2391 torum
1205 2362 1292 2403 paria
1312 2361 1389 2391 inter
1411 2371 1443 2391 se
1465 2365 1654 2401 comparant,
1669 2366 1699 2390 et
1715 2359 1768 2390 de-

362 2412 441 2432 unus
464 2412 480 2432 e
505 2404 596 2435 MSS.
622 2405 762 2439 Ilearnii,
787 2411 816 2436 ct
839 2411 940 2435 noster
966 2407 990 2436 I
996 2406 1046 2435 ict.
1091 2415 1228 2446 pugnare.
1247 2404 1367 2445 jubent
1412 2403 1461 2433 Sic
1485 2413 1516 2432 m
1544 2403 1602 2443 Ep.
1628 2402 1768 2439 Antonii,

363 2445 403 2474 Et
429 2445 493 2486 ipse
520 2447 622 2477 Livius
646 2458 739 2488 supra
764 2448 786 2479 l.
812 2448 920 2478 XXII.
944 2458 971 2478 c.
991 2449 1044 2478 24.
1089 2448 1171 2488 apud
1196 2447 1262 2477 Cic.
1286 2446 1367 2477 Phil.
1383 2446 1480 2476 XIII.
1495 2456 1525 2476 n.
1541 2446 1591 2475 40.
1622 2444 1667 2475 Ne
1691 2447 1768 2476 iide-

362 2489 616 2529 Agitubanznrqne
649 2501 701 2529 pro
730 2493 844 2531 iugenio
870 2492 952 2521 mincis
977 2502 1043 2521 ειιιι-
1088 2497 1130 2521 rel
1161 2492 1248 2520 unius
1280 2500 1354 2527 cor-«p
1349 2490 1404 2518 nris
1438 2490 1511 2518 «luas
1543 2489 1626 2522 acics,
1662 2489 1769 2518 l‹1ni.ta

359 2532 426 2560 sitia
439 2532 504 2561 culi«
507 2533 543 2561 Ιίιι
530 2544 588 2562 ιι.ι·ιι
1088 2534 1234 2566 Cicemue,
1249 2533 1427 2562 dimicantes.

408 2573 749 2617 12*’“·ι1ιιιιιιιιιιιιιινιι]
796 2577 881 2606 Dum
909 2580 1043 2606 tractari·
1133 2575 1254 2605 15¹⁶Ne
1295 2575 1386 2604 dilato
1428 2575 1541 2613 quidem
1583 2574 1703 2603 concilia
1741 2580 1769 2603 et

360 2621 419 2651 tur,
435 2616 507 2647 dum
531 2618 570 2648 ad
586 2618 728 2649 effectum
749 2618 966 2660 perducuntur,
983 2618 1042 2648 dis·
1085 2620 1245 2648 absentibus
1268 2616 1420 2656 Romanis]
1453 2617 1501 2646 Ne
1523 2615 1619 2646 dilato
1641 2616 1767 2657 quidem

359 2659 452 2690 ficilia
467 2666 496 2691 et
510 2661 648 2692 molesta
1085 2660 1225 2694 concilio.
1249 2670 1286 2689 ne
1313 2668 1408 2701 parva
1436 2658 1560 2699 quidem
1588 2658 1768 2700 interposita

408 2703 443 2732 13
470 2704 514 2734 De
539 2706 574 2734 iis
598 2716 663 2744 qnoe
691 2704 922 2744 ambigerentur]
969 2705 995 2735 Χ
1002 2703 1042 2733 id.
1087 2714 1182 2738 mora,
1207 2702 1304 2733 donec
1332 2702 1472 2731 absentes
1493 2706 1596 2731 essent
1622 2701 1767 2732 Romani.

359 2755 429 2784 quae
460 2746 517 2776 hac
545 2746 583 2777 de
612 2758 642 2777 re
673 2747 852 2777 memoravit
882 2746 995 2781 livius,
1022 2746 1043 2776 1.
1087 2746 1208 2780 Statim,
1237 2754 1339 2775 coram
1368 2743 1441 2786 ipsis
1471 2743 1630 2779 Romanis
1661 2744 1766 2775 decre—

361 2787 524 2857 XXXIII.
537 2800 628 2832 capp.
639 2791 690 2821 34.
703 2796 733 2820 et
744 2791 794 2820 4¹).
807 2790 869 2819 etl.
886 2790 1042 2819 xxxu.
1087 2795 1151 2818 tum
1167 2788 1199 2817 fit
1214 2798 1274 2828 quo
1297 2793 1466 2818 arcessatur
1486 2786 1516 2816 in
1533 2786 1685 2817 Graeciam
1700 2787 1767 2818 An-

381 2831 457 2861 .23.
1087 2830 1215 2864 tint-bus
1246 2830 1420 2871 bellunique
1453 2829 1578 2870 proinde
1605 2840 1673 2859 cum
1704 2830 1766 2860 Ro-

406 2873 441 2902 14
482 2874 608 2906 Ῑιιίιιλί.
643 2876 764 2916 .Elclt'.]
812 2874 924 2906 ,titolis
959 2884 1041 2904 com-
1087 2874 1347 2904 nianissuinatur.
