1947 3222
502 130 626 167 Llss.
657 127 893 166 XXXVIII.
931 128 1066 166 CAP.
1097 131 1168 167 XI.
1480 135 1555 169 345

139 241 258 294 ginta.
286 239 425 295 pondo
454 238 682 280 dederunt:
716 236 835 292 signa
854 251 969 277 aenca
988 251 1300 293 marmoreaque
1328 248 1369 281 et
1400 240 1555 282 tabulae
1570 252 1660 285 U.C.
1676 252 1749 284 563.

142 297 281 352 pictae,
312 296 467 351 quibus
504 293 687 335 ornatior
726 293 965 343 Ambracia,
1004 292 1124 348 (quia
1159 295 1273 349 regia
1306 295 1364 336 ibi
1402 297 1557 353 Pyrrhi
1571 295 1610 327 Α·
1623 296 1749 328 C.189.

141 353 298 407 fuerat)
317 367 442 408 quam
464 359 611 392 ceterae
631 349 810 406 regionis
830 351 920 406 ejus
941 350 1066 391 urbes
1086 359 1218 401 erant,
1236 351 1401 393 sublata
1419 355 1559 399 omnia

142 418 285 451 avecta
318 425 380 449 ue.
412 407 515 448 nihil
534 414 738 462 praeterea
758 415 917 448 tactum
939 407 1205 449 violatumve.

202 466 260 506 X.
313 465 511 506 ‘rofectus
532 464 586 505 ab
609 464 835 505 Ambracia
864 463 1008 506 consul
1037 464 1080 504 in
1109 464 1410 506 mediterranea
1438 467 1559 508 AEto-

144 523 224 573 liae,
246 522 300 563 ad
320 523 460 577 Argos
482 520 848 578 „Amphilochium”
867 520 1035 576 (viginti
1058 520 1144 562 duo
1164 521 1294 562 millia
1309 522 1362 562 ab
1379 523 1559 564 Ambra?

144 580 207 620 cia
235 578 370 633 abest)
393 586 527 618 castra
556 578 709 634 posuit.
742 593 790 618 eo
820 578 989 619 tandem
1020 578 1143 633 legati
1177 578 1322 629 AEtoli‚
1343 577 1560 620 “mirante

144 635 323 684 consule,
352 634 466 690 quod
497 643 773 684 morarentur,
804 643 1021 677 venerunt.
1084 635 1205 685 Inde,
1235 644 1458 691 postquam
1490 636 1564 676 ad-

143 693 337 749 probasse
366 707 510 748 pacem
540 692 760 733 concilium
797 691 1040 732 AEtolorum
1075 693 1249 747 aceepit,
1275 693 1404 748 jussis
1436 694 1563 748 profi-

142 748 237 789 cisci
274 750 451 789 Romam
487 749 541 790 ad
577 757 781 799 senatum,
816 749 1114 805 permissoque,
1150 759 1198 791 ut
1234 758 1275 791 et
1313 749 1485 799 Rhodii,
1519 758 1562 790 et

141 805 440 847 Athenienses¹²
474 806 761 862 deprecatores
800 807 924 856 irent,
960 806 1074 856 dato,
1111 806 1186 862 qui
1223 806 1346 847 simul
1381 822 1476 847 cum
1511 807 1564 847 iis

142 862 487 918 proficisceretur,
511 865 558 904 C.
582 862 750 903 Valerio
779 863 923 913 fratre,
944 863 1032 918 ipse
1062 864 1106 904 in
1138 863 1451 920 Cephalleniam
1481 872 1565 905 tra-

137 919 252 976 jecit.
333 921 654 975 Praeoccupatas
694 935 814 961 aures
854 920 1097 975 animosque
1136 920 1371 976 principum
1414 922 1564 961 Romae

143 976 386 1018 criminibus
404 977 592 1033 Philippi
613 978 888 1025 invenerunt;
922 977 1012 1032 qui,
1035 993 1109 1033 per
1129 978 1302 1033 legatos,
1320 993 1394 1033 per
1408 978 1562 1026 literas,

142 1032 385 1089 ³⁵Dolopas,
424 1033 822 1089 Amphilochosque,
859 1042 900 1075 et
940 1034 1241 1075 Athamaniam
1281 1043 1445 1090 ereptas
1486 1035 1563 1075 sibi

144 1106 337 1146 querens,
360 1090 638 1146 praesidiaque
669 1106 758 1141 sua,
780 1099 990 1147 postremo
1020 1090 1143 1132 etiam
1174 1091 1307 1131 filium
1340 1092 1492 1132 Persea
1512 1107 1564 1132 ex

145 1147 436 1203 Amphilochis
460 1147 644 1203 pulsum,
666 1147 872 1188 averterat
903 1155 1092 1188 senatum
1121 1148 1174 1188 ab
1195 1147 1414 1188 audiendis
1434 1148 1565 1204 preci-

143 1205 224 1245 bus
258 1219 413 1244 eorum.
489 1204 646 1246 Rhodii
687 1213 824 1245 tamen
865 1213 906 1245 et
946 1204 1225 1246 Athenienses
1265 1220 1360 1246 cum
1402 1205 1566 1246 silentio

144 1260 278 1305 auditi
309 1269 418 1302 sunt.
480 1261 748 1302 Atheniensis
782 1260 947 1316 legatus
982 1261 1115 1311 Leon,
1151 1262 1296 1303 Icesiae
1326 1262 1452 1312 filius,
1484 1262 1566 1303 elo-

144 1317 316 1373 quentia
350 1318 476 1360 etiam
511 1318 666 1359 dicitur
706 1318 906 1359 movisse:
957 1319 1030 1374 qui
1066 1319 1240 1374 vulgata
1280 1319 1567 1369 similitudine,

142 1374 245 1415 mari
267 1375 509 1430 tranquillo,
532 1375 648 1431 quod
668 1376 802 1417 ventis
823 1375 1117 1426 concitaretur,
1135 1377 1436 1433 aequiparando
1459 1376 1568 1417 mul-

144 1431 368 1473 titudinem
390 1431 644 1482 1Etolorum,
666 1448 780 1483 usus,
803 1447 918 1486 quum
951 1434 993 1472 in
1009 1433 1103 1486 fide
1131 1434 1331 1474 Romame
1359 1435 1569 1474 societatis

142 1489 392 1537 mansissent,
427 1488 587 1530 ³⁶iusita
616 1491 752 1543 gentis
783 1491 1086 1543 tranquillitate
1121 1493 1272 1544 quiesse
1308 1505 1372 1531 eos
1401 1491 1566 1532 aiebat:

134 1552 349 1599 postquam
375 1546 525 1602 ³⁷flare
553 1546 605 1586 ab
635 1547 739 1588 Asia
776 1548 912 1587 Thoas
943 1553 980 1586 et
1012 1549 1292 1596 Dicaearclzzcs‚
1314 1548 1366 1588 ab
1397 1550 1568 1601 Europa

144 1602 372 1644 Menestas1
403 1611 442 1644 et
476 1605 740 1645 Damocritus
773 1605 1007 1657 coepissent;
1040 1612 1121 1644 tum
1154 1604 1267 1645 illam
1298 1611 1569 1658 tempestatem

144 1667 334 1710 coortam,
370 1675 458 1715 quae
485 1663 542 1701 ad
567 1662 804 1702 Antiochum
841 1676 918 1710 eos,
940 1661 1116 1702 ⁵²³sicut2‘1
1137 1663 1200 1702 inS
1219 1664 1431 1716 scopulum,
1464 1664 1571 1704 iutu-

149 1719 274 1758 lisset.

204 1776 289 1815 XI.
323 1775 409 1816 Diu
436 1776 584 1831 jactati
608 1775 757 1826 AEtoli‚
780 1776 948 1818 tandem
978 1784 1024 1817 ut
1051 1776 1309 1818 conditiones
1333 1778 1447 1834 pacis
1476 1793 1571 1819 con-
1582 1800 1648 1830 Pax
1660 1800 1775 1831 AEtolis

147 1833 348 1882 venirent,
380 1833 620 1877 effecerunt.
681 1834 874 1874 Fuerunt
905 1840 1046 1874 autem
1077 1834 1166 1875 hae:
1199 1834 1455 1888 ⁵⁹Imperiam
1486 1850 1570 1876 mo-
1581 1843 1780 1874 dataRomae.

131 1889 400 1944 jestatemque
428 1892 578 1943 populi
613 1891 794 1932 Romani
822 1905 921 1945 gens
953 1891 1185 1932 AEtolormn
1217 1900 1449 1934 conservato
1483 1894 1571 1933 sine

187 1970 203 1986 ⁰
218 1967 464 2006 Amphilochicum
483 1968 575 1999 Crev.

153 2008 241 2040 Eaed.
327 2017 339 2032 ¹·
353 2013 427 2042 sicut
444 2012 543 2042 Gron.

662 1972 677 1996 P
693 1974 719 1998 et
737 1969 922 1999 Athmn'enses
937 1975 963 1999 et
979 1969 1088 1999 Rhodii
1105 1970 1201 2000 Gron.
1219 1970 1311 2001 Crev.

629 2015 640 2032 3
655 2014 729 2043 sicut
744 2013 783 2042 ad
798 2012 890 2043 Crev-

1407 1974 1422 1999 <1
1438 1970 1570 2001 Μεῑιεΐιιε

190 2070 231 2099 34
256 2069 388 2101 Mirunte
415 2093 423 2101 .
453 2094 461 2101 .
492 2093 500 2102 .
528 2073 601 2111 quod
629 2073 833 2113 morarentur]

148 2112 210 2142 Hic
232 2112 330 2149 nobis,
347 2118 382 2144 ut
404 2119 435 2144 et
461 2114 629 2157 Gronoyio,
645 2115 744 2156 magis
767 2115 835 2156 pla-

149 2160 232 2185 ceret
259 2158 339 2196 quid.
399 2157 473 2187 Non
501 2163 607 2188 tamen
635 2158 760 2188 omnino
790 2168 837 2188 re-

150 2204 271 2240 ceptam
301 2198 462 2230 lectionem
492 2200 709 2242 improbamus.
762 2200 838 2231 Vid.

149 2247 212 2272 not.
228 2243 280 2273 99.
298 2242 337 2272 ad
353 2242 374 2273 l.
390 2243 547 2274 XXXIV.
563 2254 590 2275 c.
606 2245 658 2275 57.

191 2285 232 2315 35
257 2286 391 2325 Dolopas,
428 2286 691 2327 Amphilochosque,
730 2294 757 2318 ct
792 2288 834 2317 A·

150 2327 329 2358 thamanium
354 2329 479 2370 ereptas]
513 2329 545 2360 Si
569 2330 614 2360 ita
640 2329 758 2372 Scripsit
783 2330 835 2360 Li-

153 2368 229 2406 vius,
244 2371 343 2412 magis
357 2372 398 2402 ad
420 2383 543 2403 sensum
567 2383 661 2414 quam
684 2373 724 2403 ad
748 2384 837 2404 voces

153 2413 293 2450 attendit,
320 2425 441 2456 prorsus
467 2416 555 2456 quasi
583 2416 720 2452 dixisset,
747 2417 836 2446 Dulo-

149 2455 240 2492 piam,
257 2457 550 2498 Amphikchiamque,
566 2465 593 2489 et
616 2460 837 2490 Athamaniam.

154 2497 216 2527 Sed
231 2498 354 2531 fortasse
368 2501 494 2532 dederat
509 2508 645 2542 ereptam.

197 2541 239 2570 36
263 2541 354 2573 Insita
381 2546 474 2585 gentis
510 2545 742 2586 tranquillitate]
789 2544 839 2576 Sic

154 2582 388 2655 {jz-'XXVIIL
409 2596 436 2617 c.
453 2587 504 2617 24.
523 2590 610 2618 insitu
633 2589 780 2619 hominum
803 2589 839 2618 li·

173 2636 180 2654 1
205 2636 261 2656 me.

200 2668 381 2710 37ssFlare]
413 2671 520 2703 Livius
540 2674 733 2715 persequitur
754 2683 841 2716 coep-
875 2675 976 2715 ferior

879 2077 978 2102 terum
1002 2072 1152 2102 editorum
1175 2073 1278 2108 lectio,
1301 2079 1379 2105 teste
1403 2074 1571 2105 Gronovio.

881 2115 975 2145 Nunc
998 2116 1092 2156 vulgo
1115 2118 1145 2146 in
1168 2118 1328 2156 scopulum.
1373 2117 1436 2148 Sed
1459 2117 1570 2159 displi-

882 2164 932 2188 cet
959 2160 995 2188 ud
1026 2160 1214 2195 Antiochum,
1247 2162 1323 2190 sicut
1350 2161 1383 2190 iu
1409 2162 1571 2199 scopulum.

883 2201 1001 2232 Firmat
1031 2201 1198 2233 admissam
1228 2213 1246 2233 a
1281 2203 1370 2233 nobis
1407 2203 1570 2234 lectionem

880 2245 1052 2282 Terentius,
1090 2245 1215 2276 Phorm.
1252 2245 1326 2276 Act.
1354 2246 1416 2277 IV.
1454 2248 1503 2278 Sc.
1537 2248 1569 2278 4.

880 2288 967 2323 Hem,
990 2290 1014 2318 si
1036 2289 1107 2327 quid
1130 2289 1209 2325 velis,
1228 2288 1297 2319 huic
1319 2291 1447 2325 mandes,
1471 2292 1522 2331 qui
1545 2297 1571 2322 tc

880 2333 918 2361 ad
931 2333 1080 2370 scopulum-
1094 2343 1108 2361 e
1124 2332 1285 2372 tranquillo
1301 2332 1422 2373 urserat.

922 2371 971 2404 39'
1002 2373 1162 2412 Imperium
1198 2375 1445 2415 majestatemque]
1499 2376 1571 2407 Huc

882 2416 956 2447 facit
979 2417 1092 2447 allatus
1116 2428 1134 2448 a
1157 2417 1281 2458 Sigonio
1303 2418 1388 2448 loeus
1411 2418 1571 2449 Ciceronis

881 2469 918 2489 ex
945 2459 1082 2490 oratione
1110 2471 1164 2501 pro
1196 2460 1290 2491 Corn.
1318 2461 1430 2497 Balbo,
1457 2472 1489 2492 n.
1516 2464 1570 2493 35.

885 2504 1070 2542 Acljunctum
1096 2504 1173 2534 illud
1209 2505 1296 2533 etium.
1324 2510 1375 2539 est,
1409 2506 1485 2544 quod.
1514 2517 1571 2535 non

882 2551 921 2576 est
957 2548 989 2575 in
1023 2547 1152 2577 amnibus
1168 2546 1350 2587 joderibus:
1389 2547 1571 2587 MaJ‘escatem

881 2589 982 2627 populi
1007 2588 1133 2618 Romani
1155 2591 1272 2620 comiter
1294 2597 1486 2620 conservanto.
1533 2590 1571 2620 Id

884 2632 966 2661 habet
982 2632 1056 2662 hauc
1077 2633 1146 2667 vim,
1162 2638 1196 2662 ut
1209 2634 1247 2662 sit
1271 2633 1320 2663 ille
1342 2632 1501 2673 iujlrdere
1523 2635 1570 2662 2⁹11-

999 2698 1007 2705 .
1024 2697 1032 2705 .
1048 2698 1056 2705 .
1072 2697 1080 2705 .
1107 2675 1206 2709 Quum
1233 2676 1355 2706 alterius
1380 2676 1479 2713 populi
1506 2687 1569 2705 ma-

158 2717 222 2740 tam
259 2712 384 2742 tractari
418 2713 661 2752 similitudinem,
685 2717 841 2758 ⁴loquitur·
875 2719 969 2757 jestas
996 2720 1157 2748 conseri-ari
1182 2719 1320 2757 jubetur,
1349 2719 1384 2747 de
1411 2718 1502 2748 altero
1530 2720 1570 2748 si-

158 2763 218 2794 que
241 2753 279 2784 de
294 2754 367 2784 belli
390 2756 518 2787 AEAolici
540 2759 754 2795 concitoribus‚
770 2769 839 2790 tan-

158 2806 252 2836 quam
267 2796 306 2827 de
320 2797 419 2827 ventis
433 2799 616 2839 quibusdam
631 2802 772 2833 violentis
786 2803 840 2844 qui

159 2849 254 2875 mare,
269 2849 322 2881 per
333 2850 365 2870 50
379 2841 590 2882 tranquillum,
604 2844 732 2883 agitent.

201 2883 241 2912 38
266 2884 346 2913 Sicut
369 2885 408 2914 ml
429 2885 591 2926 scopulum]
622 2887 698 2917 Haec
720 2894 764 2919 est
790 2898 839 2919 ve-

884 2761 972 2796 letur,
1008 2767 1084 2791 certe
1121 2762 1169 2791 ille
1202 2761 1327 2800 populus
1363 2761 1393 2789 in
1429 2763 1572 2799 superiori

882 2805 1045 2834 conditione
1070 2815 1212 2843 causaque
1235 2805 1373 2842 ponitur„
1394 2805 1483 2842 cujus
1509 2815 1570 2834 mu.

874 2848 967 2885 jesias
971 2846 1096 2885 seclieris
1107 2848 1252 2876 sanctione
1263 2845 1443 2888 dqt'cndilur.
