1947 3222
172 196 216 270 ἒς

226 194 267 269 00

278 194 337 268 ἐξ

164 1148 274 1178 Victus
287 1149 356 1180 Au·

162 1191 292 1223 tiochus.

158 2112 341 2143 Chalcidem

157 2165 189 2186 se
205 2155 322 2198 recipit.

384 77 459 111 254
887 75 1267 113 .T1T1L1V11

342 215 350 223 .
385 182 503 223 rebat
534 197 590 232 se,
619 183 728 239 pulsi
760 184 849 225 loco
880 185 991 225 intra
1019 184 1290 234 munimenta,
1319 183 1536 226 subductis
1565 185 1795 236 ordinibus,

342 259 350 268 ·
385 248 696 281 concesserunt:
739 241 834 282 inde
866 256 917 282 ex
949 240 1058 282 vallo
1092 255 1222 297 prope
1257 241 1434 282 alterum
1464 240 1636 291 vallum,
1665 242 1795 284 hastis

384 309 471 351 prae
500 311 541 336 se
570 296 758 352 objectis,
780 298 980 338 fecerunt.
1012 305 1054 338 et
1086 297 1146 338 ita
1173 297 1335 338 modica
1365 297 1545 339 altitudo
1565 297 1663 339 valli
1691 307 1794 348 erat,

384 363 433 393 ut
464 362 505 394 et
540 352 676 394 locum
711 354 965 409 superiorem
995 353 1049 394 ad
1084 354 1360 409 pugnandum
1393 355 1477 395 suis
1511 355 1733 410 praeberet,
1755 363 1796 395 et

383 416 556 464 propter
587 409 888 465 longitudinem
917 409 1131 450 hastarum
1153 410 1386 465 subjectum
1417 411 1588 452 haberet
1618 411 1791 452 hostem.

384 465 532 515 Multi,
554 473 707 506 temere
743 466 968 506 subeuntes
994 465 1166 515 vallum,
1189 467 1375 507 transfixi
1406 476 1526 508 sunt:
1560 475 1600 508 et
1631 476 1705 508 aut
1734 467 1795 507 in-

382 529 502 577 cepto
522 522 640 562 irrito
661 522 934 571 recessissent,
951 529 1025 562 aut
1044 521 1185 577 plures
1201 523 1455 574 cecidissent,
1472 524 1515 564 ni
1537 525 1600 564 M.
1620 524 1794 564 Porcius

382 578 435 619 ab
449 578 557 633 jugo
579 577 837 627 Callidromi,
860 577 1030 633 dejectis
1050 578 1146 618 inde
1167 580 1336 630 EEtolis,
1358 588 1398 621 et
1429 595 1580 636 magna
1600 596 1650 621 ex
1673 589 1792 636 parte

381 635 510 684 caesis,
545 633 598 685 (⁷o
609 634 797 675 incautos
832 634 940 674 enim
975 642 1016 675 et
1056 635 1276 690 plerosque
1316 636 1471 692 sopitos
1510 637 1790 693 obpresserat)

381 706 505 746 super
524 690 792 733 inminentem
813 692 958 732 castris
978 691 1123 732 collem
1143 691 1416 747 adparuisset.

438 747 575 787 XIX.
609 747 760 788 Flacco
789 763 871 788 non
901 747 1042 788 eadem
1079 747 1250 789 fortuna
1282 749 1337 789 ad
1359 749 1589 791 Tichiunta
1614 759 1655 792 et
1678 751 1793 791 Rho-

379 803 585 855 duntiam,
613 804 899 860 nequidquam
930 803 1069 845 subire
1099 805 1152 845 ad
1183 820 1232 845 ea
1260 805 1428 846 castella
1457 814 1618 857 conato,
1639 807 1789 849 fuerat.

379 860 647 911 Macedones,
670 862 829 917 quique
859 861 928 902 alii
958 861 1000 901 in
1030 861 1173 902 castris
1203 861 1326 917 regiis
1356 871 1488 912 erant,
1516 863 1666 918 primo,
1688 863 1790 904 dum

376 917 524 972 procul
544 916 647 958 nihil
669 917 798 968 aliud,
820 933 947 973 quam
968 918 1093 959 turba
1113 926 1154 958 et
1175 933 1337 973 agmen,
1360 918 1602 975 adparebat,
1621 918 1790 960 lEtolos

378 973 558 1025 credere,
595 973 683 1014 visa
720 975 865 1030 procul
906 989 1050 1030 pugna
1089 974 1273 1016 subsidio
1314 975 1464 1016 venire.
1506 984 1704 1025 ceterum,
1741 984 1790 1017 ut

376 1029 559 1085 primum
593 1031 795 1086 signaque
827 1039 868 1072 et
904 1046 1019 1071 arma
1050 1047 1101 1072 ex
1136 1032 1374 1087 propinquo
1409 1031 1576 1087 cognita
1610 1048 1790 1074 errorem

376 1096 645 1142 aperuerunt,
675 1095 817 1128 tantus
847 1096 1016 1143 repente
1050 1102 1181 1143 pavor
1214 1103 1355 1128 omnes
1385 1089 1509 1144 cepit,
1533 1097 1595 1139 ut,
1618 1089 1790 1146 abjectis

375 1143 514 1194 armis,
545 1143 751 1199 fugerent.
783 1143 815 1170 ⁷¹
829 1151 868 1185 et
900 1144 1157 1185 munimenta
1186 1153 1405 1200 sequentes
1434 1144 1716 1201 inpedierunt,
1748 1154 1789 1187 et

376 1200 580 1256 angustiae
611 1200 743 1251 vallis,
767 1217 841 1257 per
870 1216 995 1257 quam
1027 1200 1227 1257 sequendi
1257 1209 1398 1249 erant3
1432 1210 1473 1243 et
1503 1203 1683 1243 maxime
1703 1218 1789 1243 om-

375 1257 507 1308 nium,
539 1257 656 1312 quod
684 1257 893 1313 elephanti
923 1257 1133 1298 novissimi
1162 1257 1337 1312 agminis
1367 1266 1498 1308 erant,
1527 1273 1633 1313 quos
1662 1259 1789 1314 pedes

375 1329 486 1369 aegre
506 1313 735 1369 praeterire,
757 1330 884 1370 eques
904 1314 1020 1355 nullo
1040 1323 1200 1370 poterat
1228 1314 1365 1364 modo,
1387 1314 1631 1356 timentibus
1652 1315 1784 1370 equis,

376 1370 693 1426 tumultumque
713 1372 821 1412 inter
842 1386 883 1412 se
903 1371 1116 1426 majorem,
1137 1386 1263 1426 quam
1294 1371 1335 1411 in
1366 1371 1529 1426 proelio,
1551 1371 1782 1412 edentibus.

375 1427 656 1482 Aliquantum
688 1428 886 1484 temporis
916 1436 957 1468 et
987 1427 1167 1483 direptio
1196 1436 1426 1468 castrorum
1456 1428 1603 1468 tenuit.
1667 1428 1785 1469 Scar-

374 1483 515 1539 phiam
538 1492 676 1525 tamen
697 1500 745 1525 eo
765 1485 833 1525 die
853 1484 1059 1540 persecuti
1088 1493 1185 1525 sunt
1214 1484 1392 1525 hostem.
1452 1484 1604 1525 Multis
1634 1483 1674 1524 in
1696 1485 1786 1541 ipso

371 1540 517 1581 itinere
537 1541 652 1582 caesis
674 1541 905 1597 captisque,
922 1556 1003 1581 non
1025 1541 1143 1596 equis
1163 1541 1348 1596 virisque
1370 1549 1549 1591 tantum,
1568 1541 1639 1582 sed
1660 1542 1786 1583 etiam

372 1596 617 1653 elephantis,
640 1613 746 1653 quos
766 1613 912 1653 capere
939 1612 1019 1637 non
1051 1605 1290 1652 potuerant,
1312 1597 1555 1648 interfectis,
1577 1597 1619 1638 in
1649 1606 1784 1639 castra

372 1662 658 1701 reverterunt;
692 1670 788 1710 quae
809 1663 969 1695 tentata
988 1669 1036 1694 eo
1057 1653 1124 1694 die
1155 1654 1261 1695 inter
1282 1655 1420 1710 ipsum
1441 1669 1596 1710 pugnae
1616 1663 1782 1711 tempus

372 1710 425 1752 ab
447 1710 617 1761 AEtolis,
641 1712 886 1752 Heracleam
907 1710 1193 1751 obtinentibus
1223 1710 1431 1766 praesidio,
1454 1710 1539 1751 sine
1561 1710 1647 1751 ullo
1667 1711 1783 1753 haud

371 1781 522 1822 parum
542 1767 710 1809 audacis
729 1768 883 1822 incepti
905 1767 1069 1816 effectu,
1090 1766 1270 1807 fuerant.
1333 1767 1504 1816 Consul,
1521 1767 1654 1808 noctis
1675 1767 1779 1809 inse-

371 1823 539 1878 quentis
570 1824 692 1865 tertia
721 1824 863 1880 vigilia
891 1823 1105 1879 praemisso
1139 1823 1331 1878 equitatu
1361 1823 1415 1864 ad
1444 1824 1779 1879 persequendum

370 1879 546 1930 hostem,
583 1880 700 1936 signa
734 1881 944 1936 legionum
985 1880 1121 1935 prima
1153 1880 1246 1920 luce
1281 1880 1423 1921 movit.
1498 1880 1780 1935 Aliquantum

369 1935 449 1977 viae
470 1946 723 1993 praeceperat
745 1953 843 1985 rex3
877 1944 925 1978 ut
951 1937 1026 1992 qui
1056 1951 1138 1977 non
1162 1944 1272 1986 ante,
1295 1951 1421 1991 quam
1452 1935 1620 1986 Elatiae,
1642 1937 1695 1978 ab
1722 1938 1781 1979 ef-

368 1992 464 2034 fuso
493 1994 724 2036 constiterit
755 2009 904 2035 cursu:
948 1993 1021 2035 ubi
1051 1993 1232 2049 primum
1266 1992 1436 2048 reliquis
1471 2008 1710 2049 pugnaeque
1739 2003 1781 2036 et

368 2049 483 2105 fugae
513 2050 722 2101 conlectis,
751 2066 846 2092 curn
877 2049 1105 2106 perexigua
1133 2064 1259 2090 manu
1290 2050 1567 2090 semiermium
1597 2050 1778 2092 militum

369 2106 610 2148 Chalcidem
641 2123 683 2148 se
712 2108 882 2163 recepit.
944 2107 1159 2147 Romanus
1191 2106 1405 2162 equitatus
1438 2107 1577 2162 ipsum
1607 2106 1777 2162 quidem

368 2177 506 2218 regem
530 2163 682 2205 Elatiae
703 2164 925 2205 adsecutus
956 2178 1034 2204 non
1057 2172 1133 2213 est,
1154 2162 1265 2204 ⁷²sed
1295 2178 1488 2218 magnam
1518 2171 1677 2220 partem
1707 2179 1779 2219 ag-

368 2219 504 2269 minis,
526 2228 600 2261 aut
630 2220 874 2262 lassitudine
894 2219 1210 2269 ⁷²subsistentis,
1231 2228 1305 2260 aut
1336 2234 1487 2268 errore,
1509 2227 1557 2259 ut
1587 2218 1660 2274 qui
1692 2219 1777 2260 sine

368 2275 547 2316 ducibus
582 2291 656 2331 per
687 2277 831 2332 ignota
870 2277 1018 2318 itinera
1056 2276 1266 2332 fugerent,
1307 2275 1526 2331 dissipatos
1564 2275 1776 2331 obpresse-

366 2340 477 2373 runt.
509 2347 583 2373 nec
612 2342 766 2396 praeter
800 2334 1066 2389 quingentOS‚
1097 2332 1171 2389 qui
1201 2332 1308 2374 circa
1338 2347 1475 2387 regem
1505 2330 1692 2381 fuerunt,
1723 2348 1774 2374 ex

367 2395 456 2430 toto
489 2398 675 2432 exereitu
707 2389 930 2446 quisquam
966 2389 1137 2445 effugit:
1181 2388 1305 2431 ctiam
1335 2403 1386 2429 ex
1417 2387 1557 2428 decem
1589 2388 1774 2431 millibus

408 2518 449 2548 70
472 2517 608 2549 Incautos
629 2520 721 2560 enim]
746 2519 819 2550 Yid.
833 2519 914 2549 Plut.
931 2518 962 2548 in
984 2518 1045 2549 Ca·
1090 2517 1287 2558 sequentibus
1302 2516 1406 2547 victos.

366 2564 438 2591 tone
453 2560 579 2602 majore,
595 2561 633 2592 de
648 2562 704 2592 hoe
720 2562 840 2603 egregio
856 2562 948 2599 facto,
963 2561 1046 2601 quod
1134 2561 1173 2590 72
1199 2560 1253 2590 Sed
1296 2570 1430 2600 magnam
1472 2560 1600 2600 partem]
1659 2559 1770 2602 Scripti

365 2602 440 2633 satis
462 2603 568 2645 jejune
594 2604 643 2636 hic
672 2604 789 2635 indicat
818 2604 932 2639 Livius,
958 2603 1047 2645 plura
1089 2602 1235 2632 omittunt
1260 2601 1295 2632 τὶ
1323 2603 1382 2637 sed,
1406 2601 1487 2641 quod
1516 2612 1590 2632 sane
1619 2602 1771 2634 interdum

366 2652 597 2679 memorantem.
1090 2645 1251 2685 elegantia}
1266 2654 1358 2674 causa
1374 2644 1536 2686 supprimit
1554 2645 1670 2675 Livius.

409 2689 525 2720 71⁶1st
562 2691 742 2720 munimenta
777 2694 920 2729 sequentes
957 2690 1043 2727 impe-
1132 2686 1407 2728 73‘szel1sisre11tis]
1439 2687 1498 2718 Vel
1522 2688 1629 2723 scribe,
1653 2687 1700 2717 vel
1724 2686 1771 2717 in-

364 2731 500 2773 dierunt]
538 2733 696 2764 Romanos
725 2732 891 2774 fugientem
927 2730 1043 2761 hostem
1089 2729 1190 2770 tellige
1213 2732 1398 2761 sul-sistentes.
1444 2729 1586 2773 Sequitur
1609 2730 1690 2761 enim
1712 2731 1768 2761 dis-

365 2780 527 2813 sequentes
551 2782 582 2807 et
611 2776 801 2808 munimenta
829 2772 1043 2816 impedierunt,
1088 2774 1199 2812 sumtus.

365 2821 395 2845 ct
412 2818 562 2859 angustiae
578 2819 666 2850 vallis
686 2829 754 2862 quae
779 2815 963 2849 transeunda
979 2820 1043 2846 erat
