1947 3222
367 73 413 112 16
889 70 1035 109 ΤΙΤΙ
1081 70 1252 108 LIVII

151 195 242 229 (LO.
257 195 330 226 552.
364 179 591 237 exspectati
626 195 678 221 ue
698 179 795 221 inde
816 174 956 236 legati,
971 179 1230 236 aliquamdiu
1252 178 1354 219 nihil
1375 186 1566 233 agentem
1584 187 1775 222 tenuere:

151 238 331 270 A.C.200.
362 246 403 279 et
428 252 565 293 neque
592 195 686 278 illos
715 237 851 277 excire
880 236 934 277 ad
966 252 1080 277 arma
1111 236 1265 291 potuit,
1286 235 1518 291 gaudentes
1552 243 1780 294 utcumque

363 293 591 350 composita
622 309 717 335 cum
740 293 938 349 Philippo
969 308 1082 348 pace.
1114 300 1155 332 et
1187 292 1274 348 ipse
1311 291 1567 347 Rhodiique,
1599 292 1633 332 si
1664 293 1779 335 insti-

363 351 509 392 tissent
539 359 639 391 tunc
662 349 872 405 Philippo,
895 349 1111 404 egregium
1141 348 1326 390 liberatae
1357 364 1432 404 per
1461 364 1503 389 se
1526 348 1702 390 Graeciae
1732 351 1783 392 ti-

364 407 503 448 tulum
536 407 689 447 habere
720 405 979 461 potuissent3
1017 405 1216 460 patiendo
1246 420 1391 446 rursus
1422 421 1518 446 eum
1547 407 1591 446 iu
1623 405 1785 447 Helles-

363 472 541 520 pontum
571 462 775 518 trajicere,
797 469 1157 518 occupantemque
1177 460 1212 488 ⁷³
1227 461 1401 502 Graeciae
1428 471 1666 518 opportuna
1694 463 1784 504 loca

363 520 472 561 vires
493 519 712 575 conligere,
733 518 890 560 bellum
912 518 1077 564 aluere;
1110 518 1370 574 gloriamque
1391 519 1481 574 ejus
1501 520 1608 575 gesti
1629 520 1786 576 perfec-

365 577 485 633 tique
507 577 708 617 Romanis
729 583 1030 617 concesserunt.

425 634 551 674 XVI.
586 632 808 689 Philippus
840 631 973 688 magis
996 632 1112 688 regio
1139 632 1277 673 animo
1297 640 1358 674 est
1384 647 1507 674 usus:
1541 633 1631 689 qui,
1652 649 1785 689 quum

367 689 564 732 Attalum
596 689 872 745 Rhodiosque
905 689 1045 729 hostes
1085 704 1166 730 non
1203 689 1480 739 sustinuisset,
1512 705 1563 730 ne
1596 691 1787 732 Romano

367 746 554 802 quidem,
576 746 692 802 quod
722 745 964 794 inminebat,
985 745 1095 786 bello
1117 746 1302 795 territus,
1327 746 1510 787 Philocle
1532 747 1715 802 quodam
1736 763 1789 788 ex

367 803 578 859 praefectis
609 803 694 844 suis
722 818 818 844 cum
839 802 1007 844 duobus
1036 801 1220 843 millibus
1250 801 1456 858 peditum,
1478 803 1692 859 equitibus
1712 804 1791 845 du-

369 861 500 902 centis
528 860 583 901 ad
612 860 876 923 populandos
897 859 1221 900 Atheniensium
1250 874 1372 914 agros
1401 859 1540 908 misso,
1561 859 1688 902 classe
1709 869 1792 902 tra-

369 916 459 959 dita
478 916 751 967 ⁷⁴Herachdi,
768 924 817 958 ut
834 917 1079 956 Maroneam
1101 924 1276 971 peteret,
1290 915 1377 971 ipse
1400 924 1511 956 terra
1530 916 1674 957 eodem
1695 933 1790 958 cum

369 974 577 1031 expeditis
607 973 774 1015 duobus
804 973 990 1014 millibus
1020 972 1227 1028 peditum,
1249 972 1463 1028 equitibus
1483 972 1675 1014 ducentis
1701 989 1794 1030 per-

369 1030 444 1086 git.
524 1033 584 1072 Et
626 1031 871 1071 Maroneam
917 1029 1089 1086 quidem
1135 1029 1272 1085 primo
1317 1029 1462 1085 inpetu
1507 1030 1791 1085 expugnavit:

371 1087 534 1129 AEnum
556 1087 653 1129 inde
674 1103 771 1128 cum
791 1101 945 1142 magno
976 1086 1130 1137 labore,
1152 1094 1362 1142 postremo
1392 1085 1629 1142 proditione
1651 1088 1794 1144 Gany-

369 1145 503 1186 medis
530 1143 720 1202 praefecti
743 1143 976 1193 Ptolemaei,
998 1143 1120 1199 cepit.
1143 1142 1336 1199 deinceps
1366 1143 1447 1183 alia
1475 1143 1657 1195 castella,
1681 1145 1796 1200 Cyp-

372 1201 469 1252 sela,
491 1210 532 1244 et
554 1201 775 1251 Doriscon,
797 1208 839 1241 et
867 1200 1105 1250 Serrheum,
1127 1209 1320 1256 occupat.
1350 1199 1448 1240 inde
1476 1215 1721 1256 progressus
1741 1201 1795 1242 ad

374 1259 695 1308 Chersonesum,
713 1258 913 1299 Elaeunta
933 1265 974 1298 et
996 1257 1374 1313 Alopeconnesum,
1397 1257 1660 1298 tradentibus
1680 1257 1796 1313 ipsis,

371 1315 540 1372 recepit.
603 1314 819 1370 Callipolis
851 1330 1023 1370 quoque
1056 1322 1096 1355 et
1131 1313 1334 1370 Madytos
1365 1313 1521 1364 dedita,
1553 1322 1594 1355 et
1630 1314 1798 1356 castella

158 1382 322 1424 Phiiippus
372 1373 567 1428 quaedam
601 1372 815 1428 ignobilia.
876 1370 1091 1427 Abydeni,
1125 1386 1175 1411 ne
1210 1370 1357 1426 legatis
1390 1370 1561 1426 quidem
1593 1370 1798 1422 admissis,

159 1426 306 1473 Abydum
373 1430 462 1485 regi
497 1438 640 1486 portas
681 1428 933 1469 clauserunt.
970 1444 1018 1468 ea
1051 1427 1312 1484 obpugnatio
1344 1427 1417 1468 diu
1452 1427 1699 1484 Philippum
1739 1436 1800 1470 te-

160 1469 289 1500 obs1det.
376 1486 491 1528 nuit:
525 1485 715 1542 eripique
745 1501 797 1526 ex
826 1484 1055 1534 obsidione,
1078 1485 1120 1525 ni
1150 1492 1355 1525 cessatum
1376 1485 1429 1525 ab
1451 1484 1600 1525 Attalo
1620 1492 1662 1525 et
1684 1485 1800 1526 Rho-

376 1543 457 1584 diis
485 1543 609 1592 foret,
638 1549 881 1598 potuerunt.
942 1540 1118 1582 Attalus
1145 1548 1351 1582 trecentos
1381 1548 1546 1582 tantum
1576 1541 1729 1582 milites
1758 1541 1800 1583 in

376 1599 637 1655 praesidium,
661 1598 819 1639 Rhodii
851 1597 1158 1652 quadriremem
1190 1613 1315 1638 unam
1346 1612 1399 1638 ex
1429 1597 1572 1647 classe,
1593 1613 1727 1653 quum
1747 1598 1802 1639 ad

380 1656 604 1697 Tenedum
641 1664 783 1703 staret,
820 1655 1036 1695 miserunt.
1073 1654 1218 1694 eodem
1254 1662 1412 1709 postea,
1447 1669 1581 1709 quum
1607 1656 1696 1710 jam
1729 1656 1801 1696 vix

380 1713 632 1754 sustinerent
667 1710 939 1761 obsidionem,
975 1719 1017 1751 et
1052 1710 1140 1766 ipse
1175 1710 1350 1752 Attalus
1385 1725 1519 1765 quum
1559 1711 1802 1767 trajecisset,

381 1784 497 1826 spem
533 1777 698 1810 tantum
734 1767 880 1808 auxilii
918 1783 969 1809 ex
1005 1767 1243 1823 propinquo
1278 1766 1475 1817 ostendit,
1506 1782 1641 1823 neque
1677 1776 1801 1819 terra,

381 1841 518 1881 neque
539 1826 643 1866 mari
664 1824 821 1881 adjutis
843 1824 973 1865 sociis.

441 1883 596 1923 XVII.
629 1882 829 1938 Abydeni
862 1881 1012 1937 primo,
1045 1881 1260 1923 tormentis
1294 1897 1369 1938 per
1403 1897 1546 1923 muros
1578 1881 1804 1938 dispositis,

383 1954 466 1981 non
487 1948 599 1981 terra
628 1938 752 1979 modo
773 1938 974 1979 adeuntes
1004 1938 1122 1979 aditu
1144 1938 1354 1989 arcebant,
1377 1939 1449 1980 sed
1468 1938 1501 1965 ⁷⁵
1514 1938 1684 1980 navium
1704 1954 1808 1995 quo-

385 2011 468 2053 que
505 1995 723 2037 stationem
759 1995 952 2036 infestam
988 1995 1095 2037 hosti
1136 1995 1359 2037 faciebant.
1402 2007 1561 2052 postea,
1596 2011 1730 2052 quum
1765 2005 1807 2039 et

386 2053 496 2095 muri
516 2068 613 2109 pars
643 2060 774 2094 strata
802 2051 949 2102 ruinis,
971 2061 1013 2093 et
1042 2052 1097 2093 ad
1125 2051 1364 2094 interiorem
1392 2053 1545 2108 raptim
1567 2053 1806 2109 obpositum

387 2125 556 2151 murum
578 2109 781 2150 cuniculis
813 2109 894 2149 ‘am
920 2118 1169 2165 perventum
1189 2117 1310 2160 esset,
1332 2109 1491 2165 legatos
1511 2109 1565 2151 ad
1594 2125 1733 2165 regem
1756 2110 1808 2151 de

388 2166 697 2208 conditionibus
729 2125 943 2207 tradendae
973 2166 1090 2208 urbis
1120 2166 1333 2208 miserunt.
1396 2166 1718 2209 Paciscebantur
1738 2182 1811 2208 au-

389 2232 488 2273 tem,
510 2231 560 2264 ut
582 2222 793 2264 Rhodiam
819 2222 1125 2278 quadriremem
1156 2238 1251 2264 cum
1283 2224 1400 2265 sociis
1430 2224 1663 2274 navalibus,
1686 2225 1811 2266 Atta-

390 2280 505 2337 lique
539 2279 780 2337 praesidium
812 2280 947 2321 emitti
981 2279 1149 2328 liceret;
1184 2288 1311 2337 atque
1343 2280 1442 2337 ipsis
1477 2280 1582 2322 urbe
1611 2281 1810 2322 excedere

179 2357 346 2399 Abydeno·
391 2353 486 2379 cum
528 2336 702 2393 singulis
741 2337 1009 2378 vestimentis,
1071 2337 1236 2388 Quibus
1271 2352 1403 2393 quum
1446 2336 1668 2394 Philippus
1706 2337 1810 2378 nihil

179 2411 245 2431 rum
262 2398 372 2430 rabies.
392 2394 544 2452 pacati,
577 2394 654 2434 nisi
689 2394 826 2435 omnia
866 2394 1221 2449 permittentibus,
1256 2393 1560 2450 respondisset;
1607 2394 1710 2435 adeo
1749 2409 1811 2435 re-

394 2451 589 2494 nunciata
612 2451 702 2492 haec
732 2450 885 2506 legatio
906 2452 959 2493 ab
989 2451 1272 2507 indignatione
1293 2450 1416 2492 simul
1448 2466 1495 2492 ac
1525 2450 1812 2506 desperatione

440 2605 481 2635 73
506 2603 631 2634 Gracia?
663 2610 823 2642 opportuna
860 2605 936 2645 loca]
971 2605 1086 2635 Merito
1129 2604 1249 2635 exulem
1278 2603 1479 2634 Tarentinum
1512 2602 1616 2640 fuisse,
1645 2614 1681 2635 ac
1715 2605 1811 2636 virum

400 2647 519 2677 videtur
548 2646 722 2677 Gronovius
749 2646 913 2677 emendare
944 2647 1086 2678 Thracias.
1129 2647 1271 2678 omnibus
1315 2646 1438 2686 flag-viniis
1481 2647 1681 2679 maculosum.
1725 2647 1814 2678 docet

400 2690 558 2730 Siquidem
577 2690 679 2719 AEnus
701 2695 732 2719 et
755 2690 916 2724 Maronea,
933 2694 963 2719 et
985 2695 1085 2721 cetera
1130 2690 1240 2731 Polyb.
1256 2690 1278 2720 l.
1295 2689 1392 2720 XIII.

402 2743 470 2771 qum
506 2743 576 2762 mox
613 2737 795 2763 enarrantur
833 2732 912 2763 loca.
947 2732 1086 2763 Thracia*
1174 2733 1381 2765 75⁸Nuvinm
1407 2755 1414 2762 .
1436 2755 1442 2762 .
1463 2756 1469 2761 .
1493 2734 1656 2774 stationem]
1694 2732 1814 2763 Efficie-

403 2776 495 2805 suere.
1130 2775 1204 2806 bant
1233 2781 1266 2806 ut
1293 2785 1385 2805 naves:
1412 2775 1546 2817 Philippi
1576 2776 1673 2806 multa
1698 2776 1813 2806 incom-

446 2819 485 2847 74
529 2818 696 2859 Iler-arlidi]
752 2818 843 2847 Hum-
890 2818 1086 2849 Heraclidem
1132 2820 1221 2850 moda
1238 2830 1273 2849 eo
1291 2817 1340 2847 ubi
1358 2818 1479 2848 stabant
1498 2819 1563 2849 locu
1579 2825 1762 2860 paterentur.
