1947 3222
504 147 626 184 LIB.
655 143 867 182 XXXVII.
910 144 1047 181 CAP.
1076 145 1200 182 XLV.
1481 152 1555 188 317

146 255 206 305 hi,
227 257 345 312 prius
366 257 556 297 Eumene
575 261 793 304 convento,
816 267 941 308 quem
971 261 1143 309 propter
1163 263 1304 295 vetera
1333 256 1560 298 certamina
1572 260 1613 293 U.
1628 260 1666 293 C.
1677 259 1752 291 562.

148 328 339 354 aversum
369 312 546 353 maxime
576 326 601 351 a
627 325 728 366 pace
748 309 972 351 credebant
993 325 1094 359 esse,
1116 317 1157 351 et
1185 310 1408 365 placatiore
1438 328 1488 354 eo
1516 321 1557 354 et
1571 305 1610 336 A*
1624 303 1663 335 C·
1680 304 1751 335 190.

151 384 226 410 sua
246 378 287 411 et
307 369 415 425 regis
436 384 506 424 spe
527 367 710 417 invento,
733 375 824 408 tum
846 368 894 407 P.
920 366 1169 422 Scipionem,
1191 375 1232 407 et
1254 382 1327 422 per
1347 385 1443 410 eum
1464 385 1559 410 con-

152 426 297 475 sulem,
319 424 534 466 adierunt:
567 424 831 480 praebitoque
852 422 901 464 iis
928 423 1169 476 petentibus
1198 423 1408 479 frequenti
1430 427 1559 467 consi-

152 482 206 522 lio
236 483 290 523 ad
318 481 514 523 mandata
543 481 717 530 edenda,
745 481 838 521 Non
868 488 965 529 tam,
988 481 1086 534 quid
1116 481 1197 533 ipsi
1226 482 1416 531 dicamus,
1440 483 1560 522 liabe-

151 554 246 588 mus,
268 538 405 594 inquit
429 538 599 587 Zeuxis,
623 552 739 591 quam
770 544 813 578 ut
834 552 860 577 a
881 538 990 579 vobis
1011 551 1248 591 quoeramus,
1271 539 1461 587 Romani,
1486 554 1562 592 quo

142 597 311 649 piaculo
342 596 509 648 expiare
544 609 720 636 errorem
749 597 870 649 regis,
900 609 1042 648 pacem
1078 597 1310 649 veniamque
1342 598 1563 649 impetrare

151 668 178 692 a
198 652 411 693 victoribus
435 655 643 705 possimus.
704 652 892 693 Ilffaximo
912 667 1064 705 semper
1094 654 1229 692 animo
1259 654 1376 693 victis
1404 653 1564 707 regibus

143 711 385 763 populisque
417 710 640 763 ignovistis.
674 716 824 763 quanto
858 711 902 750 id
927 709 1078 763 majore
1107 716 1145 750 et
1169 711 1400 762 placatiore
1428 712 1565 751 animo

151 768 262 807 decet
282 767 502 820 vossacere
522 768 565 806 in
586 768 662 807 hac
682 768 868 817 victoria,
891 781 979 820 quce
999 781 1066 807 vos
1086 768 1265 808 donzinos
1295 767 1401 808 orbis
1431 774 1562 808 terra-

149 824 353 878 rumfecit
367 827 388 862 ?
430 825 584 864 Positis
590 823 683 878 jam
704 826 893 865 adversus
913 839 1047 864 omnes
1066 826 1251 865 mortales
1269 825 1565 875 certaminibus,

150 881 262 921 haud
278 895 386 923 secus
404 896 525 935 quam
546 883 667 928 Deos,
685 883 886 922 consulere
906 888 945 922 et
956 879 1130 934 parcere
1150 896 1216 923 vos
1230 884 1376 936 generi
1394 883 1567 922 humano

153 944 321 992 oportet.
362 939 391 978 J
394 954 460 979 am
477 947 586 988 ante,
604 954 731 994 quam
747 938 874 994 legati
890 938 1093 988 venirent,
1111 938 1326 980 decretum
1343 947 1445 988 erat,
1461 939 1566 995 quid

153 995 486 1051 responderetur.
518 995 767 1052 respondere
798 995 1047 1036 Africanum
1081 995 1250 1051 placuit.
1314 997 1357 1036 Is
1387 997 1429 1037 in
1454 996 1566 1037 hunc

154 1053 327 1093 modum
357 1052 522 1093 locutus
553 1052 712 1094 fertur:
756 1053 937 1093 Romani
967 1067 1015 1091 ex
1045 1054 1111 1102 iis,
1143 1066 1232 1106 qua’
1263 1054 1305 1092 in
1338 1053 1470 1093 De‘zim
1504 1056 1566 1093 in-
1578 1064 1778 1107 Responsum

154 1110 381 1149 mortalium
406 1115 609 1161 potestate
641 1115 773 1158 erant,
806 1124 853 1149 ea
887 1109 1087 1159 habemus,
1122 1123 1211 1162 quae
1248 1111 1330 1150 Dii
1357 1112 1563 1151 dederunt.
1577 1108 1726 1139 Africani.

153 1166 333 1214 Animos,
355 1167 426 1219 qui
445 1172 593 1206 nostrae
612 1167 754 1206 mentis
773 1172 878 1214 sunt,
897 1168 1046 1206 eosdem
1068 1167 1108 1205 in
1131 1167 1240 1206 omni
1242 1167 1423 1221 fortuna
1440 1170 1566 1222 gessi-

153 1237 249 1272 mus,
267 1224 538 1277 gerimusque:
571 1237 696 1279 neque
709 1237 772 1264 eos
791 1225 973 1264 secundoe
992 1238 1056 1264 res
1076 1225 1315 1271 extulerunt,
1334 1239 1405 1265 nec
1425 1227 1567 1266 adver-

151 1294 207 1321 sae
226 1282 466 1321 minuerunt.
489 1279 571 1333 ejus
591 1282 665 1330 rei,
688 1287 732 1320 ut
753 1282 855 1321 alios
877 1282 1072 1330 omittam,
1095 1281 1376 1322 Hannibalem
1398 1288 1567 1323 vestrum

151 1337 264 1378 vobis
294 1339 433 1378 darem
467 1344 617 1388 testem,
648 1338 731 1378 nisi
760 1352 827 1379 vos
855 1339 960 1390 ipsos
992 1339 1089 1378 dare
1116 1353 1284 1391 possem.
1345 1341 1568 1393 Postquam.

151 1395 461 1448 Hellespontum
491 1393 731 1449 trajecimus,
748 1397 988 1449 priusquam
1018 1402 1153 1436 castra
1183 1397 1312 1450 regia,
1329 1398 1567 1451 priusquam

155 1453 280 1493 aciem
311 1453 544 1501 videremus,
568 1467 683 1506 quum
713 1454 926 1492 communis
948 1452 1071 1493 Mars
1091 1460 1129 1493 et
1151 1454 1322 1494 incertus
1343 1454 1438 1494 belli
1457 1469 1569 1495 even-

151 1515 215 1550 tus
234 1515 344 1557 esset,
368 1511 417 1549 de
438 1523 543 1562 pace
563 1509 670 1550 vobis
696 1510 918 1563 agentibus,
943 1524 1041 1563 quas
1066 1525 1192 1562 pares
1214 1510 1387 1563 paribus
1401 1512 1570 1564 fereba-

153 1581 237 1607 mus
256 1567 516 1614 conditiones,
535 1568 688 1606 easdem
711 1581 814 1607 nunc
835 1568 1004 1607 victores
1025 1568 1150 1620 victis,
1151 1568 1240 1621 feri
1245 1582 1335 1608 mus.
1395 1570 1568 1622 Europa
1582 1574 1673 1623 Rapis
1686 1584 1757 1606 con-

152 1623 362 1671 abstinete,
378 1623 558 1677 Asiaque
578 1625 697 1672 omni,
712 1638 802 1677 quae
821 1626 879 1664 cis
906 1624 1083 1664 Taurum
1105 1631 1270 1665 montem
1292 1631 1363 1673 est,
1378 1627 1566 1667 decedite.
1581 1619 1723 1649 d1t1ones.

152 1682 241 1722 Pro
263 1681 442 1733 inpensis
463 1681 608 1721 deinde
629 1682 672 1720 in
693 1681 975 1735 bellumfactis
996 1683 1220 1735 quindecim
1246 1683 1377 1722 millia
1397 1682 1568 1723 ³⁴talen-

153 1737 240 1779 tam
259 1737 522 1778 Euboicorum
543 1737 715 1779 dabitis.-
747 1739 968 1792 quingenta
992 1740 1239 1791 praesentia;
1273 1741 1352 1779 duo
1377 1742 1516 1781 millia·
1531 1748 1569 1782 et

152 1796 387 1850 quingenta,
401 1809 518 1848 quum
537 1801 698 1836 senatus
707 1797 957 1850 populusque
980 1796 1189 1837 Romanus
1199 1811 1343 1849 pacem
1358 1796 1569 1851 ³⁵compro-

154 1853 362 1898 baverint;
386 1853 519 1893 millia
535 1853 681 1893 deinde
694 1853 889 1893 talentum
897 1868 976 1906 per
991 1855 1196 1894 duodecim
1212 1868 1351 1894 ann-os.
1394 1856 1570 1896 Eumeni

155 1924 309 1964 quoque
328 1910 448 1950 reddi
467 1911 769 1963 quadringenta
786 1911 957 1960 talenta,
981 1917 1019 1951 et
1037 1912 1145 1964 quod
1146 1911 1354 1965 frumenti
1374 1913 1570 1966 reliquum

155 1981 204 2007 ex
222 1981 281 2015 e0‚
304 1967 411 2020 quod
423 1968 544 2019 patri
562 1967 734 2008 debitum
751 1973 822 2017 est,
833 1969 986 2020 placet.
1028 1969 1135 2008 Haec
1152 1983 1267 2021 quum
1279 1970 1568 2023 pepigerimus,

137 2024 330 2079 facturos
342 2038 408 2064 vos
428 2030 472 2064 ut
486 2038 566 2077 pro
581 2031 688 2065 certo
707 2024 935 2075 habeamus,
951 2025 1028 2065 erit
1045 2027 1201 2078 quidem
1220 2027 1389 2079 aliquod
1396 2028 1567 2081 pignus,

153 2082 191 2122 si
209 2080 361 2122 obsides
381 2081 533 2134 viginti
551 2088 686 2122 nostro
707 2081 913 2122 arbitratu
929 2082 1100 2124 dabitis:
1130 2084 1200 2123 sed
1213 2081 1484 2136 3⁶nunlquam¹
1502 2099 1568 2124 sa-

153 2139 208 2180 tis
222 2137 390 2193 liquebit
406 2137 541 2195 nobis,
554 2138 613 2179 ibi
624 2152 766 2192 pacem
781 2153 862 2180 esse
874 2140 1030 2192 populo
1045 2139 1244 2190 Romano,
1261 2139 1330 2180 ubi
1345 2140 1570 2181 Hannibal

720 2234 732 2259 i
745 2249 888 2280 nusquam
905 2238 1001 2271 Gron.

198 2333 239 2363 34
270 2332 424 2364 Talentum
468 2332 678 2373 Euboicorum]
724 2332 839 2364 Talen-

157 2380 222 2405 tum
239 2376 412 2407 Euboicum
431 2377 541 2407 Festus
554 2385 621 2406 esse
644 2375 687 2406 ait
708 2381 840 2417 quatuor

157 2416 287 2449 millium
310 2419 515 2450 denariorum.
564 2417 658 2455 Quod
680 2417 706 2448 si
728 2418 840 2449 admit-

159 2463 251 2495 tatur,
287 2462 462 2494 Euboicum
501 2460 604 2492 minus
638 2460 695 2492 erit
734 2461 842 2492 Attico

159 2511 223 2533 una.
243 2504 333 2536 tertia
357 2511 455 2547 parte.
500 2505 643 2542 Quatuor
664 2503 747 2534 enim
771 2504 841 2535 mil-

160 2543 204 2574 lia
238 2544 432 2579 denariorum
469 2547 606 2578 efficiunt
635 2546 843 2587 quadraginta

160 2585 271 2623 minas,
293 2599 369 2630 quas
397 2590 538 2621 Atticum
567 2589 720 2620 talentum
748 2589 844 2621 habet

161 2629 331 2670 sexaginta.
362 2633 407 2663 At
421 2632 569 2668 Budaeus,
585 2632 606 2662 l.
623 2632 684 2664 IV.
697 2632 737 2663 de
751 2632 842 2667 Asse,

162 2671 281 2712 colligit
302 2683 340 2703 ex
365 2675 522 2706 Herodoto
545 2675 695 2706 talentum
726 2675 842 2706 Euboi-

161 2723 233 2760 eum
257 2713 400 2747 habuisse
427 2717 526 2748 minas
552 2728 606 2748 sex
629 2722 661 2748 et
686 2717 842 2759 quinqua-

162 2760 249 2795 ginta
261 2766 332 2788 cum
347 2757 468 2790 duabus
480 2760 572 2790 minae
595 2760 750 2802 partibus:
774 2771 844 2801 quae

160 2808 282 2829 summa
305 2800 410 2831 reduci
435 2802 526 2833 debet
551 2803 592 2834 ad
616 2812 668 2834 sex
693 2810 726 2834 et
753 2813 844 2834 sexa-

160 2840 248 2880 ginta.
283 2852 375 2884 supra
410 2850 569 2876 sexcentos
606 2851 638 2876 et
678 2845 844 2887 quinquies

161 2883 246 2914 mille
297 2884 451 2919 denarios.
512 2887 591 2918 Utra
641 2888 843 2919 aestimatione

883 2335 1029 2365 standum
1052 2333 1100 2370 sit,
1126 2333 1278 2365 Budaeine
1302 2345 1341 2366 an
1364 2334 1458 2371 Festi,
1483 2336 1570 2367 nobis

883 2387 945 2407 non
981 2377 1054 2408 satis
1090 2377 1198 2418 liquet.
1257 2378 1398 2408 Sufficiat
1434 2378 1571 2410 diversas

885 2420 1044 2450 amborum
1081 2420 1250 2451 sententias
1285 2420 1471 2462 exposuisse.
1537 2422 1570 2452 Si

885 2462 997 2493 Budaei
1024 2462 1239 2493 auctoritatem
1267 2472 1442 2504 sequamur,
1469 2464 1568 2495 talen-

886 2510 952 2535 tum
975 2504 1149 2536 Euboicum
1172 2505 1230 2536 erit
1251 2515 1426 2536 marcarum
1451 2507 1570 2547 argenti

885 2547 1067 2578 nostratium
1091 2548 1185 2589 paulo
1211 2548 1282 2590 plus
1313 2549 1363 2579 88.
1416 2548 1448 2579 Si
1475 2549 1569 2585 Festi,

885 2600 1057 2621 marcarum
1072 2591 1123 2621 62.
1138 2601 1210 2621 cum
1224 2590 1322 2622 unciis
1335 2592 1367 2622 4.

928 2635 970 2664 35
994 2634 1263 2674 Comprobaverint]
1296 2634 1381 2664 Vict.
1404 2633 1511 2668 codex,
1536 2640 1570 2665 ut

885 2681 916 2707 et
953 2675 1070 2717 Sigonii
1102 2676 1184 2712 liberv
1213 2678 1451 2715 comprobaverit:
1486 2677 1570 2717 quod

885 2718 1012 2750 fortasse
1034 2718 1293 2761 anteponendum.
1338 2717 1413 2749 Vid.
1434 2723 1498 2749 not.
1514 2719 1568 2750 38.

888 2761 928 2792 ad
943 2762 965 2793 l.
981 2762 1008 2792 I.
1023 2772 1050 2793 c.
1065 2764 1117 2793 58.

930 2805 972 2835 36
995 2804 1171 2845 Nunquam]
1198 2801 1407 2844 Reposuimus
1419 2813 1570 2844 nunquam

886 2856 924 2878 ex
953 2847 1038 2877 Vict.
1065 2846 1183 2882 codice,
1217 2855 1312 2886 quum
1348 2844 1464 2886 vulgati
1499 2846 1570 2877 libri

887 2889 1051 2931 praeferant
1064 2899 1222 2929 nusquam.-
1245 2886 1346 2918 minus
1357 2887 1484 2929 proprie.
