1947 3222
446 114 571 151 121ss.
606 112 693 149 XL.
731 111 867 148 CAP.
908 111 1144 149 XXXVIII.
1432 119 1507 160 489

85 224 224 265 munia
257 222 440 266 tardiora
473 220 686 264 fecerunt:
728 218 894 260 interim
927 220 975 259 P.
1000 220 1220 262 Cornelius
1254 229 1294 262 et
1327 223 1391 262 M.
1416 224 1507 265 Bae-
1522 237 1562 268 U,
1577 237 1613 268 C.
1626 237 1700 269 572.

87 282 197 331 bius,
219 281 294 336 qui
317 280 359 320 in
380 278 598 321 consulatu
618 276 723 318 nihil
751 276 1021 318 memorabile
1047 286 1275 331 gesserant,
1296 278 1338 319 in
1360 280 1509 336 Apua-
1523 279 1615 312 A.C.
1629 281 1700 311 180.

88 354 161 379 uos
184 337 365 394 Ligures
385 337 615 378 exercitum
635 335 908 376 induxerunt.

147 395 430 436 XXXVIII.
463 392 659 448 Ligures,
683 391 758 448 qui
788 398 884 432 ante
914 391 1143 432 adventum
1174 390 1217 431 in
1252 392 1525 446 provinciam'

86 452 305 493 consulum
336 465 418 492 non
447 457 757 506 exspectassent
785 448 959 498 bellum,
984 447 1196 504 inproviso
1225 449 1426 504 obpressi,
1454 451 1510 492 ad

88 509 310 550 duodecim
330 507 459 549 millia
474 507 692 548 hominum
714 505 969 547 dediderunt
991 521 1044 546 se.
1106 506 1207 555 Eos,
1225 505 1416 547 consulto
1436 522 1510 562 per

88 566 228 608 literas
261 564 379 621 prius
409 572 571 615 senatu,
602 563 809 604 deducere
839 578 890 603 ex
925 562 1140 604 montibus
1170 562 1212 603 in
1248 578 1370 619 agros
1403 578 1512 604 cam-

87 631 245 679 pestres
276 622 422 678 procul
452 622 505 663 ab
526 622 667 671 domo,
688 636 740 661 ne
769 620 931 661 reditus
962 635 1055 676 spes
1084 628 1205 670 esset,
1230 620 1450 661 Cornelius
1470 630 1513 663 et

89 679 259 721 Baebius
286 688 543 728 statuerunt,
570 678 737 719 nullum
767 677 894 718 alium
928 685 1024 718 ante
1054 677 1179 718 finem
1209 677 1290 718 rati
1319 677 1410 718 fore
1442 677 1514 719 Li-

85 736 245 792 gustini
265 736 378 777 belli.
440 737 558 791 Ager
578 734 776 792 publicus
805 734 953 791 populi
976 734 1157 775 Romani
1178 742 1265 776 erat
1288 733 1330 775 in
1355 735 1515 776 Samni-

88 794 216 844 tibus,
238 793 272 818 9⁶
289 794 363 850 qui
387 789 719 834 Taurasinorum
733 797 746 819 y
770 791 942 846 [fuerat.
996 792 1049 832 In
1069 807 1163 832 eum
1187 792 1342 848 quum]
1367 792 1514 834 tradu-

87 866 178 891 cere
198 851 378 906 Ligures
394 851 601 907 Apuanos
617 849 786 898 vellent‚
808 849 1047 899 edixerunt,
1060 847 1094 875 ²⁷
1102 848 1284 904 Ligures
1299 850 1354 891 ab
1373 849 1514 892 Anido

88 908 301 949 montibus
335 907 584 949 descendere
614 921 710 948 cum
745 906 886 948 liberis
916 906 1277 962 conjugibusque:
1321 922 1398 948 sua
1426 922 1514 948 om-

87 964 156 1005 nia
177 979 316 1006 secum
346 972 577 1020 portarent.
639 964 835 1019 Ligures,
859 979 968 1020 saepe
998 978 1073 1019 per
1103 963 1262 1018 legatos
1283 962 1653 1020 deprecati,Apuani
1669 975 1702 1006 in

87 1037 138 1062 ne
167 1030 353 1078 penates,
377 1021 531 1070 sedem,
553 1021 596 1062 in
617 1037 704 1077 qua
732 1020 864 1076 geniti
894 1028 1045 1070 essent,
1069 1019 1260 1076 sepulcra
1287 1022 1510 1077 majorum,
1524 1017 1686 1049 Samnium

87 1087 336 1134 cogerentur
352 1079 603 1134 relinquere,
620 1093 749 1128 arma,
767 1077 931 1119 obsides
947 1077 1265 1132 pollicebantur.
1286 1086 1514 1134 postquam

87 1136 192 1176 nihil
223 1136 520 1192 impetrabant,
552 1150 689 1191 neque
718 1134 827 1175 vires
857 1134 911 1175 ad
947 1133 1187 1175 bellandum
1220 1142 1353 1184 erant,
1375 1135 1514 1178 edicto

86 1201 330 1248 paruerunt.
392 1191 599 1233 Traducti
635 1200 732 1233 sunt
767 1191 939 1248 publico
973 1199 1118 1233 sumtu
1147 1190 1202 1232 ad
1230 1191 1514 1248 quadraginta

86 1249 216 1290 millia
245 1249 471 1291 liberorum
500 1249 687 1305 capitum
708 1264 804 1290 cum
835 1248 1002 1290 feminis
1029 1248 1268 1304 puerisque.
1300 1248 1335 1272 ²⁸
1349 1250 1513 1305 argenti

84 1307 185 1348 data
205 1315 373 1348 centum
395 1315 436 1348 et
457 1305 769 1362 quinquaginta
788 1305 952 1356 milliaZ,
972 1305 1007 1330 ‘²⁹
1015 1305 1140 1356 unde,
1162 1305 1206 1346 in
1235 1320 1364 1347 novas
1385 1307 1511 1358 aedes,

85 1372 390 1420 compararent,
421 1377 521 1419 quae
555 1378 662 1419 opus
697 1370 844 1404 essent.
886 1377 988 1419 agro
1022 1362 1250 1403 dividendo
1285 1363 1512 1420 dandoque

85 1420 228 1470 iidem,
270 1420 345 1476 qui
389 1420 681 1471 traduxerant,
724 1419 944 1461 Cornelius
983 1428 1025 1462 et
1067 1419 1239 1461 Baebius
1278 1421 1509 1477 praepositi.

85 1477 398 1533 postulantibus
414 1486 553 1519 tamen
583 1477 698 1533 ipsis,
721 1477 991 1534 quinqueviri
1012 1477 1066 1518 ab
1097 1485 1244 1518 senatu
1276 1477 1381 1528 dati,
1403 1493 1511 1534 quo·

85 1547 179 1575 rum
201 1550 254 1576 cx
284 1534 454 1575 consilio
482 1543 665 1590 agerent.
728 1533 960 1576 Transacta
989 1549 1048 1585 re,
1070 1549 1204 1590 quum
1235 1543 1416 1576 veterem
1440 1551 1510 1576 ex-

128 1610 145 1635 y
161 1607 306 1638 lacunam
330 1606 410 1638 hane
433 1606 583 1639 indicavit
601 1607 693 1638 modo
708 1607 860 1638 asteriscis
876 1607 1064 1645 Gronovius,
1079 1617 1142 1638 non
1154 1607 1291 1651 explevit
1301 1619 1309 1647 3
1333 1607 1510 1639 Crevierius

85 1656 201 1686 autem,
217 1650 295 1681 utin
309 1655 408 1687 textu,
423 1649 529 1683 habet.
657 1655 676 1671 z
691 1650 763 1682 add.
778 1651 941 1682 sestertium
957 1651 1056 1683 Gron.
1071 1651 1164 1682 Crev-

129 1718 171 1749 26
197 1718 258 1754 Qui
294 1718 524 1749 Taurasinorum
557 1718 693 1760 [fuerat.
738 1718 777 1749 In
820 1728 928 1749 vocem
962 1720 1090 1760 argenti,
1120 1726 1189 1759 quae
1223 1716 1350 1759 quidem
1384 1717 1510 1750 omnino

85 1771 153 1791 eum
175 1761 280 1803 quum]
304 1762 474 1802 traducere]
498 1762 606 1793 Verba
627 1772 697 1803 quae
718 1772 776 1792 un-
820 1771 1055 1804 supervacanea
1079 1766 1157 1798 erat,
1183 1771 1279 1802 quum
1305 1760 1383 1791 nulli
1407 1768 1511 1793 essent

84 1803 129 1834 cis
152 1803 272 1835 inclusa
294 1810 377 1841 sunt,
400 1815 438 1836 ex
462 1804 579 1846 Sigonii
599 1805 778 1847 conjectura
819 1805 952 1836 sestertii
979 1804 1032 1835 alii
1055 1815 1150 1845 quam
1171 1803 1321 1845 argentei.
1365 1804 1511 1836 Secundo

88 1852 159 1877 sunt
192 1847 323 1890 adjecta.
369 1849 421 1879 De
451 1848 692 1879 Taurasinorum
723 1858 777 1879 no-
820 1854 945 1879 centurn
970 1853 1002 1878 et
1023 1847 1251 1889 quinquaginta
1278 1846 1377 1878 millia
1397 1853 1508 1879 sester-

86 1890 170 1920 mine
185 1889 355 1922 dubitatur.
400 1892 439 1921 In
455 1896 516 1922 vet.
531 1891 603 1922 edit.
621 1902 675 1934 pro
689 1893 772 1922 Tau-
816 1891 893 1922 tifim
920 1895 1046 1932 aequant
1068 1901 1188 1921 marcas
1212 1890 1331 1930 argenti
1356 1895 1509 1922 nostrates

1524 1061 1707 1093 transducti.

86 1934 253 1963 rusinorum
275 1934 397 1975 legitur,
412 1939 491 1965 teste
508 1934 676 1970 Gronovio‚
693 1935 772 1964 Tau·

85 1977 269 2007 raniuorum.
313 1976 479 2008 Tauraniae
510 1977 616 2019 oppidi
645 1976 772 2008 mentio-

86 2029 157 2049 nem
175 2018 248 2050 facit
262 2019 394 2056 Plinius,
410 2019 434 2051 l.
446 2020 511 2050 ΙΙΙ.
527 2030 555 2051 e.
571 2023 601 2052 5.

130 2062 170 2092 27
204 2062 329 2104 Ligures
361 2065 396 2093 ab
424 2064 521 2093 Anido
550 2064 695 2093 ‘montibus
723 2063 772 2093 de-

84 2105 233 2145 scendere]
264 2106 357 2136 Hunc
379 2111 551 2137 extremum
572 2106 774 2147 quadragesi-

86 2157 171 2178 mum
197 2147 310 2179 librum
339 2148 482 2190 Sigonius
508 2154 540 2179 et
565 2149 619 2180 alii
649 2154 776 2180 monent

86 2200 125 2220 ex
144 2190 236 2222 unico
258 2191 439 2234 exemplari,
454 2191 536 2234 quod
558 2191 591 2222 in
607 2192 776 2224 Germania

87 2233 174 2270 foret,
190 2233 378 2276 descriptum
400 2246 479 2266 esse.
524 2235 636 2276 Itaque
658 2235 772 2266 miran-

88 2275 163 2306 dum
178 2287 240 2307 non
255 2285 311 2313 est,
327 2278 411 2319 quod
434 2277 460 2308 is
482 2278 621 2320 pluribus
643 2277 675 2308 iu
698 2277 773 2309 locis

89 2317 275 2351 deformatus
289 2321 467 2363 reperiatur.
513 2321 611 2352 Velut
625 2321 684 2352 hoc
706 2322 774 2352 loco

87 2371 180 2400 grave
202 2364 349 2395 mendum
370 2369 427 2400 est,
443 2364 526 2405 quod
550 2362 680 2394 feliciter
701 2374 773 2406 pur-

87 2413 160 2443 gare
182 2405 301 2437 videtur
323 2407 484 2438 Muretus:
509 2408 636 2450 Ligures
656 2408 776 2446 Apuani

84 2447 123 2476 ‹Ie
148 2450 288 2480 montibus
313 2452 527 2482 descenderent.
574 2450 680 2481 Verba
704 2455 776 2480 sunt

86 2488 182 2520 edicti
197 2492 368 2525 consulum.

131 2534 172 2564 28
195 2534 319 2575 Argenti
343 2538 414 2566 data
439 2542 557 2567 centnm
579 2541 607 2566 et
630 2537 776 2576 quinqua-

84 2576 172 2615 ginta
206 2577 317 2618 millia]
360 2579 537 2610 Glareanus
577 2578 771 2609 dubitanter:

85 2620 286 2657 adjiciendum
306 2627 388 2659 puto,
402 2623 572 2654 sestertium.
618 2622 687 2653 Hoc
711 2621 774 2652 vel-

89 2666 124 2691 ut
154 2673 191 2693 ex
225 2663 351 2694 oraculo
379 2664 548 2705 profectum
582 2665 776 2706 arripuerunt

87 2703 221 2736 editores
248 2715 354 2737 ornnes
379 2711 410 2736 et
435 2706 467 2737 in
492 2712 669 2738 contextum
694 2707 774 2739 inse-

88 2754 226 2783 ruerunt,
251 2759 348 2791 quum
377 2754 481 2780 tamen
507 2750 584 2782 nihil
609 2751 649 2781 sit
674 2751 776 2782 minus

85 2791 259 2831 probabile.
303 2791 409 2823 Primo
429 2791 510 2823 enim
535 2803 596 2823 non
617 2793 773 2825 existima-

90 2843 158 2864 mus
173 2844 211 2864 ex
234 2844 291 2865 usu
315 2834 408 2866 fuisse
425 2834 604 2867 Latinorum
626 2842 660 2867 ut
679 2845 774 2876 quum

88 2885 141 2917 pei·
168 2878 321 2909 sestertios
351 2883 558 2916 numerarent,
587 2884 776 2921 apponerent

817 1936 881 1965 586
909 1935 990 1964 fere:
1022 1944 1144 1964 summa
1169 1933 1354 1976 perridicule
1383 1934 1507 1975 exigua,

817 1987 887 2018 quae
917 1977 949 2007 in
978 1977 1187 2018 quadraginta
1218 1976 1377 2007 hominum
1409 1977 1509 2009 millia

817 2019 981 2051 dividatur.
1027 2019 1249 2050 Resecandum
1269 2029 1341 2060 ergo
1364 2019 1511 2051 duximus

817 2062 1037 2095 inconcinnum
1074 2062 1332 2094 additamentum.
1386 2063 1510 2095 Rursus

818 2106 844 2136 si
858 2107 908 2137 vel
922 2106 1132 2147 intelligamus
1143 2105 1192 2136 vel
1205 2105 1390 2147 adjiciamus
1402 2108 1507 2146 pondo,

818 2148 944 2181 inmane
958 2149 1080 2192 pondus
1095 2147 1213 2189 argenti
1229 2153 1374 2190 exurget:
1395 2160 1508 2181 marcae

819 2198 971 2224 nostrates
1005 2192 1145 2223 234375.
1184 2197 1391 2233 praeterquam
1424 2192 1508 2234 quod

817 2235 981 2267 verisimile
996 2245 1058 2266 non
1075 2240 1121 2265 est
1143 2240 1305 2275 argentum
1326 2245 1388 2266 non
1401 2236 1507 2276 signa-

816 2284 883 2309 tum
909 2278 1074 2320 Liguribus
1103 2277 1212 2308 datum
1238 2288 1315 2309 esse.
1360 2279 1506 2320 Suspica-

816 2332 885 2352 mur
908 2322 1010 2364 potius
1032 2331 1087 2364 per
1110 2321 1143 2352 τὸ
1157 2323 1274 2361 argenti
1302 2320 1352 2351 hic
1377 2321 1507 2352 indicari

817 2364 971 2401 denarios,
996 2363 1259 2406 quemadmodum
1284 2362 1317 2392 in
1342 2365 1507 2406 compluri-

818 2408 876 2438 bus
902 2407 971 2438 aliis
991 2408 1068 2438 locis
1090 2407 1137 2437 hae
1161 2417 1262 2443 voceS,
1276 2409 1394 2448 argenti
1415 2410 1507 2449 bigati

818 2451 867 2481 vel
903 2452 1084 2492 quadrigati,
1116 2449 1235 2491 junctae
1270 2460 1343 2480 cum
1378 2460 1506 2482 numero

818 2494 925 2530 millia,
950 2493 1126 2536 exprimunt
1153 2492 1276 2533 bigatos
1300 2493 1351 2523 vel
1381 2493 1506 2534 quadri-

819 2542 907 2577 gatos
943 2536 1097 2568 denarios.
1155 2535 1215 2566 Sed
1255 2545 1352 2577 quum
1388 2535 1506 2567 denarii

820 2580 955 2611 150000.
981 2579 1118 2611 efficiant
1143 2578 1358 2609 tantummodo
1385 2578 1507 2619 pondus

818 2629 992 2654 marcarum
1030 2621 1150 2664 argenti
1187 2620 1406 2652 Parisiensium
1444 2621 1507 2651 fere

819 2666 915 2697 2344.
928 2666 1020 2698 facile
1035 2664 1257 2696 crediderimus
1272 2673 1433 2694 numerum
1449 2663 1506 2694 hoc

819 2709 888 2739 loco
912 2719 978 2740 esse
1004 2709 1219 2751 depravatum,
1242 2711 1273 2737 et
1297 2706 1446 2737 minorem
1469 2717 1506 2737 eo

816 2762 910 2792 quem
928 2750 1036 2783 Livius
1051 2751 1189 2782 dederat.
1202 2768 1205 2771 μ

861 2796 903 2826 29
931 2795 1015 2826 Unde
1038 2795 1069 2823 in
1092 2802 1177 2823 novas
1197 2789 1285 2832 rt‘dcs]
1323 2791 1392 2821 Imo
1413 2792 1505 2822 sedes.-

814 2848 882 2877 qua
912 2848 984 2868 voce
1013 2835 1252 2867 continebuntur
1279 2838 1310 2865 et
1339 2833 1448 2866 domus
1471 2839 1504 2865 et

821 2889 897 2919 agn.
