1947 3222
286 118 336 153 84
811 109 953 149 T1T1
1000 110 1176 150 lelx

79 236 122 266 U.
134 234 172 266 C.
183 234 256 265 555.
290 221 465 285 speciem
500 219 695 275 legationi
731 219 954 275 adjicerem
1003 221 1052 270 Q.
1083 220 1279 269 Fabium,
1319 219 1482 271 (uxoris
1519 219 1702 270 Quinctii

78 278 121 309 Α·
135 281 170 308 (3·
189 276 258 307 197.
291 292 440 320 sororis
459 276 570 317 filius
589 279 698 330 erat)
720 285 761 318 et
783 277 832 326 Q.
851 276 1066 325 Fulvium,
1088 286 1129 317 et
1150 278 1236 332 Ap.
1260 276 1486 317 Claudium
1507 277 1633 318 misit.

351 334 605 374 XXXVII.
637 334 700 374 Ut
721 342 893 374 ventum
910 333 1089 373 Romam
1110 343 1186 382 est,
1204 334 1321 388 prius
1337 333 1540 396 sociorum
1561 332 1704 388 legati,

295 405 423 447 quam
448 389 571 445 regis,
593 389 727 431 auditi
748 397 856 430 sunt.
888 397 1023 429 cetera
1051 404 1194 429 eorum
1223 390 1355 430 oratio
1385 389 1578 430 conviciis
1597 405 1707 445 regis

296 455 513 489 consumta
551 454 625 487 est.
684 445 954 486 ⁵1Moverunt
996 460 1044 486 eo
1082 445 1261 486 maxime
1302 455 1504 497 senatum,
1542 446 1710 487 demon-

297 503 466 546 strando
486 502 610 543 maris
637 510 926 556 terrarumque
947 501 1125 563 regionis
1145 502 1236 557 ejus
1266 502 1416 543 situm:
1448 513 1496 544 ut
1517 502 1712 543 omnibus

297 561 530 621 adpareret,
553 559 586 599 si
617 557 927 599 Demetriadem
957 572 1000 597 1n
1027 557 1256 609 Thessalia,
1280 559 1558 600 Chalcidem
1550 575 1590 599 111
1622 560 1712 600 Eu-

296 617 406 666 boea,
430 615 680 657 Corinthum
708 614 751 654 in
778 613 942 654 Achaia
969 629 1044 654 rex
1074 623 1246 665 teneret,
1274 630 1357 656 non
1390 631 1510 672 posse
1540 616 1712 657 liberam

302 673 509 714 Graeciam
548 686 656 712 esse:
700 678 741 712 et
776 670 914 725 ipsum
950 670 1210 726 Philippum,
1243 686 1325 712 non
1360 672 1712 723 contumeliosius,

90 729 198 770 Legati
216 727 428 794 regiiquam
447 727 600 777 verius,
621 727 840 790 compedes
860 742 928 767 eas
946 727 1120 768 Graeciae
1141 728 1359 782 adpellare.
1394 729 1544 784 Legati
1565 728 1716 770 deinde

89 758 279 846 ξῃξὲρᾟῃᾶξο
301 786 412 851 regis
437 783 672 826 intromissi.
704 783 873 839 quibuS,
894 783 1122 838 longiorem
1143 799 1298 824 exorS1s
1317 785 1558 835 orationem,
1578 786 1718 827 brevis

92 858 185 889 missi.
303 840 587 897 interrogatio,
616 855 857 881 cessurusne
886 840 937 881 iis
966 841 1103 881 tlibus
1132 840 1309 881 urbibus
1343 849 1463 891 esset,
1490 857 1717 883 sermonem

305 898 465 948 incidit,
487 910 619 953 quum
640 896 826 938 mandati
848 897 926 938 sibi
947 897 999 938 de
1020 896 1084 937 his
1103 896 1346 938 nominatim
1376 906 1575 953 negarent
1596 898 1719 954 quid-

309 970 446 1018 quam.
494 954 550 995 510
590 953 744 994 infecta
781 968 896 1008 pace,
933 952 1033 1009 regii
1076 953 1243 994 dimissi.
1307 955 1503 1004 Quinctio
1543 954 1721 996 liberum

307 1011 527 1053 arbitrium
559 1010 671 1067 pacis
701 1026 747 1051 ac
775 1009 873 1050 belli
909 1009 1417 1066 Ρο111115511111.52ῼι1001ε
1444 1020 1492 1052 ut
1523 1012 1621 1053 satis
1650 1011 1723 1052 ad-

308 1067 465 1131 paruit,
495 1082 579 1108 non
614 1066 768 1108 taedere
797 1066 896 1107 belli
929 1075 1132 1115 senatum,
1164 1076 1204 1108 et
1239 1067 1342 1123 ipse,
1368 1067 1566 1117 victoriae,
1593 1083 1722 1124 quam

309 1140 436 1181 paels,
458 1123 632 1173 avidior,
654 1138 790 1178 neque
820 1123 1088 1178 conloquium
1118 1132 1262 1186 postea
1283 1124 1480 1179 Philippo
1501 1124 1633 1175 dedit,
1654 1140 1724 1165 ne-

310 1197 391 1236 que
421 1181 669 1236 legationem
698 1180 836 1230 aliam,
857 1195 985 1236 quam
1006 1194 1104 1235 quae
1128 1195 1238 1221 Omnl
1262 1181 1424 1222 Graecia
1447 1181 1589 1222 decedi
1619 1197 1725 1222 nun-

312 1238 453 1287 ciaret,
460 1215 754 1278 admissurum
775 1236 895 1278 dixit.

99 1298 300 1341 Philippifoe-
370 1269 652 1335 XXXVIII.
686 1293 923 1349 Philippus,
945 1309 1076 1349 quum
1107 1294 1193 1335 acie
1223 1294 1527 1336 decernendum
1548 1295 1724 1344 videret,

99 1343 240 1415 {iffiffissn
313 1359 354 1393 et
389 1350 576 1406 undique
606 1350 660 1391 ad
695 1366 736 1391 50
771 1351 1070 1392 contrahendas
1099 1351 1222 1401 vires,
1257 1352 1435 1392 maxime
1470 1352 1522 1392 de
1553 1351 1726 1392 Achaiae

157 1397 173 1416 ‘³
229 1407 237 1415 ⁰
314 1408 505 1456 urbibus,
530 1406 708 1461 regionis
737 1407 790 1448 ab
821 1422 862 1447 se
891 1407 1080 1457 (Ην-01531,
1106 1417 1147 1448 et
1181 1408 1312 1463 magis
1341 1416 1477 1449 tamen
1510 1408 1561 1449 de
1583 1408 1727 1463 Argis,

315 1479 441 1520 quam
475 1463 526 1504 de
563 1463 780 1512 Corintho,
812 1463 1026 1514 sollicitus,
1057 1463 1261 1519 optimum
1297 1473 1413 1506 ratus
1449 1464 1604 1506 Nabidi
1637 1479 1727 1505 eam

317 1519 726 1562 Lacedaemoniorum
759 1528 938 1582 tyranno
961 1519 1116 1561 ⁵³velut
1146 1521 1403 1561 fiduciariam
1434 1521 1547 1571 dare,
1568 1529 1615 1561 ut
1646 1520 1730 1561 vic-

317 1578 398 1619 tori
420 1576 497 1618 sibi
518 1576 781 1622 restitueret;
815 1575 847 1617 si
868 1576 972 1631 quid
993 1577 1074 1618 adv
1064 1577 1154 1618 ersi
1176 1577 1434 1627 accidisset,
1425 1593 1512 1633 lpse
1541 1578 1729 1627 haberet,

319 1633 510 1696 Philocli,
537 1633 610 1688 qui
643 1632 846 1673 Corintho
873 1633 1085 1688 Argisque
1115 1642 1306 1689 praeerat,
1330 1634 1486 1684 scribit,
1510 1642 1557 1675 ut
1591 1642 1734 1690 tyran-

319 1706 422 1732 num
450 1689 537 1746 ipse
567 1689 814 1730 conveniret.
878 1690 1096 1740 Philocles,
1118 1699 1399 1745 praeterquam
1420 1691 1570 1746 quod'
1555 1706 1644 1747 Jam
1666 1705 1733 1731 ve-

319 1747 460 1788 niebat
500 1760 594 1786 cum
629 1760 814 1809 munere,
850 1745 994 1801 adjicit
1028 1747 1081 1787 ad
1122 1747 1274 1802 pignus
1313 1748 1470 1788 futurae
1509 1748 1597 1802 regi
1638 1761 1733 1787 cum

322 1813 498 1869 tyranno
528 1801 734 1851 amicitiae,
760 1802 865 1843 filias
895 1818 989 1843 suas
1020 1818 1159 1858 regem
1191 1803 1367 1844 Nabidis
1396 1803 1491 1844 filiis
1524 1803 1735 1845 matrimo-

323 1861 391 1901 nio
412 1860 661 1915 conjungere
682 1858 797 1899 velle.
860 1860 900 1899 T
903 1876 930 1915 J
934 1874 1086 1900 rannus
1107 1859 1241 1924 primo
1262 1875 1425 1915 negare,
1448 1860 1567 1901 aliter
1587 1861 1734 1901 urbem

325 1932 413 1958 eam
435 1931 477 1957 se
503 1923 787 1971 acceptmum,
809 1915 885 1956 nisi
907 1916 1042 1971 Argix
1045 1932 1164 1957 orum
1194 1917 1380 1972 ipsorum
1410 1917 1576 1958 decreto
1606 1931 1736 1957 arces-

327 1973 429 2014 situs
450 1972 504 2013 ad
533 1971 736 2013 auxilium
766 1972 882 2013 urbis
902 1982 1018 2014 esset.
1051 1972 1213 2023 deinde,
1237 1982 1283 2014 ut
1314 1973 1521 2028 frequenti
1543 1973 1737 2014 concione

327 2045 407 2070 non
429 2029 698 2084 adspernates
718 2029 856 2079 modo,
879 2029 949 2069 sed
979 2030 1235 2071 abominatos
1257 2030 1379 2071 etiam
1401 2045 1550 2070 nomen
1571 2029 1737 2093 tyranni

329 2085 504 2136 audivit,
526 2100 712 2126 caussam
735 2100 775 2126 se
797 2085 999 2141 spoliandi
1020 2102 1087 2127 eos
1114 2094 1281 2127 nactum
1312 2095 1443 2136 ratus,
1466 2086 1643 2136 tradere,
1664 2085 1738 2127 ubi

119 2142 470 2200 AsgiNabidivellet,
506 2142 667 2191 urbem,
704 2141 928 2183 Philoclem
959 2143 1097 2198 jussit
1160 2144 1306 2191 Nocte,
1343 2143 1496 2199 ignaris
1531 2143 1739 2193 omnibus,

121 2202 292 2233 traduntur.
333 2208 526 2254 acceptus
556 2198 597 2239 111
620 2199 764 2239 urbem
795 2207 856 2240 est
887 2208 1098 2254 tJrannus.
1131 2201 1265 2255 prima
1295 2200 1385 2240 luce
1414 2209 1590 2256 occupat
1621 2215 1741 2262 supe-

334 2271 443 2298 rlora
480 2252 617 2296 onmia
662 2255 772 2296 loca:
825 2264 1041 2312 portaeque
1081 2256 1242 2298 clausae.
1315 2257 1466 2298 Paucis
1504 2257 1742 2313 principum

939 2392 950 2409 ⁵
969 2389 1032 2423 Quo
1047 2391 1143 2421 Uron.

380 2515 417 2545 51
443 2514 599 2545 Moverunt
623 2526 653 2544 m
675 2517 794 2544 maxime
813 2518 1017 2551 sen‹rtmn,de-
1063 2521 1119 2546 est.
1163 2515 1279 2546 Melius
1305 2520 1407 2546 tamen
1436 2515 1587 2545 videretur
1613 2517 1673 2551 cui,
1698 2514 1743 2545 ni-

336 2557 535 2597 monstrando]
565 2558 645 2588 Dele
660 2568 729 2587 cum
747 2558 902 2589 (jronovio
915 2568 1019 2600 super·
1063 2559 1171 2589 mirum
1188 2558 1326 2595 Quintio.

338 2610 505 2631 vacaneam
519 2600 660 2631 voculam
675 2611 715 2630 eo.
1106 2602 1147 2632 53
1174 2601 1259 2631 Velut
1283 2601 1493 2641 Jidwiariam]
1534 2600 1565 2630 Is
1595 2610 1657 2631 rem
1688 2599 1745 2630 ali-

382 2645 423 2674 52
449 2644 530 2676 Quod
559 2649 589 2671 ut
616 2644 682 2672 sacis
712 2644 860 2690 apparuit,
890 2655 944 2674 non
971 2650 1018 2674 ra·-
1063 2653 1156 2685 quam
1179 2643 1232 2674 dat
1254 2643 1452 2679 fiduciariam,
1468 2643 1520 2684 qui
1548 2643 1632 2673 illam
1656 2641 1744 2673 alteri

341 2687 424 2726 dere]
457 2685 629 2717 Gronovius
652 2695 688 2716 ex
717 2686 893 2727 conjectura
918 2697 1020 2718 emen—
1064 2697 1102 2718 ea
1126 2687 1191 2727 lege
1216 2685 1321 2724 tradit,
1346 2692 1380 2717 ut
1402 2685 1458 2716 sibi
1485 2685 1651 2727 aliquando
1677 2685 1745 2717 red-

344 2728 481 2763 daverat,
517 2740 571 2769 quo
605 2734 638 2758 ιιι
673 2731 741 2758 suris
777 2731 925 2768 apparuit.
978 2730 1021 2760 At
1066 2729 1166 2763 datur,
1183 2729 1242 2759 fide
1266 2729 1416 2770 utrimque
1431 2729 1515 2764 data,
1531 2729 1596 2759 sine
1618 2729 1747 2759 testibus

344 2781 437 2811 quum
467 2772 531 2813 ipse
561 2777 706 2812 agnoscat
736 2770 886 2802 interdum
918 2782 1020 2803 vocem
1068 2777 1121 2803 aut
1143 2771 1269 2802 litteris:
1296 2772 1375 2802 unde
1399 2778 1427 2801 et
1456 2771 1578 2806 fiducia,
1599 2781 1644 2802 res
1667 2770 1744 2801 fidu-

345 2815 418 2853 quod
439 2814 566 2844 otiosam
592 2824 669 2848 0550,
689 2814 754 2861 ejus
775 2814 951 2845 emendatio
973 2825 1023 2861 per
1067 2814 1172 2849 ciaria,
1208 2814 1368 2845 fiduciaria
1404 2814 1591 2857 mancipatio
1626 2813 1748 2850 dieitur,

345 2865 375 2885 se
397 2866 502 2897 parum
528 2857 608 2891 felix,
620 2867 684 2898 iam
709 2857 832 2889 minime
854 2867 1025 2889 necessaua
1069 2857 1141 2897 quia
1157 2868 1266 2900 nempe
1284 2858 1407 2889 alterius
1423 2857 1493 2889 fidei
1508 2857 1671 2889 credimus.
