1947 3222
120 225 298 256 1J.C.556.
331 220 417 260 tho:
449 218 554 259 ⁴¹⁹eas
584 232 735 272 quoque
763 219 868 258 enim
893 219 1055 271 placere
1084 218 1234 259 liberas
1263 232 1353 259 esse.

336 110 406 149 116
870 108 1008 147 TITI
1049 108 1219 146 LIVII

1426 219 1494 259 De
1527 218 1748 260 Cianorum

119 268 300 299 A.C.196.
332 276 534 325 libertate,
568 276 778 324 Quinctius
806 276 970 316 Prusiae
1001 276 1268 329 Bithynorum
1297 276 1387 329 regi
1415 275 1616 324 scriberet,
1647 276 1748 330 quid

333 335 492 375 senatui
520 339 559 374 et
588 334 716 373 decem
745 334 892 387 legatis
912 333 1142 385 placuisset.
1217 334 1412 386 Captivos
1439 333 1755 388 transfiigasque

334 392 501 431 reddere
522 391 761 443 Philippum
791 390 1003 437 Romanis,
1025 395 1064 429 et
1082 388 1239 430 ⁵⁰naves
1268 404 1398 431 omnes
1427 397 1550 431 tectas
1571 391 1747 438 tradere,

335 449 434 502 quin
454 454 491 488 et
511 449 665 502 regiam
685 461 805 486 unam
836 445 1030 486 inhabilis
1050 460 1180 499 prope
1202 447 1507 501 magnitudinis,
1529 461 1645 501 quam
1665 461 1755 487 sea·-

336 505 460 546 decim
482 519 613 546 versus
642 517 835 544 remorum
864 502 1050 556 agebant.
1110 503 1176 544 Ne
1190 505 1283 556 plns
1313 505 1542 559 quingentis
1571 510 1750 544 armato-

334 576 422 602 rum
442 562 620 610 baberet,
642 575 738 601 neve
763 560 1014 612 elephantum
1036 561 1173 601 ullum.
1232 561 1390 601 Bellum
1416 568 1532 602 extra
1555 561 1751 602 Macedo-

336 620 418 660 nice
420 620 532 671 fines
553 633 602 658 ne
623 616 776 671 injussu
804 623 964 657 senatus
988 624 1162 671 gereret.
1220 617 1384 659 ⁵1Mz'lle
1413 617 1605 659 talentzlm
1636 619 1755 658 daret

329 677 483 730 populo
511 674 715 716 Romano.-
746 675 955 714 dimidinm
973 688 1163 726 proesens‚
1182 676 1390 716 dimidium
1404 675 1667 728 pensionibus
1688 676 1754 715 de-

337 748 415 774 cem
443 746 654 772 annornm.
716 731 905 772 Valerius
935 730 1101 780 Antias,
1124 733 1377 787 quaternum
1403 732 1580 773 millium
1610 731 1755 789 pondo

337 789 498 846 argenti
528 788 707 845 vectigal
739 787 780 829 in
809 788 952 829 decem
983 803 1126 838 annos,
1147 787 1361 843 ⁵2triginta
1391 797 1595 845 quaterna
1622 788 1755 830 millia

337 845 492 903 pondo,
514 854 555 887 et
585 845 780 896 ducenta,
810 860 992 901 praesens
1022 844 1170 900 viginti
1201 845 1331 886 millia
1359 845 1511 901 pondo.
1542 845 1653 886 idem
1681 861 1756 886 no·

338 903 527 945 minatim
547 903 759 959 adjectum
781 903 939 954 scribit,
961 917 1012 943 ne
1033 917 1129 943 cum
1153 903 1358 951 Eumene,
1381 901 1519 943 Attali
1539 902 1641 952 filio,
1665 901 1759 955 (no-

340 976 418 1002 vus
446 961 482 1001 is
511 968 603 1002 tum
634 975 707 1001 rex
738 961 848 1014 erat)
874 959 1032 1000 bellum
1061 967 1239 1014 gereret.
1301 960 1352 999 In
1383 959 1474 1000 haec
1501 959 1666 1000 obsides
1691 974 1762 999 ac-

341 1017 465 1073 cepti,
495 1016 604 1058 inter
633 1031 739 1072 quos
772 1016 1012 1057 Demetrius
1046 1015 1232 1072 Philippi
1265 1015 1386 1056 filius.
1447 1015 1611 1071 Adjicit
1640 1015 1762 1056 Vale-

341 1073 428 1115 rius
458 1073 625 1123 Antias,
646 1072 836 1115 ⁵³Attalo
866 1073 1025 1114 absenti
1058 1072 1257 1128 AEginam
1287 1072 1465 1113 insulam
1495 1072 1758 1129 elephantos·

342 1146 425 1186 que
446 1130 555 1171 dono
576 1130 710 1180 datos,
733 1138 773 1172 et
805 1130 985 1171 Rhodiis
1017 1129 1315 1171 Stratoniceam
1339 1129 1474 1170 Cariae
1504 1137 1632 1186 atque
1659 1129 1761 1171 alias

344 1188 482 1238 urbes,
496 1202 610 1243 -quas
638 1187 862 1243 Philippus
891 1187 1116 1228 tenuisset:
1149 1186 1480 1228 Atheniensibus
1505 1186 1662 1228 insulas
1689 1186 1763 1228 da-

343 1253 420 1293 tas,
445 1246 599 1294 Paron,
623 1244 831 1295 Imbrum,
855 1243 1026 1292 Delum,
1052 1244 1242 1299 Scyrum.
1715 1289 1719 1292 θ

402 1301 591 1342 XXXI.
636 1301 843 1342 Omnibus
881 1301 1058 1342 Graeciae
1095 1299 1335 1341 civitatibus
1370 1300 1476 1341 hanc
1508 1315 1653 1356 pacem
1689 1301 1765 1342 ad-

131 1369 307 1401 AEtolorum
342 1357 632 1415 probantibus,
656 1357 731 1399 soli
754 1357 887 1399 AEtoli
914 1358 959 1398 id
986 1357 1201 1398 decretum
1221 1357 1362 1398 decem
1390 1356 1624 1413 legatorum
1655 1357 1762 1399 clam

131 1412 277 1454 querelae.

344 1423 576 1456 mussantes
605 1415 841 1470 carpebant.
875 1414 1057 1455 ⁵⁴¹literas
1091 1414 1232 1454 inanes
1261 1428 1369 1454 vana
1402 1416 1531 1466 specie
1559 1415 1766 1457 libertatis

346 1471 607 1513 adumbratas
626 1486 718 1512 esse.
776 1470 904 1512 ⁵⁵Cur
923 1473 1026 1512 enim
1048 1472 1156 1511 alias
1178 1471 1376 1512 Romanis
1401 1472 1516 1511 tradi
1544 1471 1672 1520 urbes,
1694 1486 1766 1513 nec

347 1529 555 1570 nominari
568 1543 648 1576 eas,
671 1529 780 1569 alias
800 1529 1020 1577 nominari,
1033 1534 1072 1568 et
1090 1528 1179 1568 sine
1193 1528 1418 1568 traditione
1429 1527 1599 1581 ⁵⁶juberi
1613 1528 1766 1570 liberas

347 1590 455 1628 esse?
487 1586 570 1626 nisi
589 1592 644 1634 ut,
668 1599 758 1639 quae
778 1586 820 1626 in
848 1585 952 1627 Asia
972 1586 1068 1633 sint,
1091 1585 1324 1634 liberentur,
1346 1584 1684 1639 ⁵⁷longinquitate
1704 1587 1768 1639 ip-

346 1659 392 1685 sa
413 1644 602 1684 tutiores:
625 1656 714 1696 quae
732 1643 774 1682 in
798 1642 965 1684 Graecia
981 1644 1076 1691 sint,
1093 1641 1182 1682 ⁵⁸ne
1203 1643 1422 1682 nominatae
1435 1643 1766 1696 intercipiantur,

352 1700 580 1747 Corinthus,
604 1706 642 1740 et
666 1700 841 1749 Chalcis,
863 1707 901 1740 et
925 1699 1087 1750 Oreum,
1108 1713 1191 1739 cum
1222 1700 1390 1740 Eretria
1422 1705 1460 1740 et
1488 1700 1768 1742 Demetriade.

351 1758 440 1799 Nec
462 1765 551 1798 tota
570 1772 622 1797 ex
643 1772 751 1797 vano
777 1756 1008 1798 criminatio
1029 1763 1128 1797 erat.
1161 1755 1439 1797 dubitabatur
1468 1756 1577 1797 enim
1606 1756 1659 1797 de
1691 1758 1773 1798 Co-

352 1814 507 1864 rintho,
529 1821 570 1854 et
601 1813 653 1854 de
687 1813 900 1863 Chalcide,
931 1821 972 1854 et
1001 1812 1283 1862 Demetriade,
1306 1812 1406 1868 quia
1432 1812 1474 1854 in
1502 1820 1767 1855 senatuscon-

353 1871 477 1921 sulto,
500 1886 586 1926 quo
605 1869 718 1911 missi
739 1870 880 1911 decem
905 1869 1031 1925 legati
1058 1870 1111 1910 ab
1138 1869 1242 1910 urbe
1267 1877 1398 1919 erant,
1421 1878 1570 1911 ceterae
1591 1870 1771 1912 Graeciae

354 1936 480 1983 atque
502 1927 616 1968 Asiae
636 1927 752 1968 haud
773 1927 900 1968 dubie
931 1927 1238 1968 liberabantur:
1276 1925 1328 1966 de
1348 1926 1413 1967 his
1434 1926 1572 1968 tribus
1594 1926 1774 1969 urbibus

355 1984 494 2039 legati,
516 1983 632 2040 quod
654 1995 840 2041 tempora
867 1983 1106 2040 reipublicae
1133 1983 1427 2039 postulassent,
1449 1982 1495 2024 id
1514 1998 1536 2024 e
1556 1983 1773 2040 republica.

358 2041 521 2096 fideque
543 2056 618 2081 sua
636 2040 786 2091 facere,
809 2049 990 2082 statuere
1005 2041 1112 2097 jussi
1132 2048 1261 2081 erant.
1317 2039 1556 2081 Antiochus
1571 2055 1644 2082 rex
1665 2049 1770 2092 erat,

402 2172 441 2202 49
479 2172 535 2202 Eas
559 2183 669 2212 quoqne
693 2171 784 2212 enim]
823 2171 908 2202 Illud
936 2183 1045 2212 quoquc

360 2225 420 2245 non
444 2220 489 2245 est
515 2225 533 2245 a
561 2214 702 2256 Polybio,
726 2221 756 2245 et
782 2225 903 2245 omnem
930 2214 1044 2246 decreti

359 2268 481 2288 sensum
498 2258 653 2298 pervertit.

403 2301 444 2331 50
477 2301 571 2330 Names
595 2312 688 2331 omnes
714 2306 800 2331 tectas
821 2301 946 2335 tradere,
973 2302 1043 2340 quin

361 2350 387 2373 et
416 2344 525 2383 regiam
552 2344 656 2384 mmm]
690 2342 821 2374 Videtur
844 2352 881 2373 ex
910 2342 1044 2385 Polybio

363 2385 546 2426 legendum:
584 2397 667 2417 nares
691 2397 784 2416 omnes
808 2392 894 2416 tectas
920 2389 1044 2420 tradere.

360 2435 468 2468 pra’ter
490 2429 589 2459 lembos
610 2431 747 2469 quinque,
763 2435 789 2459 e!
813 2430 924 2470 regiam
947 2440 1046 2460 uuam.

364 2472 388 2502 F
391 2470 451 2502 ulv.
468 2471 539 2502 Urs.

406 2515 444 2546 51
471 2514 556 2544 Mille
585 2514 742 2555 talentum]
780 2514 905 2544 Mamas
931 2514 1048 2554 argenti

364 2557 480 2588 93750.

407 2601 448 2630 52
487 2599 623 2640 Triginta
650 2606 791 2639 quaterna
820 2600 913 2629 millia
939 2600 1047 2641 pondo]

366 2642 444 2673 IIaec
473 2642 642 2685 depravata
669 2648 751 2676 sunt,
782 2652 836 2673 nec
864 2642 929 2672 sine
965 2642 1049 2673 libris

367 2695 454 2727 posse
469 2685 627 2717 emendari
641 2683 794 2716 videntur.

410 2729 450 2759 53
480 2730 580 2759 Attalo
601 2728 724 2769 absenti]
758 2728 837 2758 Nem
862 2737 879 2757 e
905 2727 1050 2757 Eumenis

368 2770 468 2801 fratri:
505 2781 575 2802 nam
601 2776 699 2813 pater,
724 2775 757 2801 ut
784 2738 875 2800 metio
899 2780 1048 2800 memora-

370 2819 431 2842 tum
448 2819 503 2848 est.
520 2819 657 2845 mortuus
670 2819 746 2844 erat.

413 2856 617 2887 54·J.im·ras
651 2856 765 2896 inunt-x]
820 2856 940 2885 Lirim-w
981 2862 1048 2885 sunl

1089 2169 1240 2211 quidquid
1274 2169 1427 2201 scribitur.
1493 2171 1605 2212 Itaque
1641 2176 1774 2212 carpunt

1091 2213 1146 2244 hoc
1167 2213 1326 2244 decretum
1350 2212 1450 2244 AEtoli
1471 2219 1618 2254 tanquam
1641 2214 1700 2244 scri
1724 2219 1774 2244 tu-

1090 2266 1154 2287 ram
1170 2256 1304 2292 inanem,
1322 2258 1414 2288 verba
1436 2256 1551 2292 inania,
1567 2266 1636 2298 quae
1653 2257 1692 2287 ob
1717 2267 1772 2288 uc-

1088 2304 1120 2329 ta
1148 2306 1178 2329 et
1200 2299 1289 2340 quasi
1314 2300 1450 2330 colorata
1475 2305 1578 2331 essent
1599 2309 1681 2330 vana
1701 2310 1772 2342 spe·

1088 2341 1134 2372 eie
1157 2342 1319 2378 libertatis,
1347 2352 1415 2383 qua:
1442 2352 1555 2373 vanam
1580 2342 1714 2384 speciem
1735 2341 1773 2373 li—

1091 2385 1218 2416 bertatis
1230 2390 1429 2416 ostentarent.

1133 2430 1175 2459 55
1214 2428 1278 2458 Cur
1303 2430 1379 2459 enim
1406 2429 1479 2458 alias
1509 2427 1663 2469 Romanis]
1701 2428 1778 2460 Vid-

1093 2475 1155 2502 not.
1168 2471 1220 2502 47.
1236 2471 1275 2502 ad
1287 2481 1314 2501 c.
1328 2471 1519 2512 praecedens.

1135 2515 1176 2544 56
1209 2514 1311 2544 Juben·
1337 2514 1439 2544 liberas
1464 2513 1534 2554 esse]
1573 2512 1716 2554 Sigonius
1744 2520 1777 2546 et

1094 2556 1268 2588 Gronovius
1310 2562 1393 2588 recte
1437 2562 1636 2599 reposuerunt
1674 2558 1779 2596 juberi

1092 2608 1146 2641 pro
1150 2601 1268 2637 jubere.

1134 2643 1444 2685 57³*Langinquicate
1470 2644 1531 2682 ipsa
1559 2643 1693 2685 tutiores]
1721 2640 1779 2674 'Eo

1093 2684 1158 2726 ipso
1172 2685 1298 2716 tutiores
1321 2685 1359 2716 ab
1383 2684 1530 2716 aviditate
1554 2685 1778 2723 Romanorum,

1092 2738 1166 2768 quia
1181 2728 1364 2759 remotiores.

1135 2771 1176 2801 58
1212 2771 1254 2801 Ne
1285 2771 1453 2811 munimur]
1493 2771 1573 2812 Lege
1604 2783 1662 2802 uon
1687 2772 1778 2802 nomi-

1094 2820 1182 2843 viarm.
