1947 3222
490 128 604 165 Llss.
637 124 824 161 XXXIV.
870 125 999 160 CAP.
1032 126 1119 162 LH.
1441 120 1512 170 ιη’

98 233 223 278 abire.
287 238 473 287 Quorum
506 248 654 290 agmen
688 233 915 289 imperator
948 243 1130 282 secutus,
1163 236 1510 290 prosequentibus
1526 245 1616 276 [ΠΟ.
1628 246 1702 277 558.

98 293 274 343 cunctis,
298 300 546 334 servatorem
577 290 926 345 liberatoremque
955 288 1299 340 adclamantibus,
1322 291 1510 334 salutatis
1525 290 1613 319 ³¹·C·
1632 289 1702 335 ¹9⁴·

97 349 359 405 dimissisque
399 347 470 397 eis,
506 346 665 395 eadem,
701 361 788 402 qua
820 354 1004 395 venerat,
1044 345 1112 385 via
1152 345 1334 386 Elatiam
1374 349 1507 390 rediit.
1524 332 1715 405 3,f1r5⁰⁰(‘'{1¹{¹1‘,

98 406 195 447 inde
231 420 326 447 cum
354 404 546 445 omnibus
575 403 704 458 copiis
735 404 818 458 Ap.
844 402 1067 444 Claudium
1106 401 1291 457 legatum
1321 397 1701 451 dimittitaeissetDe—

97 477 172 517 per
202 461 459 503 Thessaliam
488 468 615 515 atque
642 459 820 515 Epirum
852 459 1002 500 ducere
1028 458 1199 500 Oricum
1224 459 1362 514 jubet,
1384 468 1510 515 atque
1524 459 1695 489 mmsissssli·

98 518 156 559 ibi
188 534 228 559 se
256 516 450 574 opperiri.
482 516 578 557 inde
612 531 792 572 namque
827 516 871 556 in
906 516 1043 556 animo
1078 530 1178 564 esse,
1204 515 1432 556 exercitum
1467 517 1510 558 in
1522 501 1649 532 beratae.

100 575 267 616 Italiam
297 573 496 629 trajicere.
534 581 574 614 et
606 573 656 613 L.
682 572 878 622 Quinctio
907 572 1042 622 fratri,
1075 571 1212 627 legato
1242 580 1283 612 et
1312 573 1511 627 praefecto

98 631 250 679 classis,
285 630 442 681 scribit,
478 638 526 671 ut
561 628 767 670 onerarias
807 644 858 670 ex
899 630 1010 670 omni
1045 628 1220 670 Graeeiae
1254 643 1327 670 ora
1365 629 1523 671 eodem.

99 687 370 728 contraheret.

155 744 233 784 LI.
267 745 378 800 Ipse,
402 744 644 785 Chalcidem
678 743 905 799 profectus,
927 742 1118 784 deductis
1147 759 1228 784 non
1259 760 1283 784 a
1311 744 1510 786 Chalcide

97 800 246 850 solum,
269 800 341 841 sed
370 801 495 842 etiam
524 801 577 842 ab
606 802 715 841 Oreo
745 808 873 856 atque
894 799 1075 850 Eretria,
1097 800 1314 856 praesidiis,
1337 816 1512 842 conven-

97 865 190 898 tum
215 856 273 898 ibi
294 857 580 898 Euboicarum
610 856 841 898 civitatium
872 855 1043 897 habuit:
1076 857 1444 913 commonitosque,
1466 859 1509 898 in

97 929 182 969 quo
204 921 316 955 statu
337 929 477 955 rerum
498 913 719 970 accepisset
750 928 832 962 eos,
854 921 894 953 et
926 912 968 952 in
988 927 1075 967 quo
1101 913 1368 967 relinqueret,
1391 914 1510 955 dimi-

99 971 164 1010 sit.
226 970 535 1011 Demetriadem
562 970 658 1011 inde
688 968 986 1025 proficiscitur:
1019 968 1286 1023 deductoque
1314 970 1510 1024 praesidio

98 1027 446 1089 prosequentibus
480 1026 654 1076 cunctis,
686 1026 792 1066 sicut
825 1024 1018 1066 Corinthi
1053 1033 1094 1066 et
1127 1025 1340 1075 Chalcide,
1371 1027 1509 1081 pergit

97 1098 157 1123 ire
177 1082 219 1124 in
242 1083 524 1124 Thessaliam:
557 1082 629 1124 ubi
657 1097 741 1123 non
769 1081 994 1122 liberandae
1022 1080 1147 1121 modo
1168 1081 1356 1123 civitates
1377 1091 1508 1133 erant,

99 1139 171 1180 sed
201 1155 252 1180 ex
283 1140 395 1181 omni
424 1139 670 1180 conluvione
694 1147 734 1179 et
765 1137 1005 1179 confusione
1034 1137 1077 1178 in
1104 1137 1288 1193 aliquam
1318 1138 1511 1180 tolerabi-

99 1195 180 1236 lem
209 1196 386 1237 formam
416 1195 666 1251 redigendae.
728 1196 816 1236 Nec
837 1194 946 1235 enim
971 1202 1206 1250 temporum
1236 1195 1362 1236 modo
1381 1195 1509 1245 vitiis,

98 1268 146 1293 ac
177 1252 386 1304 violentia,
418 1261 459 1294 et
494 1252 659 1294 licentia
693 1252 808 1308 regia
842 1250 1000 1292 turbati
1037 1260 1178 1292 erant:
1218 1252 1289 1293 sed
1323 1251 1511 1307 inquieto

97 1309 218 1350 etiam
250 1310 418 1364 ingenio
447 1308 596 1365 gentis,
617 1324 692 1350 nec
722 1308 903 1358 comitia,
926 1322 1000 1349 nec
1031 1316 1296 1358 conventum,
1318 1323 1393 1349 nec
1417 1324 1511 1350 con-

97 1365 240 1407 cilium
260 1366 410 1416 ullum,
431 1381 514 1406 non
544 1381 619 1422 per
649 1365 892 1407 seditionem
912 1380 960 1405 ac
990 1364 1236 1415 tumultum,
1251 1365 1341 1420 jam
1370 1365 1466 1406 inde
1486 1382 1512 1407 a

98 1422 302 1479 principio
323 1423 377 1464 ad
406 1432 589 1464 nostram
616 1438 752 1478 usque
781 1429 962 1471 aetatem,
984 1420 1261 1462 traducentes.
1321 1423 1365 1462 A
1385 1437 1510 1463 censu

97 1480 277 1520 maxime
307 1487 348 1520 et
379 1488 567 1520 senatum
597 1488 638 1521 et
667 1478 831 1535 judices
864 1477 989 1532 legit:
1031 1478 1391 1533 potentioremque
1420 1493 1511 1520 eam

98 1544 260 1591 partem
280 1535 513 1577 civitatium
533 1535 646 1586 fecit,
669 1536 737 1576 cui
758 1534 871 1576 salva
890 1533 1201 1589 tranquillaque
1221 1536 1360 1577 omnia
1379 1535 1510 1591 magis

99 1606 185 1633 esse
206 1592 465 1648 expediebat.

156 1649 262 1689 LII.
297 1649 366 1690 Ita
380 1664 511 1704 quum
532 1647 831 1705 percensuisset
851 1646 1120 1698 Thessaliam,
1137 1663 1212 1704 per
1228 1649 1409 1705 Epirum
1430 1648 1511 1691 ⁷⁷in

100 1705 287 1755 Oricum,
309 1705 421 1746 unde
444 1714 532 1747 erat
562 1707 828 1762 trajecturus,
849 1704 975 1746 venit.
1035 1706 1108 1747 Ab
1130 1705 1255 1746 Orico
1275 1706 1405 1761 copiae
1425 1722 1512 1747 om-

98 1777 169 1803 nes
202 1761 475 1803 Brundisium
509 1770 813 1819 transportatae.
850 1761 946 1803 inde
979 1777 1054 1817 per
1089 1770 1219 1804 totam
1254 1763 1422 1804 Italiam
1456 1764 1510 1804 ad

97 1819 243 1860 urbem
273 1834 403 1874 prope
430 1819 750 1875 triumphantes,
772 1833 855 1859 non
884 1818 1042 1859 minore
1062 1818 1226 1874 agmine
1255 1834 1395 1860 rerum
1415 1835 1511 1875 cap-

98 1886 251 1925 tarum,
280 1891 406 1931 quam
440 1891 530 1927 su0,
560 1891 648 1931 prae
679 1891 720 1917 se
749 1884 856 1926 acto,
887 1884 1103 1916 venerunt.
1166 1875 1397 1930 Postquam
1425 1877 1511 1917 Ro-

96 1947 207 1972 mam
227 1940 398 1973 ventum
419 1940 496 1983 est,
518 1942 685 1974 senatus
714 1940 834 1973 extra
860 1932 1006 1973 urbem
1029 1931 1224 1982 Quinctio
1244 1932 1299 1972 ad
1328 1948 1392 1973 res
1421 1949 1511 1989 ges-

97 1997 162 2030 tas
192 1987 472 2030 edisserendas
499 1989 623 2030 datus
643 1997 719 2039 est,
740 1988 1065 2045 triumphusque
1094 1988 1268 2030 meritus
1288 1989 1340 2030 ab
1367 1989 1512 2031 luben-

99 2045 214 2086 tibus
253 2045 456 2086 decretus.
518 2046 733 2086 Triduum
772 2045 1060 2101 triumphavit.
1102 2045 1169 2085 die
1208 2045 1343 2100 primo
1382 2061 1510 2097 arma,
1527 2058 1666 2096 Quinctii

99 2101 195 2152 tela,
218 2102 419 2157 signaque
449 2117 556 2143 aerea
584 2111 625 2144 et
654 2117 884 2143 marmorea
913 2101 1141 2152 transtulit,
1164 2101 1287 2157 plura
1315 2102 1512 2159 Philippo
1526 2103 1708 2146 triumphus.

100 2158 279 2209 ademta,
310 2157 344 2185 78
356 2174 485 2214 quam
515 2175 611 2215 quae
640 2175 692 2200 ex
726 2158 965 2200 civitatibus
995 2166 1183 2214 ceperat:
1236 2159 1417 2200 secundo
1447 2160 1514 2201 die

98 2229 249 2256 aurum
270 2223 590 2271 argentumque,
611 2215 769 2257 factum
790 2215 1076 2269 infectumque
1097 2222 1138 2255 et
1159 2215 1381 2269 signatum.
1444 2218 1515 2258 In-

101 2271 199 2313 fecti
228 2270 262 2298 ⁷⁹
274 2272 436 2327 argenti
465 2272 547 2313 fuit
579 2272 720 2313 decem
741 2280 782 2313 et
809 2279 902 2313 octo
932 2271 1062 2312 millia
1094 2271 1250 2327 pondo,
1271 2280 1313 2313 et
1334 2273 1515 2314 ducenta

103 2327 368 2384 septuaginta
395 2328 518 2370 facti:
551 2344 650 2370 vasa
678 2328 813 2369 multa
840 2327 972 2369 omnis
1005 2327 1181 2383 generis,
1208 2327 1353 2369 caelata
1381 2329 1514 2385 plera-

104 2398 200 2438 que,
223 2384 416 2439 quaedam
441 2385 603 2426 eximiae
623 2385 749 2426 artis:
783 2393 824 2426 et
845 2399 896 2425 ex
926 2399 1006 2425 aere
1035 2384 1169 2425 multa
1188 2384 1427 2427 fabrefacta.
1460 2386 1514 2427 ad

102 2438 179 2480 hoc
209 2440 340 2497 clipea
368 2449 564 2497 argentea
583 2442 736 2484 decem.
800 2440 961 2496 Signati
990 2440 1151 2497 argenti
1180 2441 1393 2496 octoginta
1413 2458 1514 2499 qua-

148 2601 188 2631 77
213 2601 250 2632 In
287 2604 422 2646 Oricum]
466 2607 555 2638 Tolle
596 2606 786 2650 praepositio·
830 2611 914 2637 centa
940 2607 1136 2648 septuaginta.
1181 2606 1315 2637 Parvum
1341 2615 1415 2637 sane
1442 2616 1517 2647 pon-

105 2653 196 2673 nem:
219 2650 254 2675 ut
275 2655 377 2688 supra,
393 2650 498 2680 ducere
514 2650 644 2680 Oricum.
689 2651 788 2681 S1co-
832 2649 910 2687 dus3
933 2649 1061 2679 nimium
1085 2650 1224 2686 fortasse,
1240 2649 1265 2680 si
1291 2649 1388 2680 addas
1414 2649 1520 2678 millia.

108 2696 200 2716 mus.
834 2693 879 2723 Ut
905 2697 939 2722 ut
971 2691 1021 2727 sit,
1052 2691 1139 2722 librae
1170 2692 1323 2722 Romanae
1352 2691 1424 2721 270.
1449 2696 1521 2720 sunt

148 2728 189 2758 78
214 2728 309 2763 Quam
333 2741 398 2772 qvae
423 2743 456 2762 ez·
479 2734 660 2776 civitatibus]
695 2734 791 2766 Delet
833 2744 948 2765 marcae
978 2740 1128 2765 nostrates
1162 2736 1235 2771 421.
1269 2744 1340 2765 cum
1364 2731 1463 2763 unciis
1490 2734 1520 2763 7.

104 2770 138 2801 τ’)
152 2782 218 2810 quoe
233 2771 416 2804 Gronovius.
835 2777 936 2807 Librae
964 2777 1117 2809 Romanae
1144 2777 1284 2808 270000.
1313 2781 1385 2807 sunt
1410 2785 1520 2806 marcae

144 2813 185 2842 79
210 2814 334 2855 Argenti
357 2838 365 2846 .
383 2837 392 2846 .
417 2839 425 2846 .
448 2818 544 2848 decem
565 2825 593 2849 et
615 2825 675 2849 octa
698 2819 792 2850 millia
835 2820 974 2850 421375.
1510 2831 1514 2835 '

100 2856 210 2896 pondo]
252 2857 374 2888 Marcae
402 2865 550 2890 nostrates
573 2861 691 2892 28125.
723 2861 792 2891 Du-

160 2912 254 2938 voL.
280 2913 349 2940 111.
899 2918 926 2944 N
