1947 3222
533 114 650 152 LlB.
683 113 879 151 XXXIX.
918 114 988 151 CA
1003 114 1043 151 P.
1072 115 1175 152 LIV.
1471 120 1547 160 449

138 236 228 262 mos
267 237 292 262 a
331 222 561 279 suspicione
610 220 754 273 talium
804 221 1068 262 consiliorum
1113 231 1241 272 ratus,
1281 223 1457 264 mediam
1498 224 1540 265 in
1554 232 1593 263 U.
1608 232 1646 264 C.
1661 232 1735 263 569.

140 277 364 320 Thraciam
395 278 619 320 exercitum
651 277 692 317 in
722 276 922 333 Odrysas,
950 286 990 319 et
1018 277 1355 330 ¹⁰Denthe1et0s²‚
1377 288 1417 321 et
1444 281 1542 323 Bes-
1554 275 1594 306 A·
1608 275 1646 307 C.
1664 276 1736 307 183.

138 349 203 374 sos
242 335 377 377 duxit.
439 334 751 390 Philippopolin
791 334 951 384 urbem,
986 334 1090 390 fuga
1129 334 1329 376 desertam
1371 337 1544 393 oppida-

130 405 300 443 norum,
337 393 410 448 qui
450 391 490 432 in
530 391 722 447 proxima.
760 391 965 432 montium
999 392 1106 448 juga
1144 406 1238 431 cum
1278 393 1443 434 familiis
1482 409 1544 435 re-

135 457 328 504 ceperant
357 464 458 498 sese,
490 448 623 504 cepit:
662 455 994 503 campestresque
1022 448 1234 496 barbaros,
1266 447 1543 504 depopulatus

136 519 257 560 agros
288 520 448 554 corum,
481 505 524 545 in
557 504 810 546 deditionem
842 505 1012 560 accepit.
1058 504 1202 545 relicto
1234 504 1329 545 inde
1362 505 1413 545 ad
1446 506 1543 546 Phi-

132 555 364 617 lippopolin
385 561 593 617 praesidiO,
611 561 725 617 quod
741 560 857 602 haud
872 561 1006 602 multo
1026 570 1119 617 post
1136 561 1188 602 ab
1207 560 1381 617 Odrysis
1398 563 1542 618 expul-

128 632 228 667 sum
258 626 334 667 est,
357 618 561 674 oppidum
589 618 631 658 in
661 618 877 674 Deuriopo
907 618 1081 659 condere
1111 617 1304 659 instituit.
1368 618 1542 659 Paeoniae

135 688 182 713 ea
202 674 316 729 regio
344 684 404 716 est
435 690 565 731 prope
586 675 821 730 Erigonum
848 674 1050 721 fluvium3
1084 674 1172 730 qui,
1195 690 1246 715 ex
1269 674 1439 730 Illyrico
1468 691 1543 731 per

137 730 347 771 Paeoniam
378 730 524 781 fluens,
555 731 596 772 in
627 732 789 772 Axium
825 747 987 772 amnem
1023 731 1173 772 editur.
1236 732 1368 772 Haud
1396 732 1544 787 procul

136 787 290 838 Stobis,
312 796 451 829 vetere
472 789 589 838 urbe,
607 803 754 828 novam
777 788 922 829 urbem
946 787 1154 836 Perseida,
1172 797 1221 829 ut
1241 788 1275 829 is
1296 787 1381 829 filio
1396 789 1543 844 majori

134 843 361 886 haberetur
380 844 525 895 honos,
547 845 747 901 adpellari
763 845 902 902 jilssit.

190 900 308 941 LIV.
342 902 457 942 Dum
478 902 567 943 haec
595 901 638 942 in
660 902 909 943 Macedonia
937 911 1156 958 geruntur,
1180 902 1366 943 consules
1386 903 1427 943 in
1448 918 1543 961 pro-

134 957 288 999 vincias
316 959 505 1014 profecti.
567 958 794 1000 Marcellus
822 959 1020 1000 nuncium
1051 959 1251 1015 praemisit
1282 959 1336 1000 ad
1368 960 1417 999 L.
1442 961 1543 1000 Por-

132 1013 243 1054 cium
272 1015 573 1070 proconsulem,
598 1024 644 1056 ut
676 1016 728 1056 ad
758 1031 913 1056 novum
937 1015 1154 1057 Gallorum
1185 1016 1387 1072 oppidum
1418 1016 1544 1071 legio-

133 1085 204 1111 nes
233 1071 483 1113 admoveret.
546 1072 799 1114 Advenienti
830 1072 987 1113 consuli
1019 1072 1131 1113 Galli
1162 1088 1247 1113 sese
1278 1072 1540 1114 dediderunt.
1557 1083 1594 1112 In
1611 1081 1745 1112 Venetia

133 1126 353 1169 duodecim
383 1129 512 1170 millia
540 1138 795 1170 armatorum
825 1136 953 1169 erant.
990 1128 1179 1184 plerique
1208 1143 1323 1169 arma
1352 1144 1402 1170 ex
1433 1130 1542 1185 agris

127 1181 253 1240 ⁴rapta.
283 1185 503 1226 habebant.
544 1201 592 1226 ea
627 1201 736 1241 aegre
771 1182 1028 1241 patientibus
1063 1185 1112 1226 iis
1146 1185 1326 1234 ademta,
1361 1188 1542 1242 quae'que

134 1241 215 1282 alia
233 1251 306 1283 aut
336 1242 585 1322 populantes
614 1258 736 1298 agros
765 1250 1005 1298 rapuerant,
1027 1251 1100 1283 aut
1122 1258 1260 1283 secum
1290 1242 1541 1284 adtulerant.

134 1297 186 1338 de
207 1299 272 1339 his
291 1314 415 1339 reous
437 1299 510 1356 qui
531 1307 821 1355 quererentur,
838 1298 996 1352 legatos
1014 1299 1190 1339 Romam
1213 1299 1426 1341 miserunt.
1475 1300 1546 1340 In-

133 1355 318 1397 troducti
339 1356 380 1396 in
409 1365 598 1397 senatum
629 1371 653 1396 a
685 1357 731 1396 C.
756 1355 920 1395 Valerio
949 1363 1129 1411 praetore
1158 1363 1457 1411 exposuerunt,
1479 1357 1544 1406 Se,

121 1419 347 1465 ,superante
367 1414 410 1452 iu
436 1413 578 1467 Gallia
600 1413 866 1460 multitudine,
886 1413 1026 1465 inopia
1048 1419 1202 1453 coactos
1221 1414 1318 1467 agri
1336 1419 1374 1453 et
1395 1419 1545 1467 egesta-

132 1475 184 1519 te,
205 1471 263 1509 ad
290 1470 544 1523 quaerendam
573 1471 699 1510 sedem
721 1470 845 1522 Alpes
874 1476 1151 1523 transgressos.
1183 1484 1272 1523 quae
1292 1471 1443 1511 inculta
1471 1485 1547 1523 per

132 1527 368 1567 solitudines
390 1528 584 1577 viderent,
609 1528 668 1567 ibi
687 1528 773 1567 siue
792 1528 912 1567 ullius
943 1526 1097 1580 injuria
1125 1528 1354 1568 consedisse.
1419 1527 1549 1580 Oppi-

135 1583 225 1623 dum
248 1598 400 1638 quoque
428 1585 630 1638 aedg'ficare
650 1585 831 1637 coepisse:
864 1585 968 1637 quod
988 1585 1179 1624 indicium
1211 1591 1320 1632 esset,
1344 1598 1414 1624 nec
1432 1599 1546 1639 agro,

134 1654 205 1680 uec
224 1641 316 1680 urbi
335 1642 412 1681 ulli
431 1643 508 1682 vim
529 1643 738 1682 adlaturos
767 1641 928 1682 venisse.
989 1640 1134 1693 Nuper
1161 1641 1224 1681 M.
1252 1641 1462 1682 Claudium
1494 1642 1552 1681 ad

133 1712 175 1738 se
194 1699 379 1750 nuncium
401 1700 562 1746 misisse,
585 1699 724 1739 bellum
745 1713 785 1738 se
804 1713 888 1738 cum
909 1698 974 1747 iis,
997 1700 1043 1738 m'
1063 1699 1313 1746 dederentur,
1332 1704 1548 1752 gesturum.

138 1754 200 1808 Se,
222 1761 386 1805 certam,
414 1758 490 1796 etsi
518 1755 636 1812 {luon
665 1756 894 1808 speciosam,
919 1769 1073 1808 pacem,
1106 1770 1222 1809 quam
1254 1757 1408 1796 incerta
1439 1755 1548 1805 belli,

131 1819 413 1865 praeoptantes,
437 1813 674 1854 ”dedidisse
693 1828 733 1854 se
751 1814 863 1864 prius
884 1813 1074 1866 infidem,
1097 1827 1214 1866 quam
1236 1813 1279 1852 iu
1297 1819 1549 1865 potestatem,

125 1871 274 1923 populi
296 1869 483 1910 Romani.
544 1872 643 1912 Post
656 1884 808 1924 paucos
828 1871 924 1914 dies,
934 1868 1068 1923 jussos
1089 1876 1127 1910 et
1146 1884 1247 1923 agro
1267 1876 1305 1910 et
1325 1870 1422 1910 urbe
1442 1871 1550 1910 dece-

135 1927 242 1977 dere,
263 1941 344 1967 sese
373 1929 516 1968 tacitos
545 1928 672 1975 abire,
701 1941 777 1981 quo
809 1934 1008 1967 terrarum
1031 1934 1211 1979 possent,
1238 1928 1281 1966 iu
1311 1928 1446 1967 auimo
1474 1927 1549 1967 Iza-

136 1982 278 2024 huisse.
309 1999 423 2024 arma
445 1986 590 2025 deinde
608 1984 695 2032 sihi,
719 1990 756 2024 et
776 1990 977 2036 postremo
997 1986 1133 2024 omnia
1153 1984 1254 2030 alia,
1279 1997 1368 2037 quae
1379 1983 1551 2037 ferrent

135 2045 413 2094 agerentquea,
435 2042 608 2082 ademta.
673 2041 804 2082 Orare
831 2054 872 2081 se
900 2046 1079 2080 senatum
1103 2041 1373 2094 populumque
1396 2041 1549 2080 Roma-

136 2111 243 2148 num,
266 2112 315 2137 ue
340 2098 383 2137 in
412 2112 455 2138 se
483 2099 668 2138 innoxios
698 2098 851 2138 deditos
879 2096 1074 2147 acerbius,
1096 2111 1212 2150 quam
1244 2098 1285 2136 in
1316 2098 1456 2146 hostes,
1479 2110 1550 2137 sae-

137 2153 279 2194 virent.
342 2154 457 2195 Huic
478 2154 652 2196 orationi
683 2162 849 2195 senatus
877 2154 938 2194 ita
962 2153 1198 2209 responderi
1223 2154 1374 2209 jussit:
1408 2153 1550 2207 Neque

137 2212 230 2252 illos
249 2218 354 2251 recte
365 2212 550 2266 fecisseb,
574 2226 688 2265 quum
715 2213 758 2251 in
778 2211 944 2251 Italiam
976 2211 1191 2258 veneriut‘,
1214 2211 1478 2264 oppidumque
1506 2213 1549 2251 in

137 2269 271 2308 alieno
287 2283 401 2322 agro,
419 2269 565 2309 nullius
585 2269 762 2308 Romani
780 2269 990 2321 magistra!
995 2282 1050 2315 us,
1070 2269 1140 2320 qui
1155 2268 1194 2307 ei
1205 2268 1433 2320 provinciae
1440 2280 1551 2319 pra'-

138 2331 247 2373 esset,
269 2326 482 2379 permissu,
507 2326 710 2378 (edificare
738 2327 876 2365 conati
902 2326 1002 2365 sint:
1039 2338 1162 2378 neque
1190 2326 1350 2365 senatui
1373 2325 1548 2378 placere,

183 2430 201 2447 2
218 2427 407 2458 Dantheletas
421 2429 514 2458 Gron.
530 2427 620 2458 Crev.
812 2430 826 2446 ²
842 2433 994 2467 agerentve
1011 2425 1097 2456 Eaed.
1306 2425 1321 2448 b
1334 2428 1448 2467 gessisse
1462 2425 1549 2456 Eaed.

141 2472 155 2489 ⁰
173 2471 301 2500 venirent
313 2470 402 2502 Eaed.

190 2555 228 2584 10
251 2555 454 2597 Dantlaeletas]
499 2555 548 2586 Sic
574 2555 636 2596 legi
658 2554 749 2596 jussit
775 2554 821 2584 Si·
868 2555 897 2583 in
912 2559 1077 2592 potestatem
1097 2552 1365 2594 populi&mztui]
1412 2552 1462 2581 Ita
1484 2561 1548 2582 sese

143 2597 252 2638 genius
273 2607 311 2627 ex
336 2597 486 2630 Strabone
514 2604 545 2629 et
572 2600 680 2629 ceteris
703 2596 823 2628 Graecis
867 2596 1033 2631 dedidisse,
1061 2601 1095 2625 ut
1127 2595 1233 2637 potius
1264 2594 1336 2626 fidei
1368 2604 1401 2624 se
1429 2594 1546 2623 Roma-

143 2639 349 2680 scriptoribus.
393 2640 478 2672 Olim
500 2641 570 2672 libri
597 2641 654 2671 hoc
676 2640 744 2671 loco
767 2640 822 2669 ha·
866 2648 973 2669 norum
1003 2637 1238 2673 committerent,
1275 2647 1368 2678 quam
1402 2636 1546 2677 potestati

145 2682 262 2713 bebant
278 2682 471 2714 Dentheletos.
866 2681 1069 2722 subjicerent:
1109 2691 1146 2711 ac
1175 2679 1302 2722 proinde
1338 2677 1461 2708 tractari
1491 2676 1544 2706 de-

192 2726 227 2754 ll
241 2724 337 2754 ⁸Non
364 2725 528 2765 speciosam]
568 2727 684 2757 Parum
710 2724 820 2755 hones·
864 2724 966 2754 buisse
992 2730 1028 2753 ut
1049 2723 1203 2765 supplices
1228 2722 1280 2762 qui
1303 2721 1394 2750 fidem
1416 2718 1544 2767 ‘habuis-

144 2772 220 2797 tam.
265 2767 364 2808 Supra
386 2767 490 2802 XXX.
505 2769 557 2798 30.
588 2769 651 2799 Tibi
673 2768 771 2808 ampla
788 2779 822 2797 ac
864 2773 931 2797 sent
952 2766 1114 2801 Romanis,
1142 2776 1202 2795 non
1224 2770 1255 2794 ut
1279 2772 1391 2797 servm,
1416 2772 1445 2792 in
1468 2771 1545 2802 quos

145 2808 267 2848 'speciosa
282 2811 365 2839 danti
379 2815 419 2839 est
428 2819 496 2849 par.
865 2808 969 2840 omnia
980 2809 1120 2839 licerent.

195 2852 230 2881 12
241 2852 258 2868 “
271 2851 419 2882 Dedidisse
434 2862 460 2881 se
472 2853 555 2891 prius
577 2854 606 2882 in
621 2853 724 2891 fidem,
737 2863 823 2892 quum

204 2908 294 2934 v0L.
319 2907 386 2934 111.
909 2907 935 2932 G
953 2907 984 2946 g

1556 1125 1584 1155 G
1590 1124 1642 1155 alli
1656 1135 1688 1155 se
1703 1125 1740 1155 de
1746 1141 1757 1147 -

1555 1167 1633 1197 dunt
1649 1178 1721 1198 con-

1554 1210 1624 1241 suli.
