1947 3222
538 114 661 151 LIB.
689 112 870 150 XXXII.
916 114 994 149 CA
1010 114 1051 150 P.
1080 115 1195 151 XXI.
1495 114 1543 158 67

124 229 248 266 naeunt.
290 223 481 276 Philippi
487 227 645 276 praeter
656 223 831 276 legatum
848 221 1023 262 videmus
1037 221 1154 263 nihil.
1200 222 1387 265 Romana
1403 225 1542 268 classis
1554 234 1735 268 U.C.554.

122 281 182 323 ad
199 281 421 327 Cenchreas
439 285 534 326 stat,
552 279 707 320 urbium
724 278 890 321 Euboeae
908 279 1042 331 spolia
1052 292 1143 335 prae
1156 293 1198 320 se
1207 278 1370 330 ferens:
1401 296 1538 324 consu-
1551 278 1593 311 Λ·
1606 278 1643 310 C.
1659 279 1732 312 193.

122 339 198 379 lem
218 339 468 392 legionesque
486 335 581 390 ejus,
599 337 744 391 exiguo
765 337 891 377 maris
909 337 1044 390 spatio
1063 335 1298 390 disjunctas,
1324 337 1539 381 Phocidem

122 410 171 445 ac
192 396 406 443 Locridem
419 401 692 448 pervagantes
712 395 899 434 videmus.
961 393 1197 441 Miramini,
1219 408 1290 434 cur
1309 395 1540 450 diffidenter

127 453 357 498 Cleomedon
387 452 542 505 legatus
563 452 772 504 Philippi,
795 457 839 491 ut
860 465 942 504 pro
966 465 1060 507 rege
1079 466 1195 491 arma
1216 465 1445 505 caperemus
1464 455 1538 493 ad-

122 524 255 559 versus
283 510 500 558 Romanos,
523 510 636 549 modo
657 509 806 562 egerit:
837 509 920 562 qui,
945 509 980 549 si
1000 523 1048 548 ατ
1067 509 1199 549 eodem
1207 508 1374 563 sce-dere
1402 523 1451 549 ac
1466 509 1538 562 ju-

120 566 354 620 rejurando,
375 566 486 620 cujus
514 566 628 613 nobis
656 566 886 620 religionem
918 565 1138 619 injiciebat,
1163 580 1342 620 rogemus
1373 580 1471 615 eum,
1493 573 1538 607 ut

120 638 192 671 nos
218 624 436 678 Philippus
455 629 494 664 et
514 624 564 664 ab
586 623 752 664 Nabide
781 637 828 663 ac
854 623 1172 665 Lacedaemoniis
1200 630 1239 664 et
1268 623 1319 664 ab
1340 624 1538 672 Romanis

118 681 326 736 defendat,
348 696 428 722 non
458 683 573 721 modo
594 682 850 734 proesia'ium,
873 695 949 735 quo
979 695 1049 722 nos
1077 686 1251 729 tueatur,
1273 682 1344 721 sed
1362 695 1412 721 ne
1440 682 1541 735 quid

118 740 359 792 respondeat
388 739 545 793 quidem
576 738 704 790 nobis,
728 739 781 780 sit
810 738 1056 780 inventurus.
1087 753 1181 788 non,
1204 739 1372 788 Hercle,
1393 739 1536 793 magis,

116 810 234 851 qnam
266 798 352 850 ipse
372 797 593 850 Philippus
615 797 760 849 priore
787 810 909 845 anno,
933 797 1016 849 qui,
1031 797 1264 849 pollicendo
1290 810 1330 836 se
1349 797 1539 843 adversus

120 853 322 900 Nabidem
352 854 494 903 bellum
520 860 741 908 gesturum,
773 867 890 907 quum
924 859 1114 894 tentasset
1148 859 1325 898 nostram
1340 852 1537 906 juventu-

116 917 194 953 tem
214 912 309 952 hinc
326 912 368 952 in
386 911 582 953 Euboeam
599 911 811 951 extrahere
818 932 832 956 ;
857 917 1072 963 postquam
1093 924 1163 951 nos
1183 924 1309 965 neque
1328 912 1539 952 decernere

117 968 162 1015 id
188 968 267 1017 sibi
288 970 543 1022 praesidium,
575 982 701 1021 neque
729 968 829 1015 velle
864 968 1040 1020 inligari
1069 969 1256 1009 Romano
1283 967 1387 1008 bello
1417 969 1535 1019 vidit,

114 1025 265 1076 oblitus
283 1027 486 1073 societatis
503 1024 601 1079 ejus,
621 1039 740 1079 quam
761 1038 866 1074 nunc
879 1023 1036 1078 jactat,
1058 1025 1270 1066 vastandos
1290 1025 1538 1077 depopulan-

116 1084 263 1138 dosque
292 1082 455 1135 Nabidi
481 1097 531 1122 ac
561 1082 884 1132 Lacedaemoniis
912 1083 1092 1136 reliquit.
1157 1081 1220 1127 Ac
1248 1083 1350 1123 mihi
1378 1083 1537 1136 quidem

115 1142 280 1191 minime
298 1141 532 1190 conveniens
551 1140 662 1191 inter
679 1154 721 1183 se
741 1141 876 1187 oratio
898 1140 1191 1187 Cleomedontis
1211 1140 1298 1181 visa
1321 1146 1390 1191 est.
1439 1141 1537 1180 Ele-

114 1198 240 1246 vabat
270 1198 498 1246 Romanum
533 1197 690 1250 bellum,
727 1203 982 1251 eventumque
1016 1196 1099 1250 ejus
1129 1198 1303 1238 eumdem
1320 1197 1439 1251 fore,
1465 1198 1538 1251 qui

107 1255 268 1309 prioris
287 1255 397 1305 belli,
417 1257 527 1310 quod
543 1270 633 1296 cum
653 1255 855 1309 Philippo
881 1256 1095 1310 gesserint,
1116 1254 1289 1295 dicebat.
1352 1255 1436 1296 Cur
1457 1255 1537 1309 igi-

112 1318 183 1355 tur
207 1319 388 1361 nostrum
418 1314 490 1354 ille
518 1313 716 1363 auxilium
743 1313 886 1354 absens
906 1313 1018 1366 petit
1039 1313 1192 1366 potius,
1215 1326 1332 1366 quam
1353 1325 1538 1365 praesens

111 1383 186 1418 nos
220 1377 369 1413 veteres
406 1371 532 1418 socios
569 1371 688 1421 simul
725 1370 777 1410 ab
819 1370 985 1416 Nabide
1021 1383 1071 1411 ac
1105 1370 1305 1411 Romanis
1341 1372 1534 1415 tueatur?

113 1427 217 1478 Nos,
237 1429 357 1469 dico?
389 1429 490 1483 quid
515 1429 577 1469 ita
596 1442 742 1481 passus
770 1434 828 1469 est
851 1428 1064 1478 Eretriam
1091 1427 1381 1482 Carystumque
1409 1427 1534 1480 capi?

110 1486 216 1539 quid
244 1486 306 1526 ita
334 1492 395 1535 *tot
429 1486 652 1536 Thessaliae
671 1485 815 1535 urbes?
847 1485 948 1539 quid
970 1486 1036 1526 ita
1055 1485 1272 1525 Locridem
1293 1485 1534 1525 Phocidem-

113 1545 218 1596 que?
248 1543 352 1596 ,quid
379 1543 441 1583 ita
462 1557 566 1583 nunc
586 1543 773 1589 Elatiam
803 1542 1033 1596 obpugnari
1053 1541 1248 1595 patitur?
1279 1555 1351 1582 cur
1369 1542 1536 1582 excessit

102 1598 296 1651 saucibus
316 1600 446 1653 Epiri
463 1601 729 1654 claustrisque
755 1600 841 1640 illis
864 1597 1246 1653 inexpugnabilibus
1264 1612 1385 1651 super
1403 1597 1534 1639 Aoum

113 1671 282 1707 amnem,
305 1663 378 1698 aut
397 1658 453 1706 vi,
477 1663 548 1705 aut
568 1664 686 1706 metu,
707 1663 780 1697 aut
800 1657 1019 1706 voluntate,
1041 1656 1272 1709 relictoque,
1295 1669 1407 1709 quem
1432 1656 1534 1696 insi-

109 1713 247 1764 debat,
266 1715 388 1765 saltu,
404 1715 570 1767 penitus
590 1715 635 1755 in
654 1727 820 1768 regnum
839 1713 972 1754 abiit?
1005 1713 1057 1761 ,Si
1073 1727 1149 1764 sua
1169 1713 1375 1753 voluntate
1394 1718 1455 1753 tot
1473 1727 1534 1754 so-

110 1772 196 1821 cios
214 1772 382 1826 reliquit
404 1771 581 1821 hostibus
600 1772 869 1825 diripiendos,
890 1771 992 1825 quid
1008 1784 1195 1812 recusare
1204 1775 1356 1824 potest,
1377 1771 1476 1824 quin
1497 1777 1535 1810 et

109 1829 213 1871 socii
239 1829 320 1874 sibi
345 1830 584 1878 consulant?
615 1830 652 1871 si
677 1836 794 1879 metu,
822 1829 936 1870 nobis
964 1842 1117 1882 quoque
1145 1828 1328 1883 ignoscat
1356 1829 1534 1868 timenti-

111 1885 196 1927 bus.
225 1886 264 1927 si
282 1887 408 1935 victus
427 1887 554 1928 armis
572 1888 700 1936 cessit,
722 1886 867 1928 Achaei
891 1900 1008 1926 arma
1030 1885 1220 1926 Romana
1239 1884 1532 1936 sustinebimus,

109 1943 373 1997 Cleomedon,
396 1958 485 1998 quce
510 1958 580 1994 pos
609 1944 856 1985 Macedones
883 1957 963 1984 non
991 1941 1269 1988 sustinuistis?
1313 1941 1427 1983 ⁷⁷An
1453 1942 1535 1983 tibi

102 2001 241 2054 potius
267 2002 488 2051 credamus,
519 2002 726 2046 Romanos
753 2016 833 2042 non
863 1999 1082 2054 majoribus
1114 2000 1242 2054 copiis
1274 2013 1346 2040 nec
1379 1999 1534 2040 viribus

111 2072 218 2098 nunc
250 2058 391 2099 bellum
416 2073 573 2113 gerere,
604 2073 727 2114 quam
760 2064 885 2099 antea
908 2059 1123 2113 gesserint,
1152 2058 1293 2110 potius
1321 2070 1439 2110 quam
1468 2071 1534 2098 res

110 2116 223 2169 ipsas
252 2116 509 2157 intueamur?
551 2116 715 2158 AEtolos
744 2122 827 2157 tum
856 2116 980 2157 classe
1010 2114 1271 2169 adjuverunt.-
1300 2113 1412 2154 ⁷⁸nec
1434 2114 1532 2154 duce

109 2174 330 2225 consulari,
360 2187 431 2214 nec
464 2175 639 2215 exercitu
667 2174 809 2215 bellum
838 2179 1067 2228 gessemcnt:
1109 2172 1299 2214 sociorum
1337 2171 1533 2224 Philippi

109 2231 329 2272 maritimae
356 2230 472 2271 urbes
501 2231 546 2272 in
576 2237 732 2272 terrore
765 2246 814 2272 ac
847 2231 1018 2272 tumultu
1051 2235 1191 2271 erant:
1231 2229 1530 2269 mediterranea

110 2288 214 2328 adeo
242 2294 333 2329 tuta
360 2288 414 2329 ab
446 2288 645 2330 Romanis
673 2290 799 2330 armis
810 2288 1002 2343 fuerunt,
1029 2294 1075 2328 ut
1097 2287 1321 2340 Philippus
1349 2285 1529 2336 AEtolos,

842 2412 962 2433 morum
985 2401 1128 2444 exempla
1143 2400 1177 2432 in
1192 2399 1271 2432 notis
1287 2399 1328 2432 ad
1342 2399 1364 2431 1.
1380 2400 1440 2431 ΙΧ.
1455 2409 1483 2430 c.
1499 2400 1530 2430 7.

844 2450 876 2475 et
890 2444 967 2476 adl.
980 2445 1091 2475 XXII.
1107 2455 1135 2475 c.
1154 2445 1202 2475 15.

885 2488 925 2518 78
951 2487 1013 2518 Nec
1035 2489 1109 2517 duce
1131 2486 1288 2521 consulari,
1308 2496 1361 2516 nec
1384 2486 1527 2526 exercitu]

112 2401 176 2433 bile
205 2412 267 2433 non
288 2407 335 2433 est
364 2401 487 2441 Livium
512 2403 571 2434 hoc
596 2401 681 2433 velut
704 2400 800 2443 aenig-

106 2450 197 2482 ⁴mat-e
232 2451 375 2486 torquere
403 2445 536 2477 voluisse
564 2445 686 2477 lectoris
712 2455 799 2475 rnen-

115 2492 189 2518 tem.
234 2487 410 2520 Gronovius
425 2488 531 2520 merito
547 2489 702 2520 existimat
716 2487 797 2518 hunc

113 2529 217 2567 locum
239 2536 415 2573 corruptum
438 2541 515 2569 esse,
540 2541 576 2562 ac
596 2542 652 2574 pro
675 2531 724 2561 his
748 2542 799 2562 vo-

107 2571 199 2609 ,cibus
224 2574 323 2604 Achai
346 2580 458 2614 portus,
482 2585 607 2606 sensum
631 2574 797 2615 requirere,

107 2616 162 2651 sui
184 2619 333 2653 exercitus,
352 2628 409 2648 suae
430 2619 516 2655 vires,
539 2622 593 2648 aut
614 2617 700 2648 aliud
722 2617 798 2658 quid

111 2656 229 2694 simile.

157 2700 269 2737 77‚An
293 2704 345 2732 tibi
369 2705 466 2742 potius
491 2704 642 2734 credamus
665 2725 674 2734 .
690 2726 700 2734 .
716 2725 724 2734 .
747 2714 797 2742 po-

110 2743 177 2773 tius
199 2744 302 2785 quam]
329 2745 465 2777 Additur
486 2745 622 2783 secundo
642 2748 748 2786 potius,
764 2752 800 2777 ut

108 2784 227 2824 ,clarior
247 2787 396 2828 proqedat
408 2788 516 2827 oratio,
532 2794 564 2819 et
578 2788 653 2829 quia
665 2788 700 2820 τὶ
713 2800 800 2829 quam

115 2827 308 2870 longiusculo
337 2830 499 2869 {morvano
529 2831 623 2863 distat
652 2842 672 2862 a
703 2831 800 2873 priore

114 2870 167 2900 illo
201 2873 307 2910 patius.
360 2872 435 2904 Vid.
472 2873 619 2904 similium
657 2871 800 2917 pleonas-

842 2530 917 2561 Non
953 2529 1142 2566 consulares,
1171 2528 1227 2561 sed
1256 2528 1398 2560 consules
1433 2528 1530 2559 duces

841 2572 992 2616 posterius
1018 2573 1075 2604 hoc
1098 2571 1216 2604 bellum
1241 2571 1387 2607 adversus
1410 2570 1529 2611 Philip-

841 2627 916 2658 pum
941 2621 1063 2656 gerunt.
1110 2614 1207 2650 Infra,
1238 2614 1354 2644 Tertius
1368 2616 1438 2653 jam
1461 2624 1527 2643 con-

842 2660 888 2689 sul
901 2670 1014 2690 summa
1027 2660 1056 2689 vi
1073 2660 1151 2700 gerit
1175 2659 1292 2688 bellum.
1337 2657 1419 2696 Lege
1436 2664 1526 2695 ergo:

843 2713 895 2733 nec
917 2704 990 2732 duce
1013 2703 1139 2737 consule,
1162 2712 1215 2733 nec
1243 2702 1369 2731 eam-citu
1395 2699 1527 2728 cmzsula-

842 2747 888 2775 ri.-
920 2745 981 2781 vel,
1007 2756 1058 2775 nec
1083 2746 1167 2780 duce,
1193 2754 1245 2775 nec
1270 2743 1397 2774 exercitu
1424 2752 1527 2779 consu-

844 2789 910 2823 lari,
926 2787 970 2819 ita
991 2793 1026 2818 ut
1047 2797 1085 2818 ex
1107 2797 1198 2828 sensu
1218 2786 1253 2823 jn
1277 2785 1374 2827 priore
1390 2784 1527 2824 membro

832 2831 991 2873 ¹suppleas
1005 2826 1130 2862 consule.

916 2916 989 2954 1²2
