<?xml version="1.0" encoding="UTF-8"?>
<!DOCTYPE html PUBLIC "-//W3C//DTD XHTML 1.0 Transitional//EN"
    "http://www.w3.org/TR/xhtml1/DTD/xhtml1-transitional.dtd">
<html xmlns="http://www.w3.org/1999/xhtml" xml:lang="en" lang="en">
 <head>
  <title>
</title>
<meta http-equiv="Content-Type" content="text/html;charset=utf-8" />
  <meta name='ocr-system' content='tesseract 3.04.00' />
  <meta name='ocr-capabilities' content='ocr_page ocr_carea ocr_par ocr_line ocrx_word'/>
</head>
<body>
  <div class='ocr_page' id='page_1' title='image "./historiarumaburb03livyuoft_0154.png"; bbox 0 0 1947 3222; ppageno 0'>
   <div class='ocr_carea' id='block_1_1' title="bbox 174 245 354 321">
    <p class='ocr_par' dir='ltr' id='par_1_1' title="bbox 174 245 354 320">
     <span class='ocr_line' id='line_1_1' title="bbox 178 245 354 277; baseline -0.007 0"><span class='ocrx_word' id='word_1_1' title='bbox 178 245 354 277; x_wconf 80' lang='lat' dir='ltr'><strong>U..7055.</strong></span> 
     </span>
     <span class='ocr_line' id='line_1_2' title="bbox 174 288 354 321; baseline -0.014 -1"><span class='ocrx_word' id='word_1_2' title='bbox 174 288 354 321; x_wconf 81' lang='lat' dir='ltr'><strong>A.c.l95</strong></span> 
     </span>
    </p>
   </div>
   <div class='ocr_carea' id='block_1_2' title="bbox 172 410 344 527">
    <p class='ocr_par' dir='ltr' id='par_1_2' title="bbox 172 410 344 527">
     <span class='ocr_line' id='line_1_3' title="bbox 175 410 344 442; baseline -0.006 0"><span class='ocrx_word' id='word_1_3' title='bbox 175 410 344 442; x_wconf 83' lang='lat' dir='ltr'>Celtiberos</span> 
     </span>
     <span class='ocr_line' id='line_1_4' title="bbox 174 453 306 501; baseline 0.008 -18"><span class='ocrx_word' id='word_1_4' title='bbox 174 453 306 501; x_wconf 64' lang='lat' dir='ltr'><strong>fielyius</strong></span> 
     </span>
     <span class='ocr_line' id='line_1_5' title="bbox 172 501 276 527; baseline 0.029 -3"><span class='ocrx_word' id='word_1_5' title='bbox 172 501 276 527; x_wconf 77' lang='lat' dir='ltr'><strong>vincit.</strong></span> 
     </span>
    </p>
   </div>
   <div class='ocr_carea' id='block_1_3' title="bbox 169 805 354 923">
    <p class='ocr_par' dir='ltr' id='par_1_3' title="bbox 169 805 343 922">
     <span class='ocr_line' id='line_1_6' title="bbox 171 805 343 837; baseline 0.006 -1"><span class='ocrx_word' id='word_1_6' title='bbox 171 805 280 837; x_wconf 81' lang='lat' dir='ltr'><strong>Ovans</strong></span> <span class='ocrx_word' id='word_1_7' title='bbox 293 817 343 837; x_wconf 90' lang='lat' dir='ltr'><strong>ur-</strong></span> 
     </span>
     <span class='ocr_line' id='line_1_7' title="bbox 169 848 354 891; baseline 0.012 -13"><span class='ocrx_word' id='word_1_8' title='bbox 169 848 262 879; x_wconf 89' lang='lat' dir='ltr'><strong>bem</strong></span> <span class='ocrx_word' id='word_1_9' title='bbox 255 859 354 891; x_wconf 80' lang='lat' dir='ltr'><strong>ingre-</strong></span> 
     </span>
     <span class='ocr_line' id='line_1_8' title="bbox 170 890 261 923; baseline 0 -2"><span class='ocrx_word' id='word_1_10' title='bbox 170 890 261 923; x_wconf 83' lang='lat' dir='ltr'><strong>ditur.</strong></span> 
     </span>
    </p>
   </div>
   <div class='ocr_carea' id='block_1_4' title="bbox 166 1419 364 1505">
    <p class='ocr_par' dir='ltr' id='par_1_4' title="bbox 166 1419 364 1505">
     <span class='ocr_line' id='line_1_9' title="bbox 166 1419 364 1451; baseline -0.005 0"><span class='ocrx_word' id='word_1_11' title='bbox 166 1419 298 1451; x_wconf 83' lang='lat' dir='ltr'>Minucii</span> <span class='ocrx_word' id='word_1_12' title='bbox 312 1420 364 1451; x_wconf 86' lang='lat' dir='ltr'><strong>tri-</strong></span> 
     </span>
     <span class='ocr_line' id='line_1_10' title="bbox 166 1462 310 1505; baseline 0 -11"><span class='ocrx_word' id='word_1_13' title='bbox 166 1462 310 1505; x_wconf 79' lang='lat' dir='ltr'><strong>umphuS.</strong></span> 
     </span>
    </p>
   </div>
   <div class='ocr_carea' id='block_1_5' title="bbox 163 1637 346 1808">
    <p class='ocr_par' dir='ltr' id='par_1_5' title="bbox 163 1637 346 1808">
     <span class='ocr_line' id='line_1_11' title="bbox 165 1637 314 1678; baseline 0 -10"><span class='ocrx_word' id='word_1_14' title='bbox 165 1637 314 1678; x_wconf 81' lang='lat' dir='ltr'>Ilergetes</span> 
     </span>
     <span class='ocr_line' id='line_1_12' title="bbox 165 1679 346 1711; baseline 0 -1"><span class='ocrx_word' id='word_1_15' title='bbox 165 1679 312 1711; x_wconf 85' lang='lat' dir='ltr'><strong>auxilium</strong></span> <span class='ocrx_word' id='word_1_16' title='bbox 327 1690 346 1710; x_wconf 88' lang='lat' dir='ltr'><strong>a</strong></span> 
     </span>
     <span class='ocr_line' id='line_1_13' title="bbox 163 1722 316 1754; baseline 0 -1"><span class='ocrx_word' id='word_1_17' title='bbox 163 1722 316 1754; x_wconf 86' lang='lat' dir='ltr'><strong>Romanis</strong></span> 
     </span>
     <span class='ocr_line' id='line_1_14' title="bbox 163 1771 282 1808; baseline 0.008 -11"><span class='ocrx_word' id='word_1_18' title='bbox 163 1771 282 1808; x_wconf 85' lang='lat' dir='ltr'><strong>petunt.</strong></span> 
     </span>
    </p>
   </div>
   <div class='ocr_carea' id='block_1_6' title="bbox 386 124 1792 352">
    <p class='ocr_par' dir='ltr' id='par_1_6' title="bbox 386 124 1792 345">
     <span class='ocr_line' id='line_1_15' title="bbox 392 124 1275 163; baseline 0.001 -1"><span class='ocrx_word' id='word_1_19' title='bbox 392 129 464 162; x_wconf 76' lang='lat'><strong>144</strong></span> <span class='ocrx_word' id='word_1_20' title='bbox 913 124 1056 163; x_wconf 88' lang='lat' dir='ltr'>TITI</span> <span class='ocrx_word' id='word_1_21' title='bbox 1103 124 1275 163; x_wconf 85' lang='lat' dir='ltr'>LIVII</span> 
     </span>
     <span class='ocr_line' id='line_1_16' title="bbox 386 231 1792 290; baseline 0.003 -18"><span class='ocrx_word' id='word_1_22' title='bbox 386 232 502 274; x_wconf 93' lang='lat' dir='ltr'><strong>ribus</strong></span> <span class='ocrx_word' id='word_1_23' title='bbox 524 231 661 274; x_wconf 90' lang='lat' dir='ltr'><strong>vetitis</strong></span> <span class='ocrx_word' id='word_1_24' title='bbox 679 232 936 275; x_wconf 85' lang='lat' dir='ltr'><strong>frumentum</strong></span> <span class='ocrx_word' id='word_1_25' title='bbox 958 249 1117 290; x_wconf 88' lang='lat' dir='ltr'><strong>parare,</strong></span> <span class='ocrx_word' id='word_1_26' title='bbox 1138 249 1185 275; x_wconf 91' lang='lat' dir='ltr'><strong>ac</strong></span> <span class='ocrx_word' id='word_1_27' title='bbox 1207 235 1384 275; x_wconf 84' lang='lat' dir='ltr'><strong>Romam</strong></span> <span class='ocrx_word' id='word_1_28' title='bbox 1405 233 1597 284; x_wconf 83' lang='lat' dir='ltr'><strong>dimissis,</strong></span> <span class='ocrx_word' id='word_1_29' title='bbox 1619 233 1792 287; x_wconf 81' lang='lat' dir='ltr'><strong>Bellum,</strong></span> 
     </span>
     <span class='ocr_line' id='line_1_17' title="bbox 386 289 1791 352; baseline 0.003 -22"><span class='ocrx_word' id='word_1_30' title='bbox 386 289 540 352; x_wconf 91' lang='lat' dir='ltr'><strong>inquit,</strong></span> <span class='ocrx_word' id='word_1_31' title='bbox 561 303 602 330; x_wconf 84' lang='lat' dir='ltr'><strong>se</strong></span> <span class='ocrx_word' id='word_1_32' title='bbox 621 290 748 342; x_wconf 86' lang='lat' dir='ltr'><strong>ipsum</strong></span> <span class='ocrx_word' id='word_1_33' title='bbox 768 291 864 330; x_wconf 83' lang='lat' dir='ltr'><strong>alet.</strong></span> <span class='ocrx_word' id='word_1_34' title='bbox 924 291 1143 332; x_wconf 86' lang='lat' dir='ltr'><strong>Profectus</strong></span> <span class='ocrx_word' id='word_1_35' title='bbox 1163 291 1215 332; x_wconf 91' lang='lat' dir='ltr'><strong>ab</strong></span> <span class='ocrx_word' id='word_1_36' title='bbox 1237 290 1447 345; x_wconf 87' lang='lat' dir='ltr'><strong>Emporiis</strong></span> <span class='ocrx_word' id='word_1_37' title='bbox 1467 305 1588 346; x_wconf 87' lang='lat' dir='ltr'><strong>agros</strong></span> <span class='ocrx_word' id='word_1_38' title='bbox 1608 290 1791 334; x_wconf 88' lang='lat' dir='ltr'><strong>hostium</strong></span> 
     </span>
    </p>
   </div>
   <div class='ocr_carea' id='block_1_7' title="bbox 375 345 1791 1812">
    <p class='ocr_par' dir='ltr' id='par_1_7' title="bbox 385 345 1474 403">
     <span class='ocr_line' id='line_1_18' title="bbox 385 345 1474 403; baseline 0.002 -17"><span class='ocrx_word' id='word_1_39' title='bbox 385 345 470 387; x_wconf 90' lang='lat' dir='ltr'><strong>urit</strong></span> <span class='ocrx_word' id='word_1_40' title='bbox 490 353 733 402; x_wconf 86' lang='lat' dir='ltr'><strong>vastatque:</strong></span> <span class='ocrx_word' id='word_1_41' title='bbox 766 347 904 387; x_wconf 88' lang='lat' dir='ltr'><strong>omnia</strong></span> <span class='ocrx_word' id='word_1_42' title='bbox 922 347 1026 402; x_wconf 85' lang='lat' dir='ltr'><strong>fuga</strong></span> <span class='ocrx_word' id='word_1_43' title='bbox 1046 355 1086 388; x_wconf 92' lang='lat' dir='ltr'><strong>et</strong></span> <span class='ocrx_word' id='word_1_44' title='bbox 1107 355 1263 388; x_wconf 88' lang='lat' dir='ltr'><strong>terrore</strong></span> <span class='ocrx_word' id='word_1_45' title='bbox 1283 347 1474 403; x_wconf 87' lang='lat' dir='ltr'><strong>complet</strong></span> 
     </span>
    </p>

    <p class='ocr_par' dir='ltr' id='par_1_8' title="bbox 377 402 1791 1247">
     <span class='ocr_line' id='line_1_19' title="bbox 442 402 1791 458; baseline 0.003 -16"><span class='ocrx_word' id='word_1_46' title='bbox 442 402 494 442; x_wconf 91' lang='lat' dir='ltr'><strong>X.</strong></span> <span class='ocrx_word' id='word_1_47' title='bbox 531 402 693 443; x_wconf 91' lang='lat' dir='ltr'><strong>Eodem</strong></span> <span class='ocrx_word' id='word_1_48' title='bbox 730 411 914 458; x_wconf 89' lang='lat' dir='ltr'><strong>tempore</strong></span> <span class='ocrx_word' id='word_1_49' title='bbox 951 404 1014 442; x_wconf 93' lang='grc' dir='ltr'><strong>Μ.</strong></span> <span class='ocrx_word' id='word_1_50' title='bbox 1052 403 1220 453; x_wconf 88' lang='lat' dir='ltr'><strong>Helvio,</strong></span> <span class='ocrx_word' id='word_1_51' title='bbox 1257 403 1471 445; x_wconf 87' lang='lat' dir='ltr'>decedenti</span> <span class='ocrx_word' id='word_1_52' title='bbox 1509 419 1561 445; x_wconf 87' lang='lat' dir='ltr'><strong>ex</strong></span> <span class='ocrx_word' id='word_1_53' title='bbox 1595 404 1791 446; x_wconf 90' lang='lat' dir='ltr'><strong>ulteriore</strong></span> 
     </span>
     <span class='ocr_line' id='line_1_20' title="bbox 386 458 1791 516; baseline 0.002 -17"><span class='ocrx_word' id='word_1_54' title='bbox 386 458 591 515; x_wconf 86' lang='lat' dir='ltr'>Hispania</span> <span class='ocrx_word' id='word_1_55' title='bbox 617 474 710 499; x_wconf 91' lang='lat' dir='ltr'><strong>cum</strong></span> <span class='ocrx_word' id='word_1_56' title='bbox 740 458 934 514; x_wconf 84' lang='lat' dir='ltr'><strong>praesidio</strong></span> <span class='ocrx_word' id='word_1_57' title='bbox 967 473 1038 499; x_wconf 80' lang='lat' dir='ltr'><strong>sex</strong></span> <span class='ocrx_word' id='word_1_58' title='bbox 1068 459 1260 509; x_wconf 83' lang='lat' dir='ltr'><strong>millium,</strong></span> <span class='ocrx_word' id='word_1_59' title='bbox 1292 459 1390 502; x_wconf 91' lang='lat' dir='ltr'><strong>dato</strong></span> <span class='ocrx_word' id='word_1_60' title='bbox 1420 461 1474 501; x_wconf 89' lang='lat' dir='ltr'><strong>ab</strong></span> <span class='ocrx_word' id='word_1_61' title='bbox 1502 462 1586 516; x_wconf 89' lang='lat' dir='ltr'><strong>Ap.</strong></span> <span class='ocrx_word' id='word_1_62' title='bbox 1612 461 1791 502; x_wconf 91' lang='lat' dir='ltr'><strong>Claudio</strong></span> 
     </span>
     <span class='ocr_line' id='line_1_21' title="bbox 383 514 1789 579; baseline 0.002 -23"><span class='ocrx_word' id='word_1_63' title='bbox 383 523 576 571; x_wconf 86' lang='lat' dir='ltr'><strong>praetore,</strong></span> <span class='ocrx_word' id='word_1_64' title='bbox 600 515 795 556; x_wconf 86' lang='lat' dir='ltr'>Celtiberi</span> <span class='ocrx_word' id='word_1_65' title='bbox 825 529 988 569; x_wconf 80' lang='lat' dir='ltr'>agmine</span> <span class='ocrx_word' id='word_1_66' title='bbox 1017 514 1173 570; x_wconf 86' lang='lat' dir='ltr'>ingenti</span> <span class='ocrx_word' id='word_1_67' title='bbox 1201 515 1255 556; x_wconf 89' lang='lat' dir='ltr'><strong>ad</strong></span> <span class='ocrx_word' id='word_1_68' title='bbox 1281 515 1482 579; x_wconf 91' lang='lat' dir='ltr'><strong>oppidum</strong></span> <span class='ocrx_word' id='word_1_69' title='bbox 1510 517 1695 573; x_wconf 87' lang='lat' dir='ltr'><strong>Illiturgi</strong></span> <span class='ocrx_word' id='word_1_70' title='bbox 1715 518 1789 559; x_wconf 93' lang='lat' dir='ltr'><strong>ob-</strong></span> 
     </span>
     <span class='ocr_line' id='line_1_22' title="bbox 383 552 1789 626; baseline 0.002 -14"><span class='ocrx_word' id='word_1_71' title='bbox 383 577 632 613; x_wconf 67' lang='lat' dir='ltr'><strong>curreruntu.</strong></span> <span class='ocrx_word' id='word_1_72' title='bbox 695 570 853 626; x_wconf 80' lang='lat' dir='ltr'>Viginti</span> <span class='ocrx_word' id='word_1_73' title='bbox 882 570 1011 612; x_wconf 85' lang='lat' dir='ltr'><strong>millia</strong></span> <span class='ocrx_word' id='word_1_74' title='bbox 1040 580 1292 613; x_wconf 87' lang='lat' dir='ltr'><strong>armatorum</strong></span> <span class='ocrx_word' id='word_1_75' title='bbox 1319 571 1460 621; x_wconf 87' lang='lat' dir='ltr'><strong>fuisse,</strong></span> <span class='ocrx_word' id='word_1_76' title='bbox 1483 552 1678 615; x_wconf 84' lang='lat' dir='ltr'><strong>Valerius</strong></span> <span class='ocrx_word' id='word_1_77' title='bbox 1692 574 1789 615; x_wconf 87' lang='lat' dir='ltr'><strong>scri-</strong></span> 
     </span>
     <span class='ocr_line' id='line_1_23' title="bbox 382 626 1791 686; baseline 0.001 -17"><span class='ocrx_word' id='word_1_78' title='bbox 382 628 470 675; x_wconf 86' lang='lat' dir='ltr'><strong>bit;</strong></span> <span class='ocrx_word' id='word_1_79' title='bbox 516 626 735 668; x_wconf 88' lang='lat' dir='ltr'><strong>duodecim</strong></span> <span class='ocrx_word' id='word_1_80' title='bbox 759 627 890 668; x_wconf 89' lang='lat' dir='ltr'><strong>millia</strong></span> <span class='ocrx_word' id='word_1_81' title='bbox 912 643 964 668; x_wconf 88' lang='lat' dir='ltr'><strong>ex</strong></span> <span class='ocrx_word' id='word_1_82' title='bbox 990 627 1041 668; x_wconf 92' lang='lat' dir='ltr'><strong>iis</strong></span> <span class='ocrx_word' id='word_1_83' title='bbox 1065 643 1182 678; x_wconf 85' lang='lat' dir='ltr'><strong>caesa,</strong></span> <span class='ocrx_word' id='word_1_84' title='bbox 1208 628 1409 684; x_wconf 91' lang='lat' dir='ltr'><strong>oppidum</strong></span> <span class='ocrx_word' id='word_1_85' title='bbox 1442 629 1625 686; x_wconf 87' lang='lat' dir='ltr'><strong>Illiturgi</strong></span> <span class='ocrx_word' id='word_1_86' title='bbox 1652 645 1791 686; x_wconf 86' lang='lat' dir='ltr'><strong>recep-</strong></span> 
     </span>
     <span class='ocr_line' id='line_1_24' title="bbox 383 683 1791 736; baseline 0.001 -11"><span class='ocrx_word' id='word_1_87' title='bbox 383 693 488 733; x_wconf 89' lang='lat' dir='ltr'><strong>tum,</strong></span> <span class='ocrx_word' id='word_1_88' title='bbox 511 691 551 724; x_wconf 89' lang='lat' dir='ltr'><strong>et</strong></span> <span class='ocrx_word' id='word_1_89' title='bbox 573 683 750 736; x_wconf 88' lang='lat' dir='ltr'><strong>puberes</strong></span> <span class='ocrx_word' id='word_1_90' title='bbox 777 699 918 725; x_wconf 91' lang='lat' dir='ltr'><strong>omnes</strong></span> <span class='ocrx_word' id='word_1_91' title='bbox 945 683 1194 725; x_wconf 88' lang='lat' dir='ltr'><strong>interfectos</strong></span> <span class='ocrx_word' id='word_1_92' title='bbox 1257 685 1362 725; x_wconf 91' lang='lat' dir='ltr'><strong>Inde</strong></span> <span class='ocrx_word' id='word_1_93' title='bbox 1385 685 1437 726; x_wconf 92' lang='lat' dir='ltr'><strong>ad</strong></span> <span class='ocrx_word' id='word_1_94' title='bbox 1458 695 1592 727; x_wconf 89' lang='lat' dir='ltr'><strong>castra</strong></span> <span class='ocrx_word' id='word_1_95' title='bbox 1621 687 1791 727; x_wconf 90' lang='lat' dir='ltr'><strong>Catonis</strong></span> 
     </span>
     <span class='ocr_line' id='line_1_25' title="bbox 384 740 1789 802; baseline 0.003 -23"><span class='ocrx_word' id='word_1_96' title='bbox 384 740 563 780; x_wconf 92' lang='lat' dir='ltr'><strong>Helvius</strong></span> <span class='ocrx_word' id='word_1_97' title='bbox 582 740 783 802; x_wconf 81' lang='lat' dir='ltr'><strong>pervenit.</strong></span> <span class='ocrx_word' id='word_1_98' title='bbox 809 748 866 790; x_wconf 89' lang='lat' dir='ltr'><strong>et,</strong></span> <span class='ocrx_word' id='word_1_99' title='bbox 888 741 988 796; x_wconf 91' lang='lat' dir='ltr'><strong>quia</strong></span> <span class='ocrx_word' id='word_1_100' title='bbox 1017 748 1111 782; x_wconf 91' lang='lat' dir='ltr'><strong>tuta</strong></span> <span class='ocrx_word' id='word_1_101' title='bbox 1128 741 1217 795; x_wconf 88' lang='lat' dir='ltr'><strong>jam</strong></span> <span class='ocrx_word' id='word_1_102' title='bbox 1244 741 1296 781; x_wconf 87' lang='lat' dir='ltr'><strong>ab</strong></span> <span class='ocrx_word' id='word_1_103' title='bbox 1326 741 1515 783; x_wconf 88' lang='lat' dir='ltr'><strong>hostibus</strong></span> <span class='ocrx_word' id='word_1_104' title='bbox 1541 742 1655 798; x_wconf 86' lang='lat' dir='ltr'><strong>regio</strong></span> <span class='ocrx_word' id='word_1_105' title='bbox 1685 750 1789 793; x_wconf 87' lang='lat' dir='ltr'><strong>erat,</strong></span> 
     </span>
     <span class='ocr_line' id='line_1_26' title="bbox 381 795 1791 860; baseline 0.003 -24"><span class='ocrx_word' id='word_1_106' title='bbox 381 795 603 851; x_wconf 80' lang='lat' dir='ltr'><strong>praesidjo</strong></span> <span class='ocrx_word' id='word_1_107' title='bbox 595 811 637 836; x_wconf 91' lang='lat' dir='ltr'><strong>m</strong></span> <span class='ocrx_word' id='word_1_108' title='bbox 658 796 896 837; x_wconf 87' lang='lat' dir='ltr'><strong>ulteriorem</strong></span> <span class='ocrx_word' id='word_1_109' title='bbox 920 797 1174 860; x_wconf 87' lang='lat' dir='ltr'><strong>Hispaniam</strong></span> <span class='ocrx_word' id='word_1_110' title='bbox 1198 796 1380 847; x_wconf 90' lang='lat' dir='ltr'><strong>remisso,</strong></span> <span class='ocrx_word' id='word_1_111' title='bbox 1408 798 1582 839; x_wconf 84' lang='lat' dir='ltr'><strong>Romam</strong></span> <span class='ocrx_word' id='word_1_112' title='bbox 1608 807 1672 840; x_wconf 88' lang='lat' dir='ltr'><strong>est</strong></span> <span class='ocrx_word' id='word_1_113' title='bbox 1694 814 1791 854; x_wconf 86' lang='lat' dir='ltr'><strong>pro-</strong></span> 
     </span>
     <span class='ocr_line' id='line_1_27' title="bbox 380 852 1791 916; baseline 0.003 -24"><span class='ocrx_word' id='word_1_114' title='bbox 380 852 530 903; x_wconf 86' lang='lat' dir='ltr'><strong>fectus,</strong></span> <span class='ocrx_word' id='word_1_115' title='bbox 557 861 598 893; x_wconf 89' lang='lat' dir='ltr'><strong>et</strong></span> <span class='ocrx_word' id='word_1_116' title='bbox 625 852 680 893; x_wconf 93' lang='lat' dir='ltr'><strong>ob</strong></span> <span class='ocrx_word' id='word_1_117' title='bbox 707 868 793 894; x_wconf 89' lang='lat' dir='ltr'><strong>rem</strong></span> <span class='ocrx_word' id='word_1_118' title='bbox 821 852 997 895; x_wconf 87' lang='lat' dir='ltr'><strong>feliciter</strong></span> <span class='ocrx_word' id='word_1_119' title='bbox 1023 862 1182 916; x_wconf 81' lang='lat' dir='ltr'><strong>gestam</strong></span> <span class='ocrx_word' id='word_1_120' title='bbox 1213 868 1340 894; x_wconf 90' lang='lat' dir='ltr'><strong>ovans</strong></span> <span class='ocrx_word' id='word_1_121' title='bbox 1369 854 1515 895; x_wconf 89' lang='lat' dir='ltr'><strong>urbem</strong></span> <span class='ocrx_word' id='word_1_122' title='bbox 1545 863 1606 896; x_wconf 91' lang='lat' dir='ltr'><strong>est</strong></span> <span class='ocrx_word' id='word_1_123' title='bbox 1632 854 1791 910; x_wconf 85' lang='lat' dir='ltr'><strong>ingres-</strong></span> 
     </span>
     <span class='ocr_line' id='line_1_28' title="bbox 381 908 1790 965; baseline 0.002 -16"><span class='ocrx_word' id='word_1_124' title='bbox 381 924 461 950; x_wconf 90' lang='lat' dir='ltr'><strong>sus.</strong></span> <span class='ocrx_word' id='word_1_125' title='bbox 522 908 742 964; x_wconf 80' lang='lat' dir='ltr'><strong>⁴¹²Argenti</strong></span> <span class='ocrx_word' id='word_1_126' title='bbox 762 909 904 951; x_wconf 90' lang='lat' dir='ltr'><strong>infecti</strong></span> <span class='ocrx_word' id='word_1_127' title='bbox 935 909 1033 952; x_wconf 89' lang='lat' dir='ltr'><strong>tulit</strong></span> <span class='ocrx_word' id='word_1_128' title='bbox 1060 924 1102 950; x_wconf 92' lang='lat' dir='ltr'><strong>1n</strong></span> <span class='ocrx_word' id='word_1_129' title='bbox 1132 909 1324 951; x_wconf 86' lang='lat' dir='ltr'><strong>aerarium</strong></span> <span class='ocrx_word' id='word_1_130' title='bbox 1354 910 1670 965; x_wconf 87' lang='lat' dir='ltr'><strong>quatuordecim</strong></span> <span class='ocrx_word' id='word_1_131' title='bbox 1696 912 1790 952; x_wconf 89' lang='lat' dir='ltr'><strong>mil-</strong></span> 
     </span>
     <span class='ocr_line' id='line_1_29' title="bbox 379 965 1787 1031; baseline 0.002 -26"><span class='ocrx_word' id='word_1_132' title='bbox 379 965 436 1006; x_wconf 87' lang='lat' dir='ltr'><strong>lia</strong></span> <span class='ocrx_word' id='word_1_133' title='bbox 463 965 604 1021; x_wconf 89' lang='lat' dir='ltr'><strong>pondo</strong></span> <span class='ocrx_word' id='word_1_134' title='bbox 633 965 893 1021; x_wconf 85' lang='lat' dir='ltr'><strong>septingenta</strong></span> <span class='ocrx_word' id='word_1_135' title='bbox 924 966 1095 1031; x_wconf 82' lang='lat' dir='ltr'><strong>triginta</strong></span> <span class='ocrx_word' id='word_1_136' title='bbox 1124 966 1232 1007; x_wconf 90' lang='lat' dir='ltr'><strong>duo:</strong></span> <span class='ocrx_word' id='word_1_137' title='bbox 1266 974 1307 1007; x_wconf 85' lang='lat' dir='ltr'><strong>et</strong></span> <span class='ocrx_word' id='word_1_138' title='bbox 1327 965 1519 1021; x_wconf 71' lang='lat' dir='ltr'><strong>⁴³signati</strong></span> <span class='ocrx_word' id='word_1_139' title='bbox 1548 966 1787 1022; x_wconf 86' lang='lat' dir='ltr'><strong>bigatorum</strong></span> 
     </span>
     <span class='ocr_line' id='line_1_30' title="bbox 379 1022 1789 1085; baseline 0.001 -23"><span class='ocrx_word' id='word_1_140' title='bbox 379 1022 671 1085; x_wconf 81' lang='lat' dir='ltr'><strong>septemdecim</strong></span> <span class='ocrx_word' id='word_1_141' title='bbox 699 1023 829 1063; x_wconf 90' lang='lat' dir='ltr'><strong>millia</strong></span> <span class='ocrx_word' id='word_1_142' title='bbox 857 1023 1006 1078; x_wconf 91' lang='lat' dir='ltr'><strong>viginti</strong></span> <span class='ocrx_word' id='word_1_143' title='bbox 1034 1022 1136 1064; x_wconf 88' lang='lat' dir='ltr'><strong>tria:</strong></span> <span class='ocrx_word' id='word_1_144' title='bbox 1174 1031 1214 1064; x_wconf 86' lang='lat' dir='ltr'><strong>et</strong></span> <span class='ocrx_word' id='word_1_145' title='bbox 1235 1022 1464 1064; x_wconf 75' lang='lat' dir='ltr'><strong>⁴⁴Oscensis</strong></span> <span class='ocrx_word' id='word_1_146' title='bbox 1490 1024 1675 1079; x_wconf 88' lang='lat' dir='ltr'><strong>argenti</strong></span> <span class='ocrx_word' id='word_1_147' title='bbox 1696 1039 1789 1064; x_wconf 86' lang='lat' dir='ltr'><strong>cen-</strong></span> 
     </span>
     <span class='ocr_line' id='line_1_31' title="bbox 379 1078 1788 1142; baseline 0.001 -23"><span class='ocrx_word' id='word_1_148' title='bbox 379 1086 471 1119; x_wconf 90' lang='lat' dir='ltr'><strong>tum</strong></span> <span class='ocrx_word' id='word_1_149' title='bbox 491 1078 641 1134; x_wconf 86' lang='lat' dir='ltr'><strong>viginti</strong></span> <span class='ocrx_word' id='word_1_150' title='bbox 661 1078 792 1120; x_wconf 85' lang='lat' dir='ltr'><strong>millia</strong></span> <span class='ocrx_word' id='word_1_151' title='bbox 820 1079 1147 1135; x_wconf 87' lang='lat' dir='ltr'><strong>quadringentos</strong></span> <span class='ocrx_word' id='word_1_152' title='bbox 1173 1079 1345 1142; x_wconf 85' lang='lat' dir='ltr'><strong>triginta</strong></span> <span class='ocrx_word' id='word_1_153' title='bbox 1370 1088 1475 1121; x_wconf 87' lang='lat' dir='ltr'><strong>octo.</strong></span> <span class='ocrx_word' id='word_1_154' title='bbox 1537 1081 1695 1121; x_wconf 87' lang='lat' dir='ltr'><strong>Caussa</strong></span> <span class='ocrx_word' id='word_1_155' title='bbox 1715 1081 1788 1121; x_wconf 85' lang='lat' dir='ltr'><strong>tri-</strong></span> 
     </span>
     <span class='ocr_line' id='line_1_32' title="bbox 378 1135 1788 1199; baseline 0.003 -25"><span class='ocrx_word' id='word_1_156' title='bbox 378 1135 526 1190; x_wconf 89' lang='lat' dir='ltr'><strong>umphi</strong></span> <span class='ocrx_word' id='word_1_157' title='bbox 546 1135 725 1199; x_wconf 81' lang='lat' dir='ltr'><strong>negandi</strong></span> <span class='ocrx_word' id='word_1_158' title='bbox 747 1136 907 1177; x_wconf 88' lang='lat' dir='ltr'><strong>senatui</strong></span> <span class='ocrx_word' id='word_1_159' title='bbox 927 1135 1024 1186; x_wconf 88' lang='lat' dir='ltr'><strong>fuit,</strong></span> <span class='ocrx_word' id='word_1_160' title='bbox 1041 1136 1156 1191; x_wconf 92' lang='lat' dir='ltr'><strong>quod</strong></span> <span class='ocrx_word' id='word_1_161' title='bbox 1177 1135 1308 1176; x_wconf 88' lang='lat' dir='ltr'><strong>alieno</strong></span> <span class='ocrx_word' id='word_1_162' title='bbox 1328 1135 1512 1192; x_wconf 92' lang='lat' dir='ltr'><strong>auspicio</strong></span> <span class='ocrx_word' id='word_1_163' title='bbox 1528 1144 1569 1178; x_wconf 89' lang='lat' dir='ltr'><strong>et</strong></span> <span class='ocrx_word' id='word_1_164' title='bbox 1590 1137 1632 1177; x_wconf 91' lang='lat' dir='ltr'><strong>in</strong></span> <span class='ocrx_word' id='word_1_165' title='bbox 1653 1136 1788 1178; x_wconf 88' lang='lat' dir='ltr'><strong>aliena</strong></span> 
     </span>
     <span class='ocr_line' id='line_1_33' title="bbox 377 1191 1784 1247; baseline 0.001 -16"><span class='ocrx_word' id='word_1_166' title='bbox 377 1191 590 1245; x_wconf 90' lang='lat' dir='ltr'><strong>provincia</strong></span> <span class='ocrx_word' id='word_1_167' title='bbox 608 1200 846 1247; x_wconf 86' lang='lat' dir='ltr'><strong>pugnasset.</strong></span> <span class='ocrx_word' id='word_1_168' title='bbox 909 1193 1103 1233; x_wconf 87' lang='lat' dir='ltr'><strong>Ceterum</strong></span> <span class='ocrx_word' id='word_1_169' title='bbox 1125 1191 1289 1233; x_wconf 87' lang='lat' dir='ltr'><strong>biennio</strong></span> <span class='ocrx_word' id='word_1_170' title='bbox 1309 1201 1402 1247; x_wconf 92' lang='lat' dir='ltr'><strong>post</strong></span> <span class='ocrx_word' id='word_1_171' title='bbox 1423 1192 1616 1242; x_wconf 87' lang='lat' dir='ltr'><strong>redierat,</strong></span> <span class='ocrx_word' id='word_1_172' title='bbox 1635 1207 1784 1247; x_wconf 88' lang='lat' dir='ltr'><strong>quum,</strong></span> 
     </span>
    </p>

    <p class='ocr_par' dir='ltr' id='par_1_9' title="bbox 375 1247 1787 1643">
     <span class='ocr_line' id='line_1_34' title="bbox 377 1247 1786 1303; baseline 0.001 -15.055"><span class='ocrx_word' id='word_1_173' title='bbox 377 1247 628 1303; x_wconf 59' lang='lat' dir='ltr'><strong>“provincia</strong></span> <span class='ocrx_word' id='word_1_174' title='bbox 677 1248 897 1289; x_wconf 86' lang='lat' dir='ltr'><strong>successori</strong></span> <span class='ocrx_word' id='word_1_175' title='bbox 944 1250 992 1299; x_wconf 94' lang='lat' dir='ltr'><strong>Q.</strong></span> <span class='ocrx_word' id='word_1_176' title='bbox 1035 1248 1225 1290; x_wconf 91' lang='lat' dir='ltr'><strong>Minucio</strong></span> <span class='ocrx_word' id='word_1_177' title='bbox 1273 1249 1441 1298; x_wconf 87' lang='lat' dir='ltr'><strong>tradita,</strong></span> <span class='ocrx_word' id='word_1_178' title='bbox 1482 1264 1636 1289; x_wconf 88' lang='lat' dir='ltr'><strong>annum</strong></span> <span class='ocrx_word' id='word_1_179' title='bbox 1682 1264 1786 1290; x_wconf 80' lang='lat' dir='ltr'><strong>inse-</strong></span> 
     </span>
     <span class='ocr_line' id='line_1_35' title="bbox 378 1304 1785 1368; baseline 0.001 -24"><span class='ocrx_word' id='word_1_180' title='bbox 378 1312 575 1360; x_wconf 89' lang='lat' dir='ltr'><strong>quentem</strong></span> <span class='ocrx_word' id='word_1_181' title='bbox 602 1312 788 1346; x_wconf 87' lang='lat' dir='ltr'><strong>retentus</strong></span> <span class='ocrx_word' id='word_1_182' title='bbox 808 1304 866 1346; x_wconf 91' lang='lat' dir='ltr'><strong>ibi</strong></span> <span class='ocrx_word' id='word_1_183' title='bbox 887 1305 1011 1360; x_wconf 90' lang='lat' dir='ltr'><strong>longo</strong></span> <span class='ocrx_word' id='word_1_184' title='bbox 1035 1313 1076 1346; x_wconf 90' lang='lat' dir='ltr'><strong>et</strong></span> <span class='ocrx_word' id='word_1_185' title='bbox 1103 1305 1220 1360; x_wconf 87' lang='lat' dir='ltr'><strong>gravi</strong></span> <span class='ocrx_word' id='word_1_186' title='bbox 1241 1305 1386 1346; x_wconf 92' lang='lat' dir='ltr'><strong>morbo</strong></span> <span class='ocrx_word' id='word_1_187' title='bbox 1410 1305 1569 1346; x_wconf 90' lang='lat' dir='ltr'><strong>fuisset.</strong></span> <span class='ocrx_word' id='word_1_188' title='bbox 1632 1305 1785 1368; x_wconf 75' lang='lat' dir='ltr'><strong>Itaque</strong></span> 
     </span>
     <span class='ocr_line' id='line_1_36' title="bbox 376 1360 1785 1411; baseline 0.001 -10"><span class='ocrx_word' id='word_1_189' title='bbox 376 1360 543 1401; x_wconf 90' lang='lat' dir='ltr'><strong>duobus</strong></span> <span class='ocrx_word' id='word_1_190' title='bbox 574 1360 698 1401; x_wconf 91' lang='lat' dir='ltr'><strong>modo</strong></span> <span class='ocrx_word' id='word_1_191' title='bbox 725 1362 935 1403; x_wconf 89' lang='lat' dir='ltr'><strong>mensibus</strong></span> <span class='ocrx_word' id='word_1_192' title='bbox 969 1368 1064 1402; x_wconf 89' lang='lat' dir='ltr'><strong>ante</strong></span> <span class='ocrx_word' id='word_1_193' title='bbox 1087 1361 1272 1411; x_wconf 74' lang='lat' dir='ltr'><strong>J-Ielvius</strong></span> <span class='ocrx_word' id='word_1_194' title='bbox 1301 1376 1428 1402; x_wconf 90' lang='lat' dir='ltr'><strong>ovans</strong></span> <span class='ocrx_word' id='word_1_195' title='bbox 1457 1362 1603 1402; x_wconf 91' lang='lat' dir='ltr'><strong>urbem</strong></span> <span class='ocrx_word' id='word_1_196' title='bbox 1631 1370 1692 1402; x_wconf 89' lang='lat' dir='ltr'><strong>est</strong></span> <span class='ocrx_word' id='word_1_197' title='bbox 1724 1376 1785 1402; x_wconf 87' lang='lat' dir='ltr'><strong>m-</strong></span> 
     </span>
     <span class='ocr_line' id='line_1_37' title="bbox 375 1417 1779 1480; baseline 0.001 -22"><span class='ocrx_word' id='word_1_198' title='bbox 375 1432 555 1472; x_wconf 85' lang='lat' dir='ltr'><strong>gressus,</strong></span> <span class='ocrx_word' id='word_1_199' title='bbox 596 1433 724 1472; x_wconf 87' lang='lat' dir='ltr'><strong>quam</strong></span> <span class='ocrx_word' id='word_1_200' title='bbox 764 1433 972 1459; x_wconf 81' lang='lat' dir='ltr'><strong>successor</strong></span> <span class='ocrx_word' id='word_1_201' title='bbox 1009 1418 1099 1473; x_wconf 88' lang='lat' dir='ltr'><strong>ejus</strong></span> <span class='ocrx_word' id='word_1_202' title='bbox 1139 1420 1187 1468; x_wconf 89' lang='lat' dir='ltr'><strong>Q.</strong></span> <span class='ocrx_word' id='word_1_203' title='bbox 1234 1417 1449 1458; x_wconf 89' lang='lat' dir='ltr'><strong>Minucius</strong></span> <span class='ocrx_word' id='word_1_204' title='bbox 1488 1418 1779 1480; x_wconf 85' lang='lat' dir='ltr'><strong>triumpharet.</strong></span> 
     </span>
     <span class='ocr_line' id='line_1_38' title="bbox 377 1473 1787 1538; baseline 0.001 -25"><span class='ocrx_word' id='word_1_205' title='bbox 377 1474 462 1514; x_wconf 92' lang='lat' dir='ltr'><strong>Hic</strong></span> <span class='ocrx_word' id='word_1_206' title='bbox 494 1488 663 1529; x_wconf 90' lang='lat' dir='ltr'><strong>quoque</strong></span> <span class='ocrx_word' id='word_1_207' title='bbox 696 1473 792 1515; x_wconf 84' lang='lat' dir='ltr'><strong>tulit</strong></span> <span class='ocrx_word' id='word_1_208' title='bbox 826 1473 1026 1530; x_wconf 78' lang='lat' dir='ltr'><strong>‘¹⁶argenti</strong></span> <span class='ocrx_word' id='word_1_209' title='bbox 1061 1475 1200 1538; x_wconf 79' lang='lat' dir='ltr'><strong>pondo</strong></span> <span class='ocrx_word' id='word_1_210' title='bbox 1236 1474 1410 1530; x_wconf 89' lang='lat' dir='ltr'><strong>triginta</strong></span> <span class='ocrx_word' id='word_1_211' title='bbox 1441 1484 1623 1529; x_wconf 89' lang='lat' dir='ltr'><strong>quatuor</strong></span> <span class='ocrx_word' id='word_1_212' title='bbox 1657 1473 1787 1515; x_wconf 88' lang='lat' dir='ltr'><strong>millia</strong></span> 
     </span>
     <span class='ocr_line' id='line_1_39' title="bbox 375 1529 1786 1594; baseline 0.002 -24"><span class='ocrx_word' id='word_1_213' title='bbox 375 1530 626 1585; x_wconf 83' lang='lat' dir='ltr'><strong>octingenta,</strong></span> <span class='ocrx_word' id='word_1_214' title='bbox 649 1529 926 1586; x_wconf 72' lang='lat' dir='ltr'><strong>⁴⁷bigatorum</strong></span> <span class='ocrx_word' id='word_1_215' title='bbox 951 1531 1215 1594; x_wconf 82' lang='lat' dir='ltr'><strong>septuaginta</strong></span> <span class='ocrx_word' id='word_1_216' title='bbox 1237 1539 1332 1572; x_wconf 90' lang='lat' dir='ltr'><strong>octo</strong></span> <span class='ocrx_word' id='word_1_217' title='bbox 1357 1530 1501 1581; x_wconf 87' lang='lat' dir='ltr'><strong>millia,</strong></span> <span class='ocrx_word' id='word_1_218' title='bbox 1524 1539 1566 1571; x_wconf 91' lang='lat' dir='ltr'><strong>et</strong></span> <span class='ocrx_word' id='word_1_219' title='bbox 1594 1529 1786 1574; x_wconf 55' lang='lat' dir='ltr'><strong>‘moscen-</strong></span> 
     </span>
     <span class='ocr_line' id='line_1_40' title="bbox 376 1586 1369 1652; baseline 0 -25"><span class='ocrx_word' id='word_1_220' title='bbox 376 1587 429 1627; x_wconf 85' lang='lat' dir='ltr'><strong>sis</strong></span> <span class='ocrx_word' id='word_1_221' title='bbox 450 1586 610 1642; x_wconf 86' lang='lat' dir='ltr'><strong>argenti</strong></span> <span class='ocrx_word' id='word_1_222' title='bbox 631 1586 811 1628; x_wconf 82' lang='lat' dir='ltr'><strong>ducenta</strong></span> <span class='ocrx_word' id='word_1_223' title='bbox 831 1587 1096 1652; x_wconf 78' lang='lat' dir='ltr'><strong>septuaginta</strong></span> <span class='ocrx_word' id='word_1_224' title='bbox 1115 1596 1209 1629; x_wconf 91' lang='lat' dir='ltr'><strong>octo</strong></span> <span class='ocrx_word' id='word_1_225' title='bbox 1228 1587 1369 1628; x_wconf 91' lang='lat' dir='ltr'><strong>millia.</strong></span> 
     </span>
    </p>

    <p class='ocr_par' dir='ltr' id='par_1_10' title="bbox 376 1642 1783 1812">
     <span class='ocr_line' id='line_1_41' title="bbox 434 1642 1783 1700; baseline 0.002 -18"><span class='ocrx_word' id='word_1_226' title='bbox 434 1644 519 1683; x_wconf 88' lang='lat' dir='ltr'><strong>XI.</strong></span> <span class='ocrx_word' id='word_1_227' title='bbox 559 1644 610 1683; x_wconf 90' lang='lat' dir='ltr'><strong>In</strong></span> <span class='ocrx_word' id='word_1_228' title='bbox 645 1642 850 1698; x_wconf 89' lang='lat' dir='ltr'><strong>Hispania</strong></span> <span class='ocrx_word' id='word_1_229' title='bbox 881 1644 1046 1684; x_wconf 89' lang='lat' dir='ltr'><strong>interim</strong></span> <span class='ocrx_word' id='word_1_230' title='bbox 1073 1643 1216 1685; x_wconf 90' lang='lat' dir='ltr'><strong>consul</strong></span> <span class='ocrx_word' id='word_1_231' title='bbox 1250 1643 1364 1685; x_wconf 90' lang='lat' dir='ltr'><strong>haud</strong></span> <span class='ocrx_word' id='word_1_232' title='bbox 1395 1644 1543 1700; x_wconf 91' lang='lat' dir='ltr'><strong>procul</strong></span> <span class='ocrx_word' id='word_1_233' title='bbox 1570 1643 1783 1700; x_wconf 86' lang='lat' dir='ltr'><strong>Emporiis</strong></span> 
     </span>
     <span class='ocr_line' id='line_1_42' title="bbox 376 1699 1782 1755; baseline 0.001 -15"><span class='ocrx_word' id='word_1_234' title='bbox 376 1707 510 1740; x_wconf 87' lang='lat' dir='ltr'><strong>castra</strong></span> <span class='ocrx_word' id='word_1_235' title='bbox 538 1699 730 1740; x_wconf 88' lang='lat' dir='ltr'><strong>habebat.</strong></span> <span class='ocrx_word' id='word_1_236' title='bbox 791 1701 857 1740; x_wconf 91' lang='lat' dir='ltr'><strong>Eo</strong></span> <span class='ocrx_word' id='word_1_237' title='bbox 888 1699 1013 1755; x_wconf 90' lang='lat' dir='ltr'><strong>legati</strong></span> <span class='ocrx_word' id='word_1_238' title='bbox 1035 1708 1118 1741; x_wconf 89' lang='lat' dir='ltr'><strong>tres</strong></span> <span class='ocrx_word' id='word_1_239' title='bbox 1138 1700 1190 1741; x_wconf 89' lang='lat' dir='ltr'><strong>ab</strong></span> <span class='ocrx_word' id='word_1_240' title='bbox 1224 1700 1453 1755; x_wconf 86' lang='lat' dir='ltr'><strong>Ilergetum</strong></span> <span class='ocrx_word' id='word_1_241' title='bbox 1485 1700 1630 1755; x_wconf 90' lang='lat' dir='ltr'><strong>regulo</strong></span> <span class='ocrx_word' id='word_1_242' title='bbox 1662 1700 1782 1742; x_wconf 88' lang='lat' dir='ltr'><strong>Bilis-</strong></span> 
     </span>
     <span class='ocr_line' id='line_1_43' title="bbox 376 1734 1782 1812; baseline 0 -15"><span class='ocrx_word' id='word_1_243' title='bbox 376 1764 483 1812; x_wconf 88' lang='lat' dir='ltr'><strong>tage,</strong></span> <span class='ocrx_word' id='word_1_244' title='bbox 505 1756 549 1796; x_wconf 89' lang='lat' dir='ltr'><strong>in</strong></span> <span class='ocrx_word' id='word_1_245' title='bbox 570 1755 725 1811; x_wconf 90' lang='lat' dir='ltr'><strong>quibus</strong></span> <span class='ocrx_word' id='word_1_246' title='bbox 745 1770 854 1796; x_wconf 88' lang='lat' dir='ltr'><strong>unus</strong></span> <span class='ocrx_word' id='word_1_247' title='bbox 875 1734 985 1796; x_wconf 89' lang='lat' dir='ltr'><strong>filius</strong></span> <span class='ocrx_word' id='word_1_248' title='bbox 1005 1764 1107 1805; x_wconf 87' lang='lat' dir='ltr'><strong>erat,</strong></span> <span class='ocrx_word' id='word_1_249' title='bbox 1121 1764 1338 1806; x_wconf 84' lang='lat' dir='ltr'><strong>venerunt,</strong></span> <span class='ocrx_word' id='word_1_250' title='bbox 1360 1765 1594 1812; x_wconf 86' lang='lat' dir='ltr'><strong>querentes,</strong></span> <span class='ocrx_word' id='word_1_251' title='bbox 1616 1758 1782 1797; x_wconf 83' lang='lat' dir='ltr'><strong>castella</strong></span> 
     </span>
    </p>
   </div>
   <div class='ocr_carea' id='block_1_8' title="bbox 417 1839 1781 1880">
    <p class='ocr_par' dir='ltr' id='par_1_11' title="bbox 417 1839 1781 1880">
     <span class='ocr_line' id='line_1_44' title="bbox 417 1839 1781 1880; baseline 0.001 -11"><span class='ocrx_word' id='word_1_252' title='bbox 417 1842 432 1860; x_wconf 81' lang='lat'><strong>¹¹</strong></span> <span class='ocrx_word' id='word_1_253' title='bbox 446 1845 605 1870; x_wconf 82' lang='lat' dir='ltr'><strong>occurrunt</strong></span> <span class='ocrx_word' id='word_1_254' title='bbox 621 1839 713 1870; x_wconf 90' lang='lat' dir='ltr'><strong>Crev.</strong></span> <span class='ocrx_word' id='word_1_255' title='bbox 756 1840 774 1859; x_wconf 66' lang='grc' dir='ltr'><strong>Χ</strong></span> <span class='ocrx_word' id='word_1_256' title='bbox 788 1840 903 1880; x_wconf 80' lang='lat' dir='ltr'><strong>argenti</strong></span> <span class='ocrx_word' id='word_1_257' title='bbox 917 1839 1122 1880; x_wconf 76' lang='lat' dir='ltr'><strong>rigitztimillia</strong></span> <span class='ocrx_word' id='word_1_258' title='bbox 1137 1839 1351 1880; x_wconf 78' lang='lat' dir='ltr'><strong>quadringenta</strong></span> <span class='ocrx_word' id='word_1_259' title='bbox 1367 1839 1489 1879; x_wconf 75' lang='lat' dir='ltr'><strong>triginta</strong></span> <span class='ocrx_word' id='word_1_260' title='bbox 1501 1845 1561 1870; x_wconf 85' lang='lat' dir='ltr'><strong>octo</strong></span> <span class='ocrx_word' id='word_1_261' title='bbox 1578 1839 1675 1871; x_wconf 88' lang='lat' dir='ltr'><strong>Gron.</strong></span> <span class='ocrx_word' id='word_1_262' title='bbox 1689 1839 1781 1871; x_wconf 78' lang='lat' dir='ltr'><strong>CreV.</strong></span> 
     </span>
    </p>
   </div>
   <div class='ocr_carea' id='block_1_9' title="bbox 388 1918 1778 1966">
    <p class='ocr_par' dir='ltr' id='par_1_12' title="bbox 388 1918 1778 1966">
     <span class='ocr_line' id='line_1_45' title="bbox 388 1918 1778 1966; baseline -0.001 -11"><span class='ocrx_word' id='word_1_263' title='bbox 388 1918 390 1920; x_wconf 43' lang='grc'>’</span> <span class='ocrx_word' id='word_1_264' title='bbox 416 1926 456 1955; x_wconf 87' lang='grc'><strong>42</strong></span> <span class='ocrx_word' id='word_1_265' title='bbox 480 1925 604 1966; x_wconf 81' lang='lat' dir='ltr'><strong>Argenti</strong></span> <span class='ocrx_word' id='word_1_266' title='bbox 627 1946 635 1954; x_wconf 92' lang='lat'><strong>.</strong></span> <span class='ocrx_word' id='word_1_267' title='bbox 659 1947 667 1955; x_wconf 86' lang='lat'><strong>.</strong></span> <span class='ocrx_word' id='word_1_268' title='bbox 691 1947 699 1955; x_wconf 91' lang='lat'><strong>.</strong></span> <span class='ocrx_word' id='word_1_269' title='bbox 721 1925 936 1964; x_wconf 80' lang='lat' dir='ltr'><strong>quatuordecim</strong></span> <span class='ocrx_word' id='word_1_270' title='bbox 960 1924 1053 1954; x_wconf 84' lang='lat' dir='ltr'><strong>millia</strong></span> <span class='ocrx_word' id='word_1_271' title='bbox 1095 1922 1180 1964; x_wconf 87' lang='lat' dir='ltr'><strong>genti</strong></span> <span class='ocrx_word' id='word_1_272' title='bbox 1195 1921 1302 1963; x_wconf 75' lang='lat' dir='ltr'><strong>viginti</strong></span> <span class='ocrx_word' id='word_1_273' title='bbox 1319 1923 1416 1953; x_wconf 87' lang='lat' dir='ltr'><strong>millia</strong></span> <span class='ocrx_word' id='word_1_274' title='bbox 1431 1923 1532 1965; x_wconf 92' lang='lat' dir='ltr'><strong>pondo</strong></span> <span class='ocrx_word' id='word_1_275' title='bbox 1554 1923 1778 1964; x_wconf 84' lang='lat' dir='ltr'><strong>quadringenta</strong></span> 
     </span>
    </p>
   </div>
   <div class='ocr_carea' id='block_1_10' title="bbox 368 1966 1054 2731">
    <p class='ocr_par' dir='ltr' id='par_1_13' title="bbox 371 1966 1053 2084">
     <span class='ocr_line' id='line_1_46' title="bbox 371 1966 1052 2008; baseline -0.001 -11"><span class='ocrx_word' id='word_1_276' title='bbox 371 1970 464 2007; x_wconf 82' lang='lat' dir='ltr'><strong>pondo</strong></span> <span class='ocrx_word' id='word_1_277' title='bbox 490 1969 670 2007; x_wconf 77' lang='lat' dir='ltr'><strong>septingenta</strong></span> <span class='ocrx_word' id='word_1_278' title='bbox 706 1968 830 2008; x_wconf 81' lang='lat' dir='ltr'><strong>triginta</strong></span> <span class='ocrx_word' id='word_1_279' title='bbox 865 1966 937 2006; x_wconf 81' lang='lat' dir='ltr'><strong>dno]</strong></span> <span class='ocrx_word' id='word_1_280' title='bbox 975 1966 1052 1998; x_wconf 84' lang='lat' dir='ltr'><strong>Seli-</strong></span> 
     </span>
     <span class='ocr_line' id='line_1_47' title="bbox 373 2010 1053 2046; baseline 0 -6"><span class='ocrx_word' id='word_1_281' title='bbox 373 2010 454 2046; x_wconf 86' lang='lat' dir='ltr'><strong>bras,</strong></span> <span class='ocrx_word' id='word_1_282' title='bbox 470 2020 522 2041; x_wconf 88' lang='lat' dir='ltr'><strong>seu</strong></span> <span class='ocrx_word' id='word_1_283' title='bbox 537 2019 657 2040; x_wconf 85' lang='lat' dir='ltr'><strong>marcas</strong></span> <span class='ocrx_word' id='word_1_284' title='bbox 680 2014 829 2040; x_wconf 84' lang='lat' dir='ltr'><strong>nostrates</strong></span> <span class='ocrx_word' id='word_1_285' title='bbox 843 2010 958 2040; x_wconf 79' lang='grc'><strong>23018.</strong></span> <span class='ocrx_word' id='word_1_286' title='bbox 982 2020 1053 2040; x_wconf 88' lang='lat' dir='ltr'><strong>cum</strong></span> 
     </span>
     <span class='ocr_line' id='line_1_48' title="bbox 372 2052 550 2084; baseline 0 -2"><span class='ocrx_word' id='word_1_287' title='bbox 372 2063 426 2084; x_wconf 82' lang='lat' dir='ltr'><strong>sex</strong></span> <span class='ocrx_word' id='word_1_288' title='bbox 441 2052 550 2084; x_wconf 87' lang='lat' dir='ltr'><strong>unciis.</strong></span> 
     </span>
    </p>

    <p class='ocr_par' dir='ltr' id='par_1_14' title="bbox 368 2095 1054 2604">
     <span class='ocr_line' id='line_1_49' title="bbox 414 2095 1054 2137; baseline -0.002 -12"><span class='ocrx_word' id='word_1_289' title='bbox 414 2096 454 2127; x_wconf 89' lang='lat'><strong>43</strong></span> <span class='ocrx_word' id='word_1_290' title='bbox 495 2095 549 2137; x_wconf 82' lang='lat' dir='ltr'><strong>Sig</strong></span> <span class='ocrx_word' id='word_1_291' title='bbox 550 2097 612 2126; x_wconf 82' lang='lat' dir='ltr'><strong>nati</strong></span> <span class='ocrx_word' id='word_1_292' title='bbox 654 2096 817 2136; x_wconf 78' lang='lat' dir='ltr'><strong>bigatorum</strong></span> <span class='ocrx_word' id='word_1_293' title='bbox 859 2095 1054 2134; x_wconf 78' lang='lat' dir='ltr'><strong>septemdecim</strong></span> 
     </span>
     <span class='ocr_line' id='line_1_50' title="bbox 372 2137 1052 2180; baseline 0.003 -14"><span class='ocrx_word' id='word_1_294' title='bbox 372 2139 466 2168; x_wconf 78' lang='lat' dir='ltr'><strong>millia</strong></span> <span class='ocrx_word' id='word_1_295' title='bbox 491 2140 597 2180; x_wconf 80' lang='lat' dir='ltr'><strong>viginti</strong></span> <span class='ocrx_word' id='word_1_296' title='bbox 631 2138 704 2178; x_wconf 70' lang='lat' dir='ltr'><strong>tria]</strong></span> <span class='ocrx_word' id='word_1_297' title='bbox 750 2137 901 2168; x_wconf 85' lang='lat' dir='ltr'><strong>Denarios</strong></span> <span class='ocrx_word' id='word_1_298' title='bbox 940 2138 1052 2169; x_wconf 82' lang='lat'><strong>17023.</strong></span> 
     </span>
     <span class='ocr_line' id='line_1_51' title="bbox 373 2165 1053 2222; baseline 0 -12"><span class='ocrx_word' id='word_1_299' title='bbox 373 2190 492 2211; x_wconf 89' lang='lat' dir='ltr'><strong>marcas</strong></span> <span class='ocrx_word' id='word_1_300' title='bbox 506 2165 623 2222; x_wconf 84' lang='lat' dir='ltr'><strong>argenti</strong></span> <span class='ocrx_word' id='word_1_301' title='bbox 636 2180 729 2221; x_wconf 89' lang='lat' dir='ltr'><strong>paulo</strong></span> <span class='ocrx_word' id='word_1_302' title='bbox 742 2181 811 2222; x_wconf 88' lang='lat' dir='ltr'><strong>plus</strong></span> <span class='ocrx_word' id='word_1_303' title='bbox 824 2181 897 2211; x_wconf 79' lang='lat'><strong>267.</strong></span> <span class='ocrx_word' id='word_1_304' title='bbox 927 2179 1053 2211; x_wconf 91' lang='lat' dir='ltr'><strong>Pondus</strong></span> 
     </span>
     <span class='ocr_line' id='line_1_52' title="bbox 373 2222 1052 2271; baseline 0.001 -19"><span class='ocrx_word' id='word_1_305' title='bbox 373 2223 582 2271; x_wconf 83' lang='lat' dir='ltr'><strong>perexiguum.</strong></span> <span class='ocrx_word' id='word_1_306' title='bbox 636 2224 774 2253; x_wconf 83' lang='lat' dir='ltr'><strong>Fortasse</strong></span> <span class='ocrx_word' id='word_1_307' title='bbox 789 2222 900 2264; x_wconf 83' lang='lat' dir='ltr'><strong>aliquis</strong></span> <span class='ocrx_word' id='word_1_308' title='bbox 912 2233 993 2253; x_wconf 85' lang='lat' dir='ltr'><strong>error</strong></span> <span class='ocrx_word' id='word_1_309' title='bbox 1006 2228 1052 2253; x_wconf 88' lang='lat' dir='ltr'><strong>est</strong></span> 
     </span>
     <span class='ocr_line' id='line_1_53' title="bbox 372 2265 1052 2297; baseline 0 -2"><span class='ocrx_word' id='word_1_310' title='bbox 372 2276 403 2295; x_wconf 87' lang='lat' dir='ltr'><strong>m</strong></span> <span class='ocrx_word' id='word_1_311' title='bbox 427 2276 570 2297; x_wconf 82' lang='lat' dir='ltr'><strong>numeris.</strong></span> <span class='ocrx_word' id='word_1_312' title='bbox 625 2265 798 2296; x_wconf 75' lang='lat' dir='ltr'><strong>Verisimile</strong></span> <span class='ocrx_word' id='word_1_313' title='bbox 818 2276 898 2296; x_wconf 78' lang='lat' dir='ltr'><strong>enirn</strong></span> <span class='ocrx_word' id='word_1_314' title='bbox 922 2275 983 2295; x_wconf 91' lang='lat' dir='ltr'><strong>non</strong></span> <span class='ocrx_word' id='word_1_315' title='bbox 1005 2270 1052 2295; x_wconf 87' lang='lat' dir='ltr'><strong>est</strong></span> 
     </span>
     <span class='ocr_line' id='line_1_54' title="bbox 372 2307 1049 2350; baseline 0 -12"><span class='ocrx_word' id='word_1_316' title='bbox 372 2308 421 2339; x_wconf 88' lang='lat' dir='ltr'><strong>hic</strong></span> <span class='ocrx_word' id='word_1_317' title='bbox 449 2309 583 2350; x_wconf 87' lang='lat' dir='ltr'><strong>suppleri</strong></span> <span class='ocrx_word' id='word_1_318' title='bbox 612 2307 723 2339; x_wconf 89' lang='lat' dir='ltr'><strong>debere</strong></span> <span class='ocrx_word' id='word_1_319' title='bbox 749 2310 852 2347; x_wconf 80' lang='lat' dir='ltr'><strong>pondo,</strong></span> <span class='ocrx_word' id='word_1_320' title='bbox 876 2314 910 2338; x_wconf 91' lang='lat' dir='ltr'><strong>ut</strong></span> <span class='ocrx_word' id='word_1_321' title='bbox 937 2307 1049 2338; x_wconf 88' lang='lat' dir='ltr'><strong>intelli-</strong></span> 
     </span>
     <span class='ocr_line' id='line_1_55' title="bbox 370 2350 1048 2391; baseline 0 -10"><span class='ocrx_word' id='word_1_322' title='bbox 370 2356 481 2389; x_wconf 68' lang='lat' dir='ltr'><strong>gantur</strong></span> <span class='ocrx_word' id='word_1_323' title='bbox 506 2352 590 2382; x_wconf 83' lang='lat' dir='ltr'><strong>librae</strong></span> <span class='ocrx_word' id='word_1_324' title='bbox 614 2351 764 2381; x_wconf 74' lang='lat' dir='ltr'><strong>Romana·</strong></span> <span class='ocrx_word' id='word_1_325' title='bbox 791 2350 908 2391; x_wconf 83' lang='lat' dir='ltr'><strong>argenti</strong></span> <span class='ocrx_word' id='word_1_326' title='bbox 937 2351 1048 2381; x_wconf 84' lang='lat'><strong>17023.</strong></span> 
     </span>
     <span class='ocr_line' id='line_1_56' title="bbox 373 2393 1049 2434; baseline -0.003 -9"><span class='ocrx_word' id='word_1_327' title='bbox 373 2393 434 2425; x_wconf 84' lang='lat' dir='ltr'><strong>L&#39;bi</strong></span> <span class='ocrx_word' id='word_1_328' title='bbox 456 2393 536 2424; x_wconf 88' lang='lat' dir='ltr'><strong>enim</strong></span> <span class='ocrx_word' id='word_1_329' title='bbox 562 2393 667 2424; x_wconf 88' lang='lat' dir='ltr'><strong>Livius</strong></span> <span class='ocrx_word' id='word_1_330' title='bbox 691 2393 873 2434; x_wconf 85' lang='lat' dir='ltr'><strong>bigatorum,</strong></span> <span class='ocrx_word' id='word_1_331' title='bbox 898 2398 950 2423; x_wconf 85' lang='lat' dir='ltr'><strong>aut</strong></span> <span class='ocrx_word' id='word_1_332' title='bbox 974 2403 1049 2434; x_wconf 75' lang='lat' dir='ltr'><strong>qua-</strong></span> 
     </span>
     <span class='ocr_line' id='line_1_57' title="bbox 368 2435 1046 2478; baseline -0.001 -11"><span class='ocrx_word' id='word_1_333' title='bbox 368 2436 555 2478; x_wconf 84' lang='lat' dir='ltr'><strong>drigatorum</strong></span> <span class='ocrx_word' id='word_1_334' title='bbox 591 2435 777 2467; x_wconf 80' lang='lat' dir='ltr'><strong>mentionem</strong></span> <span class='ocrx_word' id='word_1_335' title='bbox 815 2435 953 2478; x_wconf 89' lang='lat' dir='ltr'><strong>apposito</strong></span> <span class='ocrx_word' id='word_1_336' title='bbox 990 2446 1046 2467; x_wconf 91' lang='lat' dir='ltr'><strong>nu-</strong></span> 
     </span>
     <span class='ocr_line' id='line_1_58' title="bbox 369 2478 1046 2521; baseline -0.001 -11"><span class='ocrx_word' id='word_1_337' title='bbox 369 2490 452 2510; x_wconf 87' lang='lat' dir='ltr'><strong>mero</strong></span> <span class='ocrx_word' id='word_1_338' title='bbox 480 2479 564 2513; x_wconf 85' lang='lat' dir='ltr'><strong>facit.</strong></span> <span class='ocrx_word' id='word_1_339' title='bbox 595 2489 754 2509; x_wconf 80' lang='lat' dir='ltr'><strong>numerum</strong></span> <span class='ocrx_word' id='word_1_340' title='bbox 788 2479 921 2521; x_wconf 82' lang='lat' dir='ltr'><strong>ipsorum</strong></span> <span class='ocrx_word' id='word_1_341' title='bbox 951 2478 1046 2509; x_wconf 88' lang='lat' dir='ltr'><strong>dena-</strong></span> 
     </span>
     <span class='ocr_line' id='line_1_59' title="bbox 368 2521 1045 2563; baseline 0 -12"><span class='ocrx_word' id='word_1_342' title='bbox 368 2521 479 2554; x_wconf 86' lang='lat' dir='ltr'><strong>riorum</strong></span> <span class='ocrx_word' id='word_1_343' title='bbox 502 2521 653 2563; x_wconf 81' lang='lat' dir='ltr'><strong>exprimit,</strong></span> <span class='ocrx_word' id='word_1_344' title='bbox 681 2528 714 2551; x_wconf 92' lang='lat' dir='ltr'><strong>ut</strong></span> <span class='ocrx_word' id='word_1_345' title='bbox 737 2521 793 2551; x_wconf 82' lang='lat' dir='ltr'><strong>hoc</strong></span> <span class='ocrx_word' id='word_1_346' title='bbox 816 2521 881 2562; x_wconf 82' lang='lat' dir='ltr'><strong>ipso</strong></span> <span class='ocrx_word' id='word_1_347' title='bbox 903 2531 930 2551; x_wconf 92' lang='lat' dir='ltr'><strong>c.</strong></span> <span class='ocrx_word' id='word_1_348' title='bbox 956 2521 1045 2557; x_wconf 87' lang='lat' dir='ltr'><strong>infra,</strong></span> 
     </span>
     <span class='ocr_line' id='line_1_60' title="bbox 369 2563 996 2604; baseline -0.003 -9"><span class='ocrx_word' id='word_1_349' title='bbox 369 2570 402 2595; x_wconf 83' lang='lat' dir='ltr'><strong>ut</strong></span> <span class='ocrx_word' id='word_1_350' title='bbox 417 2565 437 2596; x_wconf 89' lang='lat' dir='ltr'><strong>l.</strong></span> <span class='ocrx_word' id='word_1_351' title='bbox 453 2565 615 2595; x_wconf 78' lang='lat' dir='ltr'>XXXIII.</span> <span class='ocrx_word' id='word_1_352' title='bbox 631 2575 659 2593; x_wconf 90' lang='lat' dir='ltr'><strong>c.</strong></span> <span class='ocrx_word' id='word_1_353' title='bbox 674 2564 725 2593; x_wconf 89' lang='grc'><strong>37.</strong></span> <span class='ocrx_word' id='word_1_354' title='bbox 740 2569 771 2594; x_wconf 86' lang='lat' dir='ltr'><strong>et</strong></span> <span class='ocrx_word' id='word_1_355' title='bbox 784 2563 857 2594; x_wconf 73' lang='lat' dir='ltr'><strong>alibi</strong></span> <span class='ocrx_word' id='word_1_356' title='bbox 872 2563 996 2604; x_wconf 81' lang='lat' dir='ltr'><strong>passim.</strong></span> 
     </span>
    </p>

    <p class='ocr_par' dir='ltr' id='par_1_15' title="bbox 368 2607 1046 2731">
     <span class='ocr_line' id='line_1_61' title="bbox 410 2607 1045 2646; baseline -0.005 -8"><span class='ocrx_word' id='word_1_357' title='bbox 410 2609 450 2638; x_wconf 88' lang='lat'><strong>44</strong></span> <span class='ocrx_word' id='word_1_358' title='bbox 493 2608 618 2638; x_wconf 79' lang='lat' dir='ltr'><strong>Oscensis</strong></span> <span class='ocrx_word' id='word_1_359' title='bbox 650 2607 781 2646; x_wconf 76' lang='lat' dir='ltr'><strong>argenti]</strong></span> <span class='ocrx_word' id='word_1_360' title='bbox 827 2607 964 2636; x_wconf 87' lang='lat' dir='ltr'><strong>Oscense</strong></span> <span class='ocrx_word' id='word_1_361' title='bbox 999 2616 1045 2635; x_wconf 85' lang='lat' dir='ltr'><strong>ar-</strong></span> 
     </span>
     <span class='ocr_line' id='line_1_62' title="bbox 368 2648 1046 2689; baseline -0.006 -8"><span class='ocrx_word' id='word_1_362' title='bbox 368 2656 494 2687; x_wconf 74' lang='lat' dir='ltr'><strong>“entum</strong></span> <span class='ocrx_word' id='word_1_363' title='bbox 523 2649 643 2680; x_wconf 88' lang='lat' dir='ltr'><strong>videtur</strong></span> <span class='ocrx_word' id='word_1_364' title='bbox 670 2648 761 2679; x_wconf 80' lang='lat' dir='ltr'><strong>fuisse</strong></span> <span class='ocrx_word' id='word_1_365' title='bbox 791 2654 950 2689; x_wconf 78' lang='lat' dir='ltr'><strong>argentum</strong></span> <span class='ocrx_word' id='word_1_366' title='bbox 979 2659 1046 2680; x_wconf 88' lang='lat' dir='ltr'><strong>eru-</strong></span> 
     </span>
     <span class='ocr_line' id='line_1_63' title="bbox 368 2690 1045 2731; baseline -0.006 -7"><span class='ocrx_word' id='word_1_367' title='bbox 368 2700 430 2723; x_wconf 76' lang='lat' dir='ltr'><strong>tum</strong></span> <span class='ocrx_word' id='word_1_368' title='bbox 447 2704 462 2724; x_wconf 90' lang='lat' dir='ltr'><strong>e</strong></span> <span class='ocrx_word' id='word_1_369' title='bbox 480 2692 601 2726; x_wconf 77' lang='lat' dir='ltr'><strong>fodinis,</strong></span> <span class='ocrx_word' id='word_1_370' title='bbox 618 2701 685 2731; x_wconf 79' lang='lat' dir='ltr'><strong>quae</strong></span> <span class='ocrx_word' id='word_1_371' title='bbox 701 2690 783 2731; x_wconf 87' lang='lat' dir='ltr'><strong>apud</strong></span> <span class='ocrx_word' id='word_1_372' title='bbox 801 2692 915 2721; x_wconf 80' lang='lat' dir='ltr'><strong>oscam</strong></span> <span class='ocrx_word' id='word_1_373' title='bbox 935 2698 1045 2720; x_wconf 84' lang='lat' dir='ltr'><strong>essent.</strong></span> 
     </span>
    </p>
   </div>
   <div class='ocr_carea' id='block_1_11' title="bbox 1089 1965 1780 2729">
    <p class='ocr_par' dir='ltr' id='par_1_16' title="bbox 1096 1965 1780 2040">
     <span class='ocr_line' id='line_1_64' title="bbox 1096 1965 1780 2007; baseline 0.003 -11"><span class='ocrx_word' id='word_1_374' title='bbox 1096 1965 1222 2007; x_wconf 88' lang='lat' dir='ltr'><strong>triginta</strong></span> <span class='ocrx_word' id='word_1_375' title='bbox 1240 1971 1309 1996; x_wconf 90' lang='lat' dir='ltr'><strong>octo</strong></span> <span class='ocrx_word' id='word_1_376' title='bbox 1330 1965 1468 1996; x_wconf 82' lang='lat' dir='ltr'><strong>efficiunt</strong></span> <span class='ocrx_word' id='word_1_377' title='bbox 1489 1976 1607 1998; x_wconf 81' lang='lat' dir='ltr'><strong>marcas</strong></span> <span class='ocrx_word' id='word_1_378' title='bbox 1629 1972 1780 1998; x_wconf 84' lang='lat' dir='ltr'><strong>nostrates</strong></span> 
     </span>
     <span class='ocr_line' id='line_1_65' title="bbox 1096 2008 1531 2040; baseline 0 0"><span class='ocrx_word' id='word_1_379' title='bbox 1096 2009 1212 2040; x_wconf 87' lang='lat'><strong>31934.</strong></span> <span class='ocrx_word' id='word_1_380' title='bbox 1227 2019 1298 2039; x_wconf 89' lang='lat' dir='ltr'><strong>cum</strong></span> <span class='ocrx_word' id='word_1_381' title='bbox 1313 2008 1410 2039; x_wconf 87' lang='lat' dir='ltr'><strong>tribus</strong></span> <span class='ocrx_word' id='word_1_382' title='bbox 1423 2009 1531 2040; x_wconf 88' lang='lat' dir='ltr'><strong>unciis.</strong></span> 
     </span>
    </p>

    <p class='ocr_par' dir='ltr' id='par_1_17' title="bbox 1093 2051 1778 2424">
     <span class='ocr_line' id='line_1_66' title="bbox 1139 2051 1778 2085; baseline 0.003 -5"><span class='ocrx_word' id='word_1_383' title='bbox 1139 2052 1181 2082; x_wconf 82' lang='lat'><strong>45</strong></span> <span class='ocrx_word' id='word_1_384' title='bbox 1216 2051 1371 2081; x_wconf 71' lang='lat' dir='ltr'><strong>Provincia</strong></span> <span class='ocrx_word' id='word_1_385' title='bbox 1399 2053 1549 2082; x_wconf 75' lang='lat' dir='ltr'><strong>successori</strong></span> <span class='ocrx_word' id='word_1_386' title='bbox 1579 2051 1616 2085; x_wconf 86' lang='lat' dir='ltr'><strong>Q.</strong></span> <span class='ocrx_word' id='word_1_387' title='bbox 1644 2051 1778 2083; x_wconf 77' lang='lat' dir='ltr'><strong>Minucio</strong></span> 
     </span>
     <span class='ocr_line' id='line_1_67' title="bbox 1097 2094 1778 2134; baseline 0.003 -11"><span class='ocrx_word' id='word_1_388' title='bbox 1097 2094 1222 2134; x_wconf 77' lang='lat' dir='ltr'><strong>tradita]</strong></span> <span class='ocrx_word' id='word_1_389' title='bbox 1265 2094 1448 2124; x_wconf 71' lang='lat' dir='ltr'><strong>observavit</strong></span> <span class='ocrx_word' id='word_1_390' title='bbox 1474 2094 1649 2126; x_wconf 87' lang='lat' dir='ltr'><strong>Glareanus</strong></span> <span class='ocrx_word' id='word_1_391' title='bbox 1672 2094 1720 2125; x_wconf 87' lang='lat' dir='ltr'><strong>hic</strong></span> <span class='ocrx_word' id='word_1_392' title='bbox 1746 2094 1778 2125; x_wconf 91' lang='lat' dir='ltr'><strong>in</strong></span> 
     </span>
     <span class='ocr_line' id='line_1_68' title="bbox 1096 2136 1776 2177; baseline 0.003 -11"><span class='ocrx_word' id='word_1_393' title='bbox 1096 2146 1127 2167; x_wconf 90' lang='lat' dir='ltr'><strong>re</strong></span> <span class='ocrx_word' id='word_1_394' title='bbox 1154 2136 1237 2167; x_wconf 87' lang='lat' dir='ltr'><strong>haud</strong></span> <span class='ocrx_word' id='word_1_395' title='bbox 1264 2147 1338 2167; x_wconf 88' lang='lat' dir='ltr'><strong>sane</strong></span> <span class='ocrx_word' id='word_1_396' title='bbox 1366 2136 1470 2177; x_wconf 84' lang='lat' dir='ltr'><strong>magni</strong></span> <span class='ocrx_word' id='word_1_397' title='bbox 1500 2136 1644 2168; x_wconf 88' lang='lat' dir='ltr'><strong>momenti</strong></span> <span class='ocrx_word' id='word_1_398' title='bbox 1681 2136 1776 2168; x_wconf 87' lang='lat' dir='ltr'><strong>videri</strong></span> 
     </span>
     <span class='ocr_line' id='line_1_69' title="bbox 1095 2178 1778 2226; baseline -0.001 -17"><span class='ocrx_word' id='word_1_399' title='bbox 1095 2178 1241 2210; x_wconf 88' lang='lat' dir='ltr'><strong>memoria</strong></span> <span class='ocrx_word' id='word_1_400' title='bbox 1253 2179 1374 2226; x_wconf 87' lang='lat' dir='ltr'><strong>lapsum</strong></span> <span class='ocrx_word' id='word_1_401' title='bbox 1389 2190 1455 2210; x_wconf 90' lang='lat' dir='ltr'><strong>esse</strong></span> <span class='ocrx_word' id='word_1_402' title='bbox 1470 2179 1601 2210; x_wconf 90' lang='lat' dir='ltr'><strong>Livium.</strong></span> <span class='ocrx_word' id='word_1_403' title='bbox 1646 2178 1778 2209; x_wconf 85' lang='lat' dir='ltr'><strong>Helvius</strong></span> 
     </span>
     <span class='ocr_line' id='line_1_70' title="bbox 1095 2221 1775 2268; baseline -0.003 -15"><span class='ocrx_word' id='word_1_404' title='bbox 1095 2221 1176 2253; x_wconf 89' lang='lat' dir='ltr'><strong>enim</strong></span> <span class='ocrx_word' id='word_1_405' title='bbox 1192 2232 1229 2252; x_wconf 91' lang='lat' dir='ltr'><strong>ex</strong></span> <span class='ocrx_word' id='word_1_406' title='bbox 1242 2221 1386 2253; x_wconf 86' lang='lat' dir='ltr'><strong>ulteriore</strong></span> <span class='ocrx_word' id='word_1_407' title='bbox 1409 2222 1563 2268; x_wconf 86' lang='lat' dir='ltr'><strong>provincia</strong></span> <span class='ocrx_word' id='word_1_408' title='bbox 1585 2221 1775 2252; x_wconf 83' lang='lat' dir='ltr'><strong>decedebat:</strong></span> 
     </span>
     <span class='ocr_line' id='line_1_71' title="bbox 1093 2263 1777 2296; baseline -0.001 -1"><span class='ocrx_word' id='word_1_409' title='bbox 1093 2265 1252 2296; x_wconf 88' lang='lat' dir='ltr'><strong>Minucius</strong></span> <span class='ocrx_word' id='word_1_410' title='bbox 1295 2270 1397 2295; x_wconf 89' lang='lat' dir='ltr'><strong>autem</strong></span> <span class='ocrx_word' id='word_1_411' title='bbox 1441 2264 1608 2296; x_wconf 87' lang='lat' dir='ltr'><strong>citeriorem</strong></span> <span class='ocrx_word' id='word_1_412' title='bbox 1652 2263 1777 2295; x_wconf 87' lang='lat' dir='ltr'><strong>sortitus</strong></span> 
     </span>
     <span class='ocr_line' id='line_1_72' title="bbox 1093 2307 1776 2349; baseline -0.001 -11"><span class='ocrx_word' id='word_1_413' title='bbox 1093 2313 1168 2343; x_wconf 83' lang='lat' dir='ltr'><strong>erat,</strong></span> <span class='ocrx_word' id='word_1_414' title='bbox 1184 2314 1306 2339; x_wconf 81' lang='lat' dir='ltr'><strong>auctore</strong></span> <span class='ocrx_word' id='word_1_415' title='bbox 1328 2307 1394 2349; x_wconf 87' lang='lat' dir='ltr'><strong>ipso</strong></span> <span class='ocrx_word' id='word_1_416' title='bbox 1417 2307 1515 2343; x_wconf 86' lang='lat' dir='ltr'><strong>Livio,</strong></span> <span class='ocrx_word' id='word_1_417' title='bbox 1531 2307 1552 2339; x_wconf 86' lang='lat'><strong>1.</strong></span> <span class='ocrx_word' id='word_1_418' title='bbox 1569 2307 1732 2337; x_wconf 85' lang='lat' dir='ltr'><strong>XXXIII.</strong></span> <span class='ocrx_word' id='word_1_419' title='bbox 1747 2317 1776 2337; x_wconf 91' lang='lat' dir='ltr'><strong>c.</strong></span> 
     </span>
     <span class='ocr_line' id='line_1_73' title="bbox 1093 2349 1771 2390; baseline -0.002 -9"><span class='ocrx_word' id='word_1_420' title='bbox 1093 2351 1146 2381; x_wconf 80' lang='lat'><strong>36.</strong></span> <span class='ocrx_word' id='word_1_421' title='bbox 1162 2356 1192 2382; x_wconf 91' lang='lat' dir='ltr'><strong>et</strong></span> <span class='ocrx_word' id='word_1_422' title='bbox 1206 2350 1295 2385; x_wconf 80' lang='lat' dir='ltr'><strong>infra</strong></span> <span class='ocrx_word' id='word_1_423' title='bbox 1311 2360 1339 2380; x_wconf 87' lang='lat' dir='ltr'><strong>c.</strong></span> <span class='ocrx_word' id='word_1_424' title='bbox 1359 2351 1406 2379; x_wconf 89' lang='lat'><strong>17.</strong></span> <span class='ocrx_word' id='word_1_425' title='bbox 1430 2349 1539 2390; x_wconf 88' lang='lat' dir='ltr'><strong>Itaque</strong></span> <span class='ocrx_word' id='word_1_426' title='bbox 1557 2349 1688 2380; x_wconf 83' lang='lat' dir='ltr'><strong>Helvius</strong></span> <span class='ocrx_word' id='word_1_427' title='bbox 1701 2359 1771 2380; x_wconf 91' lang='lat' dir='ltr'><strong>suc-</strong></span> 
     </span>
     <span class='ocr_line' id='line_1_74' title="bbox 1093 2391 1643 2424; baseline -0.004 0"><span class='ocrx_word' id='word_1_428' title='bbox 1093 2403 1240 2424; x_wconf 85' lang='lat' dir='ltr'><strong>cessorem</strong></span> <span class='ocrx_word' id='word_1_429' title='bbox 1258 2403 1321 2423; x_wconf 93' lang='lat' dir='ltr'><strong>non</strong></span> <span class='ocrx_word' id='word_1_430' title='bbox 1337 2391 1444 2422; x_wconf 81' lang='lat' dir='ltr'><strong>habuit</strong></span> <span class='ocrx_word' id='word_1_431' title='bbox 1459 2392 1643 2422; x_wconf 81' lang='lat' dir='ltr'><strong>Minucium.</strong></span> 
     </span>
    </p>

    <p class='ocr_par' dir='ltr' id='par_1_18' title="bbox 1089 2436 1777 2551">
     <span class='ocr_line' id='line_1_75' title="bbox 1135 2436 1777 2476; baseline -0.003 -11"><span class='ocrx_word' id='word_1_432' title='bbox 1135 2436 1176 2466; x_wconf 81' lang='lat'><strong>46</strong></span> <span class='ocrx_word' id='word_1_433' title='bbox 1208 2436 1333 2476; x_wconf 78' lang='lat' dir='ltr'><strong>Argenti</strong></span> <span class='ocrx_word' id='word_1_434' title='bbox 1366 2436 1458 2473; x_wconf 77' lang='lat' dir='ltr'><strong>pondo</strong></span> <span class='ocrx_word' id='word_1_435' title='bbox 1493 2436 1617 2475; x_wconf 76' lang='lat' dir='ltr'><strong>triginta</strong></span> <span class='ocrx_word' id='word_1_436' title='bbox 1649 2441 1777 2474; x_wconf 78' lang='lat' dir='ltr'><strong>quatum·</strong></span> 
     </span>
     <span class='ocr_line' id='line_1_76' title="bbox 1091 2477 1772 2518; baseline 0 -10"><span class='ocrx_word' id='word_1_437' title='bbox 1091 2479 1184 2508; x_wconf 83' lang='lat' dir='ltr'><strong>millia</strong></span> <span class='ocrx_word' id='word_1_438' title='bbox 1226 2477 1406 2518; x_wconf 79' lang='lat' dir='ltr'><strong>octingenta]</strong></span> <span class='ocrx_word' id='word_1_439' title='bbox 1452 2477 1578 2507; x_wconf 86' lang='lat' dir='ltr'><strong>Marcas</strong></span> <span class='ocrx_word' id='word_1_440' title='bbox 1622 2483 1772 2508; x_wconf 84' lang='lat' dir='ltr'><strong>nostrates</strong></span> 
     </span>
     <span class='ocr_line' id='line_1_77' title="bbox 1089 2521 1206 2551; baseline 0.009 -1"><span class='ocrx_word' id='word_1_441' title='bbox 1089 2521 1206 2551; x_wconf 78' lang='lat'><strong>54375.</strong></span> 
     </span>
    </p>

    <p class='ocr_par' dir='ltr' id='par_1_19' title="bbox 1090 2562 1770 2678">
     <span class='ocr_line' id='line_1_78' title="bbox 1132 2562 1770 2603; baseline 0 -11"><span class='ocrx_word' id='word_1_442' title='bbox 1132 2563 1172 2592; x_wconf 86' lang='lat'><strong>47</strong></span> <span class='ocrx_word' id='word_1_443' title='bbox 1201 2562 1369 2602; x_wconf 71' lang='lat' dir='ltr'><strong>Bigatorum</strong></span> <span class='ocrx_word' id='word_1_444' title='bbox 1388 2563 1572 2603; x_wconf 72' lang='lat' dir='ltr'><strong>septrwginta</strong></span> <span class='ocrx_word' id='word_1_445' title='bbox 1585 2568 1645 2592; x_wconf 72' lang='lat' dir='ltr'><strong>ach»</strong></span> <span class='ocrx_word' id='word_1_446' title='bbox 1660 2563 1770 2603; x_wconf 78' lang='lat' dir='ltr'><strong>millia]</strong></span> 
     </span>
     <span class='ocr_line' id='line_1_79' title="bbox 1090 2604 1770 2646; baseline 0 -10"><span class='ocrx_word' id='word_1_447' title='bbox 1090 2605 1243 2636; x_wconf 88' lang='lat' dir='ltr'><strong>Denarios</strong></span> <span class='ocrx_word' id='word_1_448' title='bbox 1265 2605 1378 2635; x_wconf 84' lang='lat'><strong>78000.</strong></span> <span class='ocrx_word' id='word_1_449' title='bbox 1392 2604 1422 2634; x_wconf 87' lang='lat' dir='ltr'><strong>id</strong></span> <span class='ocrx_word' id='word_1_450' title='bbox 1439 2610 1496 2638; x_wconf 83' lang='lat' dir='ltr'><strong>est.</strong></span> <span class='ocrx_word' id='word_1_451' title='bbox 1510 2614 1630 2634; x_wconf 82' lang='lat' dir='ltr'><strong>marcas</strong></span> <span class='ocrx_word' id='word_1_452' title='bbox 1652 2605 1770 2646; x_wconf 86' lang='lat' dir='ltr'><strong>argenti</strong></span> 
     </span>
     <span class='ocr_line' id='line_1_80' title="bbox 1094 2646 1459 2678; baseline -0.006 0"><span class='ocrx_word' id='word_1_453' title='bbox 1094 2649 1183 2678; x_wconf 85' lang='lat'><strong>1218.</strong></span> <span class='ocrx_word' id='word_1_454' title='bbox 1198 2657 1268 2678; x_wconf 85' lang='lat' dir='ltr'><strong>cum</strong></span> <span class='ocrx_word' id='word_1_455' title='bbox 1284 2657 1335 2677; x_wconf 83' lang='lat' dir='ltr'><strong>sex</strong></span> <span class='ocrx_word' id='word_1_456' title='bbox 1352 2646 1459 2677; x_wconf 87' lang='lat' dir='ltr'><strong>unciis.</strong></span> 
     </span>
    </p>

    <p class='ocr_par' dir='ltr' id='par_1_20' title="bbox 1132 2690 1766 2729">
     <span class='ocr_line' id='line_1_81' title="bbox 1132 2690 1766 2729; baseline 0 -9"><span class='ocrx_word' id='word_1_457' title='bbox 1132 2691 1171 2720; x_wconf 86' lang='lat'><strong>48</strong></span> <span class='ocrx_word' id='word_1_458' title='bbox 1207 2690 1332 2719; x_wconf 82' lang='lat' dir='ltr'><strong>Oscensis</strong></span> <span class='ocrx_word' id='word_1_459' title='bbox 1357 2690 1472 2727; x_wconf 74' lang='lat' dir='ltr'><strong>argenti</strong></span> <span class='ocrx_word' id='word_1_460' title='bbox 1500 2691 1662 2719; x_wconf 70' lang='lat' dir='ltr'><strong>ducenta</strong></span> <span class='ocrx_word' id='word_1_461' title='bbox 1651 2698 1766 2729; x_wconf 79' lang='lat' dir='ltr'><strong>s-eptua</strong></span> 
     </span>
    </p>
   </div>
   <div class='ocr_carea' id='block_1_12' title="bbox 368 2732 1768 2775">
    <p class='ocr_par' dir='ltr' id='par_1_21' title="bbox 368 2732 1768 2775">
     <span class='ocr_line' id='line_1_82' title="bbox 368 2732 1768 2775; baseline 0.001 -12"><span class='ocrx_word' id='word_1_462' title='bbox 368 2737 451 2766; x_wconf 81' lang='lat' dir='ltr'><strong>Osca</strong></span> <span class='ocrx_word' id='word_1_463' title='bbox 465 2741 530 2767; x_wconf 85' lang='lat' dir='ltr'><strong>erat</strong></span> <span class='ocrx_word' id='word_1_464' title='bbox 552 2733 655 2765; x_wconf 82' lang='lat' dir='ltr'><strong>valida</strong></span> <span class='ocrx_word' id='word_1_465' title='bbox 674 2739 703 2764; x_wconf 87' lang='lat' dir='ltr'><strong>et</strong></span> <span class='ocrx_word' id='word_1_466' title='bbox 723 2734 867 2775; x_wconf 84' lang='lat' dir='ltr'><strong>opulenta</strong></span> <span class='ocrx_word' id='word_1_467' title='bbox 884 2732 1042 2775; x_wconf 80' lang='lat' dir='ltr'><strong>Hispania·</strong></span> <span class='ocrx_word' id='word_1_468' title='bbox 1083 2734 1170 2771; x_wconf 74' lang='lat' dir='ltr'><strong>ginta</strong></span> <span class='ocrx_word' id='word_1_469' title='bbox 1205 2738 1265 2762; x_wconf 74' lang='lat' dir='ltr'><strong>octa</strong></span> <span class='ocrx_word' id='word_1_470' title='bbox 1300 2732 1408 2771; x_wconf 79' lang='lat' dir='ltr'><strong>millia]</strong></span> <span class='ocrx_word' id='word_1_471' title='bbox 1449 2732 1583 2763; x_wconf 79' lang='lat' dir='ltr'><strong>Sclibras</strong></span> <span class='ocrx_word' id='word_1_472' title='bbox 1619 2738 1768 2765; x_wconf 78' lang='lat' dir='ltr'><strong>nostrates</strong></span> 
     </span>
    </p>
   </div>
   <div class='ocr_carea' id='block_1_13' title="bbox 365 2776 1041 2895">
    <p class='ocr_par' dir='ltr' id='par_1_22' title="bbox 365 2776 1041 2895">
     <span class='ocr_line' id='line_1_83' title="bbox 367 2776 1041 2825; baseline -0.005 -18"><span class='ocrx_word' id='word_1_473' title='bbox 367 2779 449 2814; x_wconf 75' lang='lat' dir='ltr'><strong>urbs,</strong></span> <span class='ocrx_word' id='word_1_474' title='bbox 469 2789 536 2825; x_wconf 78' lang='lat' dir='ltr'><strong>quae</strong></span> <span class='ocrx_word' id='word_1_475' title='bbox 561 2787 642 2808; x_wconf 86' lang='lat' dir='ltr'><strong>nunc</strong></span> <span class='ocrx_word' id='word_1_476' title='bbox 664 2783 788 2806; x_wconf 80' lang='lat' dir='ltr'><strong>vocatur</strong></span> <span class='ocrx_word' id='word_1_477' title='bbox 815 2776 1041 2806; x_wconf 72' lang='lat' dir='ltr'><strong>1111esm.A-r</strong></span> 
     </span>
     <span class='ocr_line' id='line_1_84' title="bbox 365 2817 1041 2858; baseline -0.003 -9"><span class='ocrx_word' id='word_1_478' title='bbox 365 2821 516 2857; x_wconf 56' lang='lat' dir='ltr'><strong>centurias</strong></span> <span class='ocrx_word' id='word_1_479' title='bbox 553 2820 670 2851; x_wconf 72' lang='lat' dir='ltr'><strong>fodinas</strong></span> <span class='ocrx_word' id='word_1_480' title='bbox 706 2819 796 2849; x_wconf 69' lang='lat' dir='ltr'><strong>fuisse</strong></span> <span class='ocrx_word' id='word_1_481' title='bbox 832 2818 860 2848; x_wconf 83' lang='lat' dir='ltr'><strong>in</strong></span> <span class='ocrx_word' id='word_1_482' title='bbox 893 2817 1041 2858; x_wconf 72' lang='lat' dir='ltr'><strong>Hispania</strong></span> 
     </span>
     <span class='ocr_line' id='line_1_85' title="bbox 365 2861 1040 2895; baseline -0.003 -2"><span class='ocrx_word' id='word_1_483' title='bbox 365 2869 481 2894; x_wconf 69' lang='lat' dir='ltr'><strong>constat</strong></span> <span class='ocrx_word' id='word_1_484' title='bbox 505 2875 539 2895; x_wconf 84' lang='lat' dir='ltr'><strong>cx</strong></span> <span class='ocrx_word' id='word_1_485' title='bbox 564 2876 591 2895; x_wconf 84' lang='lat' dir='ltr'><strong>c.</strong></span> <span class='ocrx_word' id='word_1_486' title='bbox 615 2864 667 2894; x_wconf 75' lang='lat'><strong>21.</strong></span> <span class='ocrx_word' id='word_1_487' title='bbox 691 2861 777 2894; x_wconf 76' lang='lat' dir='ltr'><strong>infra.</strong></span> <span class='ocrx_word' id='word_1_488' title='bbox 824 2862 968 2893; x_wconf 55' lang='lat' dir='ltr'><strong>Veterum</strong></span> <span class='ocrx_word' id='word_1_489' title='bbox 996 2871 1040 2891; x_wconf 75' lang='lat' dir='ltr'><strong>ar-</strong></span> 
     </span>
    </p>
   </div>
   <div class='ocr_carea' id='block_1_14' title="bbox 1087 2774 1765 2899">
    <p class='ocr_par' dir='ltr' id='par_1_23' title="bbox 1087 2774 1765 2899">
     <span class='ocr_line' id='line_1_86' title="bbox 1088 2774 1765 2810; baseline 0 -6"><span class='ocrx_word' id='word_1_490' title='bbox 1088 2775 1223 2805; x_wconf 72' lang='grc'><strong>431375.</strong></span> <span class='ocrx_word' id='word_1_491' title='bbox 1249 2774 1402 2804; x_wconf 80' lang='lat' dir='ltr'><strong>Numerus</strong></span> <span class='ocrx_word' id='word_1_492' title='bbox 1425 2774 1475 2804; x_wconf 79' lang='lat' dir='ltr'><strong>ille</strong></span> <span class='ocrx_word' id='word_1_493' title='bbox 1499 2775 1641 2805; x_wconf 80' lang='lat' dir='ltr'><strong>immanis</strong></span> <span class='ocrx_word' id='word_1_494' title='bbox 1662 2780 1718 2810; x_wconf 85' lang='lat' dir='ltr'><strong>est</strong></span> <span class='ocrx_word' id='word_1_495' title='bbox 1735 2781 1765 2805; x_wconf 84' lang='lat' dir='ltr'><strong>et</strong></span> 
     </span>
     <span class='ocr_line' id='line_1_87' title="bbox 1087 2816 1579 2857; baseline 0.006 -11"><span class='ocrx_word' id='word_1_496' title='bbox 1087 2817 1138 2857; x_wconf 81' lang='lat' dir='ltr'><strong>qui</strong></span> <span class='ocrx_word' id='word_1_497' title='bbox 1155 2816 1246 2846; x_wconf 71' lang='lat' dir='ltr'><strong>fidem</strong></span> <span class='ocrx_word' id='word_1_498' title='bbox 1269 2816 1416 2847; x_wconf 70' lang='lat' dir='ltr'><strong>ext-cdere</strong></span> <span class='ocrx_word' id='word_1_499' title='bbox 1432 2817 1579 2849; x_wconf 79' lang='lat' dir='ltr'><strong>videatur.</strong></span> 
     </span>
     <span class='ocr_line' id='line_1_88' title="bbox 1087 2859 1457 2899; baseline 0.006 -10"><span class='ocrx_word' id='word_1_500' title='bbox 1087 2859 1135 2890; x_wconf 76' lang='lat' dir='ltr'><strong>luc</strong></span> <span class='ocrx_word' id='word_1_501' title='bbox 1151 2859 1264 2899; x_wconf 79' lang='lat' dir='ltr'><strong>aliquid</strong></span> <span class='ocrx_word' id='word_1_502' title='bbox 1281 2870 1313 2890; x_wconf 79' lang='lat' dir='ltr'><strong>es</strong></span> <span class='ocrx_word' id='word_1_503' title='bbox 1317 2866 1324 2890; x_wconf 81' lang='lat' dir='ltr'><strong>t</strong></span> <span class='ocrx_word' id='word_1_504' title='bbox 1343 2860 1457 2891; x_wconf 83' lang='lat' dir='ltr'><strong>mendi.</strong></span> 
     </span>
    </p>
   </div>
   <div class='ocr_carea' id='block_1_15' title="bbox 1626 2818 1764 2849">
    <p class='ocr_par' dir='ltr' id='par_1_24' title="bbox 1626 2818 1764 2849">
     <span class='ocr_line' id='line_1_89' title="bbox 1626 2818 1764 2849; baseline -0.014 0"><span class='ocrx_word' id='word_1_505' title='bbox 1626 2818 1764 2849; x_wconf 78' lang='lat' dir='ltr'><strong>Fortasse</strong></span> 
     </span>
    </p>
   </div>
   <div class='ocr_carea' id='block_1_16' title="bbox 1907 2427 1934 2981">
    <p class='ocr_par' dir='ltr' id='par_1_25' title="bbox 1907 2427 1934 2981">
     <span class='ocr_line' id='line_1_90' title="bbox 1907 2427 1934 2981; baseline 0 241"><span class='ocrx_word' id='word_1_506' title='bbox 1907 2427 1934 2981; x_wconf 95' lang='lat' dir='ltr'><strong> </strong></span> 
     </span>
    </p>
   </div>
  </div>
 </body>
</html>
