1947 3222
569 139 695 177 LIB.
724 135 900 174 XXXII.
947 137 1076 175 CAP.
1104 137 1198 176 VII.
1522 142 1570 176 53

153 254 454 303 transgressum
494 246 580 287 acie
614 246 868 289 conflixisse:
911 245 1053 287 fusum
1094 245 1373 301 fugatumque
1411 261 1566 303 regem,
1582 253 1621 285 U.
1637 253 1674 286 C.
1687 254 1761 285 563.

152 304 296 345 castris
331 311 529 345 exutum:
562 302 781 346 duodecim
813 303 942 344 millia
976 301 1159 343 hostium
1190 317 1238 342 eo
1269 302 1416 357 proelio
1446 319 1564 355 caesa,
1580 296 1669 329 A·C·
1685 298 1758 328 199.

151 368 276 416 capta
295 360 380 401 duo
406 359 536 400 millia
556 369 597 401 et
627 361 843 411 ducentos,
865 368 907 401 et
938 359 1055 416 signa
1083 357 1279 399 militaria
1308 367 1472 399 centum
1495 359 1567 400 tri-

151 416 269 472 ginta
298 417 382 458 duo
396 420 417 466 ¹,
448 431 578 472 equos
608 417 808 459 ducentos
844 417 1029 473 triginta.
1073 415 1205 456 aedem
1240 414 1365 456 etiam
1395 415 1494 455 Jovi
1524 416 1566 457 in

152 489 201 514 eo
214 480 235 494 ¹¹¹
255 473 402 530 proelio
422 482 577 524 votam,
596 473 628 514 si
649 490 713 515 res
733 489 929 531 prospere
949 482 1067 529 gesta
1087 480 1204 513 esset.
1266 470 1405 512 Ceteri
1427 471 1566 512 Graeei

151 530 378 586 Latinique
407 538 610 582 auctores,
633 546 814 586 quorum
839 530 1010 586 quidem
1040 545 1118 585 ego
1147 527 1229 584 legi
1259 527 1441 577 annales,
1462 528 1567 568 nihil

150 586 413 628 memorabile
443 602 468 628 a
499 587 622 628 Villio
651 596 806 639 actum,
832 587 1127 642 integrumque
1158 584 1317 626 bellum
1347 585 1567 640 insequen-

151 652 234 684 tem
256 643 466 684 consulem
489 645 542 684 T.
567 645 812 695 Quinctium
833 644 1035 700 accepisse
1056 642 1241 684 tradunt.
1514 666 1516 673 ι

208 701 311 741 VII.
344 702 460 741 Dum
495 700 585 742 haec
617 702 660 742 in
688 701 937 742 Macedonia
970 708 1191 757 geruntur,
1212 698 1356 753 consul
1387 697 1492 740 alter
1514 698 1566 738 L.

150 756 374 807 Lentulus,
396 757 469 813 qui
501 758 650 799 Romae
681 758 938 809 substiterat,
966 756 1133 799 comitia
1162 754 1400 797 censoribus
1429 770 1568 796 crean-

149 813 214 854 dis
248 813 408 856 habuit.
471 815 624 856 Multis
656 815 775 856 claris
807 814 1047 871 petentibus
1078 813 1191 863 viris,
1225 812 1351 854 creati
1382 827 1568 853 censores
1581 824 1731 855 Censores

153 871 201 911 P.
225 870 444 911 Cornelius
467 871 604 927 Scipio
625 872 853 913 Africanus
877 879 918 912 et
950 872 1000 911 P.
1024 869 1166 910 AElius
1189 869 1344 910 Paetus.
1375 868 1433 920 hi,
1455 884 1569 925 mag·
1579 866 1753 915 creatiSci—

153 943 207 968 na
235 927 344 968 inter
365 943 407 968 se
427 928 660 979 concordia,
683 936 723 969 et
759 936 949 968 senatum
970 927 1056 967 sine
1077 926 1205 966 ullius
1233 933 1334 966 nota
1362 925 1568 980 legerunt,
1580 916 1676 984 Eros-et
1690 911 1750 941 AE‘

152 991 194 1025 et
224 985 410 1039 portoria
438 984 645 1025 venalium
669 986 827 1040 Capuae
855 983 1142 1039 Puteolisque,
1164 981 1263 1023 item
1282 981 1316 1005 ²³
1326 983 1569 1023 Castrorum

152 1041 399 1096 portorium,
421 1056 505 1096 quo
535 1041 578 1082 in
608 1041 698 1082 loco
726 1056 838 1082 nunc
867 1039 1071 1097 oppidum
1102 1047 1178 1090 est,
1205 1038 1432 1080 fruendum
1464 1038 1571 1079 loca-

152 1106 276 1138 runt:
309 1098 557 1153 colonosque
587 1113 636 1138 eo
666 1106 870 1139 trecentos
893 1097 947 1150 (is
977 1096 1086 1138 enim
1115 1110 1315 1137 numerus
1344 1095 1489 1136 finitus
1517 1095 1571 1136 ab

152 1161 298 1194 senatu
319 1156 426 1209 erat)
449 1154 773 1211 adscripserunt,
791 1163 833 1196 et
852 1155 931 1196 sub
950 1154 1105 1195 Tifatis
1124 1154 1283 1210 Capuae
1304 1167 1453 1208 agrum
1473 1167 1570 1192 ven-

151 1209 362 1251 diderunt.
426 1212 514 1252 Sub
545 1211 654 1252 idem
677 1220 843 1268 tempus
866 1213 916 1252 L.
941 1210 1131 1252 Manlius
1152 1209 1376 1259 Acidinus,
1398 1224 1449 1249 ex
1472 1209 1572 1249 His-

150 1267 275 1322 pania
303 1267 520 1318 decedens,
542 1269 780 1324 prohibitus
809 1285 834 1310 a
862 1270 910 1309 P.
925 1274 942 1291 ‘¹
967 1267 1114 1309 Porcio
1136 1267 1262 1308 Laeca
1290 1266 1461 1307 tribuno
1486 1265 1573 1322 ple-

150 1323 229 1374 bis,
250 1339 301 1364 ne
331 1340 458 1366 ovans
487 1325 656 1375 rediret,
679 1341 813 1381 quum
840 1326 893 1367 ab
924 1333 1070 1367 senatu
1100 1325 1362 1380 inpetrasset,
1382 1323 1574 1379 privatus

151 1381 299 1421 urbem
334 1381 570 1437 ingrediens
599 1381 632 1406 ²4
647 1382 759 1423 mille
794 1382 975 1424 ducenta
1015 1381 1155 1438 pondo
1191 1381 1369 1437 argenti,
1400 1380 1575 1436 triginta

151 1437 291 1493 pondo
320 1438 450 1480 ferme
470 1440 561 1480 auri
591 1440 634 1480 in
655 1439 848 1480 aerarium
879 1439 988 1481 tulit.
1050 1437 1212 1479 Eodem
1242 1452 1351 1478 anno
1374 1438 1449 1477 Cn.
1483 1438 1574 1477 Bae-
1587 1442 1644 1490 Cn·
1661 1442 1789 1474 Baebius

152 1494 248 1534 bius
272 1495 538 1550 Tamphilus,
561 1496 636 1552 qui
657 1496 709 1537 ab
733 1497 780 1537 C.
804 1496 982 1537 Aurelio
1002 1494 1169 1536 consule
1189 1494 1286 1535 anni
1310 1493 1459 1549 prioris
1479 1508 1574 1549 pro-
1584 1495 1775 1560 ‹turcurgveii-

152 1550 330 1603 vinciam
362 1552 542 1593 Galliam
574 1560 804 1608 acceperat,
825 1561 978 1594 temere
1010 1552 1221 1607 ingressus
1250 1550 1470 1591 Gallorum
1503 1551 1574 1590 In-
1599 1538 1664 1560 usa
1707 1539 1724 1560 a
1751 1539 1787 1561 ¹s'

154 1607 344 1648 subrium
376 1608 492 1658 fines,
523 1624 653 1666 prope
683 1624 779 1650 cum
809 1617 899 1651 toto
929 1609 1114 1649 exercitu
1145 1614 1207 1648 est
1237 1607 1570 1648 circumventus:

153 1678 281 1719 supra
313 1679 383 1706 sex
419 1665 549 1706 millia
583 1674 623 1707 et
660 1673 873 1707 sexcentos
912 1665 1065 1706 milites
1099 1663 1249 1705 amisit.
1287 1671 1402 1704 tanta
1437 1679 1488 1704 ex
1525 1679 1573 1705 eo

152 1720 276 1771 bello,
299 1721 414 1776 quod
439 1722 529 1778 jam
550 1722 687 1764 timeri
716 1722 909 1773 desierat,
931 1722 1068 1763 clades
1098 1716 1268 1776 accepta
1287 1728 1361 1761 est.
1423 1721 1489 1760 Ea
1509 1736 1574 1761 res

151 1776 204 1817 L.
230 1777 462 1819 Lentulum
492 1779 702 1822 consulem
733 1780 786 1820 ab
815 1780 920 1820 urbe
947 1778 1113 1820 excivit.
1145 1777 1234 1833 qui,
1255 1784 1303 1818 ut
1334 1776 1377 1817 in
1405 1777 1573 1833 provin-

151 1833 259 1874 ciam
279 1834 392 1876 venit
421 1835 586 1891 plenam
617 1835 841 1886 tumultus,
863 1835 1028 1892 trepido
1049 1834 1235 1876 exercitu
1262 1842 1446 1890 accepto,
1467 1850 1573 1890 prae-

150 1897 283 1931 torem
312 1891 457 1933 multis
485 1893 650 1949 probris
678 1893 928 1949 increpitum
962 1891 1176 1949 provincia
1204 1890 1417 1941 decedere,
1443 1900 1571 1947 atque

149 1947 267 1988 abire
288 1949 466 1990 Romam
491 1950 629 2006 jussit.
690 1950 841 2006 Neque
870 1949 957 2006 ipse
987 1948 1131 1990 consul
1161 1947 1427 1989 memorabile
1451 1948 1572 2004 quid-

151 2019 279 2059 quam
314 2005 456 2060 gessit,
492 2006 754 2048 comitiorum
789 2022 934 2048 caussa
968 2007 1147 2048 Romam
1182 2012 1427 2053 revocatus3
1475 2020 1571 2060 quae

152 2061 244 2116 ipsa
272 2077 346 2117 per
373 2063 436 2103 M.
461 2063 660 2104 Fulvium
690 2072 732 2105 et
760 2064 835 2104 M'.
861 2063 1038 2104 Curium
1074 2063 1265 2104 tribunos
1293 2061 1428 2118 plebis
1458 2061 1573 2118 inpe-

153 2117 390 2170 diebantur,
427 2120 543 2175 quod
585 2122 638 2161 Τ.
663 2120 903 2171 Quinctium
939 2119 1224 2160 Flamininum
1263 2118 1296 2142 ²⁵
1309 2118 1570 2159 consulatum
1582 2129 1620 2159 Τ.
1635 2129 1753 2166 Quinc-

150 2189 202 2215 ex
242 2184 458 2231 quaestura
495 2184 635 2232 petere
675 2192 757 2218 non
796 2176 1077 2233 patiebantur.
1155 2175 1298 2219 ²⁶Jam
1332 2176 1568 2216 aedz‘lz'tatem
1580 2172 1641 2202 tius
1652 2183 1713 2210 ‘³¹7

1579 2221 1734 2256 quaestura

773 2263 797 2281 1¹²
813 2270 844 2290 eo
857 2259 920 2290 del.
932 2258 1020 2290 Eaed.
1089 2281 1091 2283 ·
1105 2262 1123 2280 ¹¹
1138 2259 1176 2289 P.
1192 2258 1213 2290 l.
1231 2259 1277 2290 M.
1290 2257 1378 2289 Eaed.

341 2257 351 2282 1
367 2265 394 2289 et
408 2260 467 2289 duo
484 2259 581 2290 Gron.
597 2262 687 2291 Crev.
1578 2259 1694 2290 consul.

879 2329 1006 2361 moratis
1020 2327 1236 2359 venderentur.

192 2328 235 2359 23
261 2329 430 2359 Castrorum
458 2329 634 2370 portorium]
669 2330 838 2360 Castrorum

152 2370 276 2402 nomine
305 2371 355 2402 hic
386 2372 589 2414 intelligenda
618 2373 762 2403 videntur
788 2372 839 2403 vel

154 2414 259 2445 Castra
283 2415 461 2450 Claudiana,
485 2426 554 2456 quae
577 2416 644 2458 ipso
668 2414 840 2447 Cannensis

153 2457 252 2488 cladis
278 2468 360 2489 anno
384 2458 771 2497 Marcellus-communiit,
798 2459 838 2500 (l.

155 2500 286 2532 XXIII.
308 2511 336 2531 c.
358 2501 425 2541 17.)
441 2512 477 2533 ac
503 2501 615 2532 deinde
643 2512 696 2544 per
721 2501 840 2542 aliquot

154 2542 314 2574 continuos
359 2553 455 2575 annos
495 2544 632 2586 appellat
670 2544 840 2576 identidem

155 2584 261 2616 Livius
287 2596 384 2627 usque
413 2587 453 2618 ad
481 2586 671 2618 obsidionem
701 2590 838 2629 Capuae:

156 2626 194 2666 (1.
205 2629 312 2660 XXV.
324 2639 352 2660 c.
361 2629 432 2670 22.)
444 2630 493 2661 vel
504 2630 667 2662 castellum
680 2630 721 2660 ad
729 2630 841 2662 ostium

156 2669 303 2702 Vulturni
342 2672 564 2704 communitum
601 2683 620 2704 a
661 2672 772 2704 Fulvio
811 2678 843 2704 et

157 2712 288 2744 Claudio
302 2725 381 2746 coss.
405 2716 493 2758 cujus
511 2715 627 2747 mentio
648 2715 683 2746 fit
696 2715 718 2747 l.
734 2716 843 2748 XXV.

155 2765 185 2785 c.
198 2756 251 2786 20.
282 2757 388 2794 Porro,
402 2758 486 2799 quod
499 2758 633 2800 portoria
646 2758 696 2789 hic
711 2758 842 2790 fruenda

924 2373 966 2403 24
1004 2372 1089 2402 Mille
1131 2374 1259 2402 ducenta
1300 2372 1392 2410 pondo
1434 2371 1568 2412 argenti]

882 2416 1021 2453 Marem,
1049 2425 1104 2445 seu
1131 2413 1261 2445 selibras
1288 2418 1439 2444 nostrates
1466 2413 1569 2455 pondo

884 2458 974 2489 1875.
1023 2457 1160 2498 Triginta
1181 2459 1275 2496 pondo
1300 2459 1369 2487 auri
1396 2460 1468 2487 sunt
1491 2466 1567 2497 pon-

883 2500 962 2531 deris
984 2499 1127 2531 nostratis
1147 2500 1268 2530 selibrae
1282 2500 1333 2531 46.
1357 2510 1428 2530 cum
1451 2503 1568 2540 septem

882 2543 993 2575 unciis.

924 2585 1197 2618 25*Consulatum
1227 2595 1260 2614 ex
1286 2590 1431 2625 quaestura
1458 2583 1568 2623 petere]

884 2629 1089 2661 Consulatum
1117 2634 1233 2670 petere,
1258 2638 1354 2668 quum
1381 2631 1569 2656 tantummo-

884 2672 924 2703 do
940 2678 1072 2713 quaestor
1094 2671 1210 2707 fuisset,
1225 2680 1282 2701 nec
1304 2668 1496 2704 aedilitatem,
1512 2678 1569 2700 nec

885 2720 1050 2757 praeturam
1063 2714 1217 2756 gessisset.

926 2758 968 2789 26
1011 2758 1081 2788 Jam
1134 2757 1302 2787 aedilitatem
1353 2758 1570 2793 praeturamque

156 2797 296 2828 locantur
315 2809 334 2830 a
349 2801 536 2836 censoribus,
553 2800 747 2843 intelligendi
769 2807 842 2832 sunt
874 2797 1031 2842 fastidiri]
1056 2801 1126 2831 Hoc
1150 2799 1255 2839 aliqua
1277 2807 1315 2827 ex
1336 2801 1424 2838 parte
1438 2796 1571 2827 cadebat

155 2850 296 2888 censores
327 2841 444 2889 locasse
480 2844 654 2885 publicanis
689 2844 844 2885 exigenda
884 2843 917 2874 in
949 2843 1050 2891 ipsum
1077 2841 1234 2874 consulem
1257 2839 1434 2876 Lentulum,
1457 2838 1570 2888 quiex

155 2883 299 2926 vecugali
319 2895 356 2914 ex
378 2895 414 2915 us
436 2886 525 2918 rebus
540 2897 609 2928 quse
630 2886 661 2918 in
682 2887 757 2918 locis
776 2898 840 2918 me·
886 2886 1046 2921 aedilitate,
1061 2895 1154 2927 quam
1169 2884 1281 2915 absens
1298 2887 1446 2925 gesserat,
1461 2884 1570 2924 (supra

953 2929 1029 2969 ΕΒ
