1947 3222
531 116 650 153 LIB.
681 113 833 151 XXXI.
877 114 1010 150 CAP.
1043 114 1198 152 XXXI.
1505 120 1554 161 29

145 225 277 266 senios
297 226 391 266 hinc
410 239 459 264 ex
481 223 651 272 Achaia,
675 223 901 263 existimate
920 223 1053 277 (μιενὶ,ο
1081 224 1282 277 graviora
1302 226 1423 266 etiam
1444 239 1555 266 acer·
1570 237 1662 269 U.C.
1676 237 1749 268 552.

142 283 336 337 beataque
355 297 429 330 eos,
447 281 587 334 quibus
607 281 778 320 nocendi
792 279 995 334 majorem
996 280 1229 345 facultatem
1245 281 1397 322 habuit.
1451 283 1514 323 N
1489 298 1556 323 am
1570 280 1612 312 Α·
1622 280 1659 311 U·
1673 280 1748 311 200.

143 341 250 393 quod
268 341 324 379 ad
342 353 389 378 ea
410 339 583 386 adtinet,
606 351 695 390 qua?
715 337 827 377 nobis
848 336 1010 387 obj‹cit;
1044 338 1126 377 nisi
1142 338 1281 390 gloria
1302 339 1429 391 digna
1450 346 1555 386 sunt,

125 397 275 450 fateor
295 411 340 436 ea
369 396 532 448 defhndi
562 408 640 434 non
668 408 796 446 posse.
857 395 1071 446 Rhegium,
1095 401 1132 434 et
1156 395 1351 446 Capuam,
1375 401 1412 435 et
1433 396 1557 449 Syra-

143 467 255 494 cusas
274 452 386 493 nobis
407 450 561 505 objecit.
611 452 811 505 Rhegium
829 452 988 505 Pyrrhi
1008 451 1109 492 bello
1128 452 1234 504 legio
1254 466 1279 490 a
1301 452 1426 498 nobis,
1450 453 1558 493 Rhe-

138 511 253 564 ginis
283 510 394 562 ipsis,
417 515 461 549 ut
482 509 736 556 mitteremus,
759 508 979 556 orantibus,
1003 509 1045 548 in
1070 509 1309 561 praesidium
1337 509 1470 558 missa,
1494 524 1558 549 ur-

143 567 239 614 bem,
271 568 328 606 ad
355 581 472 620 quam
508 566 798 619 defendendam
827 566 948 606 missa.
982 572 1083 615 erat,
1114 580 1190 618 per
1219 567 1343 606 scelus
1366 568 1559 618 possedit.

146 623 496 676 Comprobavimus
516 637 611 676 ergo
631 623 675 662 id
677 623 880 677 facinus?
913 637 966 662 an
989 623 1089 663 bello
1102 623 1305 675 persecuti
1325 624 1558 673 sceleratam

141 682 348 734 legionem,
373 682 415 720 in
432 686 670 733 potestatem
702 687 879 720 nostram
909 681 1113 720 redactam
1144 687 1257 734 tergo
1287 686 1325 720 et
1351 680 1560 721 cervicibus

132 751 281 791 poenas
310 739 427 778 sociis
451 739 629 790 pendere
653 751 772 790 quum
793 738 1065 789 coe'gissemus,
1086 737 1232 784 urbem,
1255 752 1389 791 agros,
1411 751 1561 792 suaque

141 796 275 835 omnia
296 809 380 835 cum
396 795 585 835 libertate
604 794 832 848 legibusque
852 794 1052 846 Rheginis
1073 796 1350 836 reddidimus?
1384 794 1558 849 Syracu-

141 853 254 893 sanis
269 852 462 905 obpressis
476 851 567 891 ³¹ab
588 853 764 892 eaeternis
779 852 980 904 tyrannis,
998 865 1072 904 quo
1089 852 1298 905 indignius
1314 858 1424 900 esset,
1442 866 1558 906 quum

141 911 365 950 tulissemus
384 923 508 962 opem,
524 914 561 948 et
565 908 754 962 fatigati
766 921 899 960 prope
912 922 992 960 per
1011 908 1223 947 triennium
1244 915 1357 948 terra
1378 910 1560 963 marique

142 967 239 1006 urbe
258 967 524 1007 munitissima
551 964 820 1018 obpugnanda
840 978 1017 1011 essemus,
1041 978 1157 1018 quum
1173 964 1266 1017 jam
1289 966 1371 1017 ipsi
1393 966 1560 1020 Syracu-

142 1024 234 1064 sani
248 1025 399 1065 servire
412 1023 613 1077 tyrannis,
631 1035 748 1076 quam
764 1022 860 1074 capi
875 1035 899 1060 a
917 1021 1029 1062 nobis
1044 1022 1225 1070 mallent,
1242 1028 1400 1074 captam
1419 1024 1557 1063 iisdem

142 1082 271 1121 armis
296 1087 335 1121 et
363 1080 573 1120 liberatam
605 1079 737 1118 urbem
766 1079 1023 1119 reddidimus.
1086 1078 1226 1132 Neque
1257 1080 1414 1132 inficias
1443 1081 1557 1129 imus,

143 1138 327 1179 Siciliam
352 1138 608 1190 provinciam
638 1142 816 1176 nostram
848 1150 940 1185 esse,
967 1142 1006 1176 et
1029 1136 1226 1183 civitates,
1250 1150 1339 1189 quae
1369 1138 1412 1177 in
1434 1143 1561 1190 parte

144 1194 747 1248 Karthaginiensium,fuerunt,
767 1200 805 1233 et
824 1206 902 1233 uno
923 1194 1058 1233 animo
1073 1208 1156 1233 cum
1179 1193 1263 1234 illis
1283 1195 1471 1235 adversus
1491 1208 1563 1235 nos

143 1251 284 1292 bellum
300 1257 522 1306 gesserunt,
544 1249 579 1274 ³²
588 1251 884 1304 stipendiarias
907 1250 1020 1291 nobis
1039 1265 1088 1290 ac
1107 1251 1322 1304 vectigales
1341 1266 1433 1292 esse.
1465 1253 1562 1305 quin

140 1315 296 1358 contra,
329 1309 402 1349 hoc
429 1315 468 1349 et
493 1323 561 1349 vos
581 1314 620 1348 et
640 1322 770 1349 omnes
797 1314 939 1362 gentes
967 1308 1067 1349 scire
1096 1309 1281 1355 volumus,
1309 1323 1389 1361 pro
1419 1311 1564 1350 merito

142 1367 286 1421 cuique
305 1381 406 1421 erga
428 1380 498 1407 nos
505 1366 724 1421 firtunam
746 1379 839 1406 esse.
900 1364 970 1405 An
993 1365 1290 1418 Campanorum
1306 1379 1453 1418 poena',
1474 1365 1565 1406 33de

146 1437 226 1478 qua
248 1438 374 1477 neque
395 1424 477 1476 ipsi
497 1424 653 1476 quidem
676 1423 793 1476 queri
817 1429 998 1475 possunt,
1022 1436 1093 1463 nos
1118 1424 1332 1479 paeniteat.
1328 1426 1346 1453 9
1397 1423 1467 1463 Hi
1495 1424 1565 1463 ho-

141 1482 283 1532 mines,
305 1495 420 1534 quum
436 1494 517 1533 pro
538 1481 591 1521 iis
611 1479 752 1520 bellum
774 1481 964 1520 adversus
985 1480 1185 1520 Samnites
1198 1493 1278 1532 per
1292 1494 1421 1521 anuos
1433 1495 1483 1546 P?
1485 1495 1567 1534 vpe

143 1541 402 1591 septuaginta
443 1551 527 1577 cum
567 1538 725 1590 magnis
763 1537 910 1576 nostris
942 1536 1124 1577 cladibus
1158 1537 1423 1590 gessissemus,
1461 1538 1567 1590 ipsos

128 1595 295 1649 foedere
317 1595 509 1647 primum,
540 1594 686 1633 deinde
719 1593 929 1641 connubia,
964 1599 1085 1646 atque
1121 1594 1217 1633 inde
1246 1594 1564 1647 cognationibus,

137 1658 341 1705 postremo
361 1652 526 1692 civitate
546 1650 659 1690 nobzs
679 1649 1025 1703 conjunxissemus,
1048 1656 1222 1703 tempore
1242 1657 1377 1691 nostro
1397 1653 1566 1692 adverso

136 1709 271 1762 primi
297 1709 468 1748 omnium
499 1708 642 1748 Italice
665 1708 918 1761 populorum,
933 1708 1130 1759 pra’sidio
1151 1713 1286 1748 nostro
1300 1708 1420 1762 foede
1441 1709 1565 1749 inter-

126 1767 257 1820 jecto,
277 1767 334 1805 ad
357 1764 632 1804 Hannibalem
654 1764 905 1818 defecerunt:
929 1765 1086 1812 deinde,
1106 1765 1313 1818 indignati
1332 1779 1373 1805 se
1393 1765 1566 1806 obsideri

145 1838 170 1863 a
194 1823 319 1872 nobis,
339 1820 619 1862 Hannibalem
640 1823 698 1861 ad
715 1821 1024 1875 obpugnandam
1041 1822 1211 1862 Romam
1228 1824 1431 1863 miserunt.
1472 1823 1565 1863 Ho-

144 1895 230 1921 rum
251 1881 288 1920 si
308 1894 430 1933 neque
449 1879 542 1919 urbs
563 1880 667 1932 ipsa,
691 1893 816 1932 neque
842 1880 956 1918 homo
988 1880 1194 1933 quisquam
1224 1886 1456 1932 superesset,
1479 1881 1566 1933 quis

146 1933 301 1987 durius,
324 1950 442 1990 quam
464 1951 546 1989 pro
569 1937 706 1976 merito
728 1936 915 1989 ipsorum,
938 1942 1128 1976 statutum
1157 1937 1374 1990 indignari
1397 1941 1562 1990 posset?

149 1996 296 2038 Plures
325 1994 480 2034 sibimet
511 1994 593 2046 ipsi
616 1994 860 2034 conscientia
882 1993 1066 2034 scelerum
1089 2001 1251 2034 mortem
1273 1996 1562 2043 consciverunt,

147 2066 264 2105 quam
286 2065 312 2090 a
333 2051 446 2091 nobis
460 2051 661 2104 supplicio
681 2052 834 2105 adfecti
853 2057 957 2091 sunt.
1018 2051 1174 2093 Ceteris
1195 2052 1256 2091 ita
1277 2053 1484 2104 oppidum,
1503 2053 1565 2092 ita

147 2123 267 2163 agros
289 2109 517 2156 ademimus,
539 2114 583 2148 ut
603 2123 742 2162 agrum
773 2109 975 2162 locumque
996 2109 1052 2148 ad
1070 2108 1332 2148 habitandum
1354 2110 1562 2155 daremus;

147 2166 281 2207 urbem
313 2166 522 2205 innoxiam
550 2171 660 2205 stare
695 2167 924 2206 incolumem
954 2171 1188 2218 pateremur
1192 2181 1210 2214 ,⁰
1249 2172 1307 2215 ut,
1342 2167 1413 2220 qui
1445 2166 1567 2207 hodie

146 2225 281 2264 videat
302 2238 402 2271 eam,
425 2224 575 2262 nullum
595 2222 836 2276 obpugnata,²
856 2229 1037 2276 captaeve
1057 2222 1117 2263 ibi
1137 2224 1344 2277 vestigium
1367 2224 1563 2264 inveniat.

146 2282 228 2322 Sed
246 2281 345 2334 quid
363 2295 438 2335 ego
463 2280 641 2332 Capuam
663 2280 778 2319 dico?
811 2294 926 2333 quum
950 2280 1211 2334 Karthagini
1227 2281 1340 2321 victa?
1354 2295 1494 2334 pacem
1517 2294 1565 2321 ac

146 2338 372 2378 libertatem
402 2338 637 2378 dederimus.
699 2337 842 2390 Magis
873 2338 977 2377 illud
1004 2343 1062 2377 est
1085 2338 1326 2390 periculum,
1354 2352 1417 2388 ne,
1445 2339 1566 2378 nimis

131 2396 270 2450 facile
285 2394 396 2436 victis
418 2395 670 2449 ignoscendo,
689 2395 826 2446 plures
847 2394 894 2433 ob
910 2395 956 2434 id
975 2395 1100 2446 ipsum
1119 2408 1173 2434 an
1188 2396 1472 2447 experiendam
1495 2396 1568 2434 ad-

149 2466 282 2494 versus
302 2466 372 2492 nos
375 2452 596 2506 fortunam
613 2451 710 2492 belli
725 2452 945 2491 incitemus.
991 2452 1099 2491 Haec
1111 2465 1192 2504 pro
1206 2452 1320 2493 nobis
1340 2453 1450 2493 dicta
1471 2453 1564 2500 sint,

147 2510 232 2550 liaec
247 2510 436 2550 adversus
455 2509 720 2562 Philippum.-
751 2507 859 2562 cujus
875 2509 1088 2549 domestica
1097 2510 1351 2562 parricidia,
1370 2516 1407 2550 et
1420 2523 1566 2564 cogna-

194 2689 233 2718 31
264 2689 307 2718 Ab
331 2693 454 2721 externis
483 2692 628 2730 tur-annis
653 2702 708 2730 quo
736 2692 834 2725 ind-itr-
877 2695 1032 2731 pocratem
1050 2690 1203 2730 intelligit.

154 2731 222 2760 nius
235 2732 316 2772 esset]
350 2733 564 2774 Abtyrannis,
582 2734 687 2773 quine
703 2733 1211 2774 Syracu·37³0t2pen<l1<12m>
1234 2755 1241 2763 .
1267 2756 1273 2763 .
1298 2756 1306 2763 .
1329 2743 1362 2762 ac
1393 2733 1559 2774 vectigales]

154 2772 222 2803 sani
244 2773 368 2813 quidem
391 2785 503 2812 essent,
519 2777 626 2816 quales
648 2775 738 2805 multi
761 2775 834 2805 olim
878 2776 907 2806 V
911 2776 951 2805 i.d
969 2781 1032 2806 not.
1049 2775 1089 2806 ad
1106 2777 1197 2806 XXI.
1214 2776 1267 2805 41.

152 2815 310 2856 Syracusis
336 2816 468 2854 fuerant,
496 2818 562 2853 sed,
593 2829 653 2859 quo
681 2828 729 2849 res
756 2823 836 2848 esset
920 2820 960 2849 33
979 2819 1024 2848 De
1037 2830 1093 2858 qva
1108 2830 1198 2859 neqze
1213 2819 1265 2856 ipsi
1279 2818 1410 2859 quidem]
1434 2817 1557 2849 Scribe:

153 2857 235 2899 indig
219 2858 315 2894 unior,
333 2861 461 2891 externi.
508 2861 679 2902 Epicydem
703 2866 732 2891 et
757 2861 834 2901 Hip·
880 2872 914 2891 ne
930 2863 981 2899 ipsi
997 2863 1120 2895 quidem.
1167 2860 1325 2892 Gnoxov.
