1947 3222
198 269 244 343 ,05³

259 268 280 341 -οι

301 268 332 342 509

362 148 439 186 462-
892 147 1031 186 TITI
1071 145 1242 186 LIVII

363 254 502 297 2⁶m'hil
530 269 556 297 a
583 255 735 311 gladiis
762 263 873 297 nocte
898 257 1116 309 periculum
1133 255 1276 309 fnisse,
1307 270 1420 310 quem
1447 254 1622 306 sudibus,
1645 265 1684 298 te
1712 258 1772 298 in·

363 319 575 365 spectante,
592 327 714 366 prope
733 312 988 355 occiderunt?
1020 314 1130 361 Quid
1159 314 1232 354 hoc
1251 314 1389 361 noctis,
1411 314 1502 368 quia
1520 313 1698 355 inimicus
1717 316 1773 356 ad

361 370 521 419 iratum,
543 371 637 424 quid
663 384 750 411 cum
768 370 882 422 ferro
910 370 1116 410 subcinctis
1133 368 1346 423 juvenibus
1375 368 1509 411 venis?
1560 371 1773 413 Convivam

362 441 424 468 me
455 427 525 468 tibi
553 428 792 468 committere
821 440 937 467 ausus
966 441 1042 467 non
1071 440 1177 474 sum5
1207 428 1498 468 comissatorem
1527 433 1564 467 te
1591 443 1675 469 cum
1705 443 1773 469 ar·

363 485 480 525 matis
517 485 731 524 venientem
769 481 986 535 recipiam?
1037 482 1081 523 Si
1119 490 1256 536 aperta
1284 483 1418 537 janua
1446 483 1608 536 fuisset,
1639 484 1772 537 fimus

362 555 490 582 meum
509 555 674 593 parares
693 542 763 581 hoc
783 547 963 592 ternpore,
983 547 1110 592 pater,
1133 554 1209 593 quo
1229 548 1450 591 querentem
1470 542 1597 583 audis.
1661 542 1774 583 Nihil

362 612 450 652 ego,
492 604 697 652 tamquam
736 603 958 643 accusator,
996 597 1198 637 criminose
1228 597 1335 637 ²⁷nec
1376 599 1496 638 dubia
1532 599 1774 653 argumentis

362 655 580 708 colligendo
600 668 694 708 ago.
758 654 864 701 Quid
886 652 1017 694 enim?
1050 661 1172 707 negat
1190 667 1232 693 se
1253 669 1338 694 cum
1359 654 1605 695 multitudine
1623 657 1774 697 venisse

364 713 420 752 ad
436 711 612 765 januam
625 687 801 751 Φηιε>ανη9
840 724 893 750 an
915 709 1029 762 ferro
1062 711 1275 751 subcinctos
1309 724 1438 751 secum
1461 709 1622 762 fuisse?
1664 714 1772 760 Quos

364 769 624 816 nominavero,
661 781 823 808 arcesse.
862 774 1019 820 possunt
1051 768 1209 822 quidem
1242 768 1375 808 omnia
1410 769 1569 816 audere,
1604 771 1670 824 qni
1702 770 1775 810 hoc

363 825 450 865 ansi
468 831 578 872 sunt,·
610 839 686 865 non
715 831 847 865 tamen
877 825 1075 865 audebunt
1106 839 1266 880 negare
1328 825 1370 865 Si
1397 826 1651 877 deprehensos
1671 827 1775 867 intra

366 882 482 923 limen
502 895 630 922 meum
651 896 740 922 cum
758 880 874 933 ferro
896 883 950 922 ad
971 888 1008 921 te
1037 883 1279 932 deducerem,
1300 880 1410 934 2apro
1429 880 1642 935 manifesto
1661 883 1777 924 habe-

364 953 446 987 res5
467 937 648 991 fatentes
664 953 737 991 pro
759 939 1006 992 deprehensis
1028 939 1139 979 habe.

423 997 481 1036 X.
514 997 738 1037 Exsecrore
766 1010 867 1036 nunc
897 997 1149 1048 cupiditatem
1178 997 1303 1051 regni,
1327 1003 1364 1037 et
1384 995 1551 1049 ²⁹furias
1567 996 1779 1049 fraternas

364 1054 528 1094 concita.
559 1054 639 1102 sed,
658 1068 707 1094 ne
726 1053 805 1094 sint
825 1067 954 1104 ccecce,
975 1060 1102 1105 pater,
1125 1055 1407 1094 exsecrationes
1434 1061 1524 1104 tuce,
1546 1055 1720 1095 discerne
1739 1062 1779 1096 et

364 1110 511 1162 dispice
547 1110 813 1150 insidiatorem
853 1117 889 1150 et
927 1111 1093 1163 petitum
1130 1111 1293 1152 insidiis.
1327 1110 1523 1152 5θηοαῑιίιτη
1572 1112 1659 1152 huic
1697 1126 1779 1152 csse

365 1174 495 1220 caput.
561 1166 644 1210 Qui
670 1167 862 1208 occisurus
878 1165 1056 1219 fratrem
1076 1165 1177 1219 suit,
1210 1169 1352 1208 habeat
1381 1169 1500 1209 etiam
1529 1169 1650 1209 iratos
1667 1168 1779 1222 31ρα-

367 1230 498 1264 ternos
522 1224 654 1265 Deos.-
686 1225 753 1278 qui
779 1225 975 1277 periturus
992 1223 1178 1276 fraterno
1206 1225 1349 1265 scelere
1366 1224 1463 1276 ficit,
1483 1224 1708 1280 perfugium
1737 1227 1779 1267 in

362 1282 492 1334 patris
520 1281 785 1322 misericordia
813 1288 851 1321 et
869 1280 1031 1335 justitia
1061 1281 1216 1321 habeat.
1283 1283 1371 1329 Quo
1406 1284 1505 1323 enim
1537 1283 1614 1323 alio
1644 1282 1780 1347 consu-

365 1339 492 1393 giam,
515 1339 578 1378 cui
596 1352 675 1378 non
695 1338 879 1378 sollemne
901 1338 1064 1378 lustrale
1092 1339 1285 1380 exercitus
1316 1340 1384 1389 tui,
1406 1354 1479 1379 non
1501 1341 1687 1381 decursus
1707 1341 1779 1380 mi-

369 1396 495 1443 litum,
513 1409 589 1435 non
611 1396 766 1445 domus,
784 1410 861 1436 non
882 1396 1017 1447 epulae,
1034 1409 1111 1436 non
1130 1409 1223 1445 nox,
1242 1397 1296 1436 ad
1316 1396 1482 1442 Quietem
1505 1398 1603 1438 data
1623 1404 1778 1438 naturae

367 1452 551 1503 beneficio
586 1453 823 1502 mortalibus,
860 1459 943 1493 tuta
978 1451 1062 1493 est?
1107 1453 1150 1493 Si
1180 1453 1261 1493 iero
1294 1455 1350 1493 ad
1368 1451 1542 1505 fratrem
1574 1455 1778 1503 invitatus,

367 1511 613 1551 moriendum
633 1516 712 1550 est:
741 1511 775 1550 si
793 1524 1008 1562 recepero
994 1509 1099 1551 intra
1117 1508 1295 1564 januam
1317 1511 1571 1551 comissatum
1588 1509 1778 1563 fratrem,

368 1568 608 1608 moriendum
629 1574 698 1607 est.
729 1582 796 1608 nec
817 1568 957 1616 eundo,
980 1581 1050 1607 nec
1069 1569 1262 1608 manendo
1291 1568 1458 1608 insidias
1487 1569 1596 1609 evito.
1625 1582 1698 1622 quo
1721 1583 1783 1609 me

368 1623 596 1676 emiseram?
629 1625 673 1665 N
672 1624 739 1664 ihil
764 1631 907 1677 prceter
941 1625 1061 1673 Deos,
1081 1631 1211 1677 pater,
1242 1633 1278 1665 et
1309 1631 1346 1665 te
1375 1625 1486 1665 colui.
1518 1640 1594 1666 non
1626 1625 1780 1666 Roma-

367 1694 438 1722 nos
459 1681 596 1732 habeo,
619 1683 672 1721 ad
692 1695 790 1735 quos
810 1681 1052 1736 confligium.
1082 1681 1228 1734 perisse
1247 1688 1447 1734 expetunt,
1468 1683 1561 1736 quia
1584 1682 1663 1723 tuis
1680 1681 1782 1737 inju-

368 1738 439 1778 riis
467 1738 591 1787 doleo,
614 1739 706 1793 quia
735 1737 935 1779 ademtas1¹
954 1745 1013 1778 tot
1040 1738 1168 1788 urbes,
1192 1745 1249 1778 tot
1275 1745 1427 1794 gentes,
1449 1741 1562 1780 modo
1597 1740 1782 1780 Thracia:

368 1795 613 1836 maritimam
643 1810 768 1844 oram,
789 1796 983 1850 indignor.
1013 1809 1085 1835 nec
1107 1809 1182 1844 me,
1204 1809 1272 1836 nec
1303 1804 1340 1835 te
1367 1796 1562 1843 incolumi,
1586 1797 1782 1837 Macedo-

367 1852 476 1892 niam
505 1866 618 1892 suam
637 1851 826 1903 ficturum
844 1858 1016 1905 sperant.
1079 1851 1121 1892 Si
1141 1866 1202 1891 me
1221 1851 1346 1893 sceius
1354 1850 1516 1903 fratris,
1541 1859 1578 1893 te
1596 1860 1782 1903 senectus,

369 1909 615 1958 absumserit,
637 1908 745 1949 ³²aut
774 1923 822 1949 ne
851 1922 899 1949 ea
927 1909 1083 1963 quidem
1113 1915 1341 1961 exspectata
1359 1908 1504 1962 ficerit,
1525 1924 1656 1965 regem
1687 1924 1781 1966 reg·-

677 1974 693 1998 h
707 1976 757 2015 qni
772 1976 824 2004 tibi
837 1975 964 2004 adcrntus
979 1974 1075 2005 Gron.
1091 1975 1161 2014 quia
1175 1975 1227 2004 tibi
1240 1975 1367 2005 ademtas
1382 1973 1474 2006 Crev.

411 2032 453 2063 26
479 2031 563 2062 Nihil
587 2044 604 2063 a
631 2032 740 2073 gladiis
774 2039 855 2062 nocte
889 2032 1050 2071 periculum

357 2073 472 2116 fuisse]
498 2075 654 2106 Emendat
678 2076 748 2106 JaC.
778 2075 969 2106 Gronovius:
1004 2077 1051 2104 ni-

370 2117 412 2147 hil
442 2140 450 2148 .
482 2141 489 2148 .
517 2119 645 2157 periculi
674 2120 725 2155 mi,
762 2118 811 2148 vel
848 2119 920 2148 mihi
943 2117 1052 2166 fuisse.

1137 2032 1178 2062 29
1203 2031 1311 2063 Furias
1321 2030 1495 2073 fraternas]
1529 2032 1636 2064 Furias
1658 2032 1782 2064 ultrices

1096 2073 1301 2105 fraternarum
1315 2066 1546 2107 discordiarum.

1139 2119 1181 2148 30
1204 2117 1331 2148 Nonum
1357 2118 1426 2147 huic
1454 2129 1508 2148 esse
1535 2118 1639 2159 caput]
1677 2118 1782 2150 Verba

371 2159 482 2191 Recte.
527 2161 595 2192 Nec
624 2161 706 2191 enim
735 2160 856 2192 tolerari
882 2166 981 2202 potest
1008 2162 1053 2190 ni-

370 2202 412 2232 hit
430 2225 437 2233 .
454 2225 462 2233 .
479 2225 487 2233 .
501 2204 685 2242 periculum3
721 2208 752 2234 et
787 2203 820 2234 τὸ
849 2215 940 2245 quern,
970 2202 1053 2244 quod

370 2245 520 2286 sequitur,
533 2246 667 2287 postulat
683 2246 714 2276 in
730 2246 766 2276 iis
779 2256 847 2287 quae
864 2246 1053 2287 praecedunt,

370 2288 422 2322 mi,
444 2289 490 2319 vel
519 2289 601 2319 mihi.
661 2289 699 2319 In
729 2289 813 2320 Vict.
837 2289 942 2320 codice
970 2294 1054 2320 extat

370 2332 451 2365 mihi,
468 2331 522 2361 sed
536 2336 604 2373 post
617 2332 743 2362 verbum
751 2332 858 2373 fuis-e.

413 2375 453 2404 27
482 2373 541 2404 Nec
562 2376 649 2404 dubia
675 2377 856 2415 argmnentis
877 2375 1050 2415 minuendo]

373 2416 440 2447 Nec
456 2415 612 2447 inferendo
626 2427 662 2447 ex
687 2416 871 2457 argumentis
887 2427 939 2458 per
962 2417 1052 2447 ratio-

371 2457 555 2489 cinationem
592 2460 730 2490 tractatis
766 2459 860 2489 dubia
895 2466 1051 2490 consecta-

371 2501 426 2531 ria.
484 2502 556 2532 Non
593 2502 919 2542 argumentationibus,
956 2502 1055 2543 inquit

373 2544 513 2578 Perseus,
529 2529 644 2585 premoo
657 2555 751 2579 reum,
769 2555 837 2585 qua:
853 2544 914 2574 sere
939 2544 1054 2585 aliquid

371 2586 459 2618 dubii
474 2586 659 2628 relinquunt.
706 2588 811 2621 Facta,
831 2597 899 2628 quae
916 2586 979 2629 ipse
996 2598 1055 2617 non

375 2635 476 2670 negat,
493 2640 597 2670 arguo.

415 2674 456 2702 28
483 2673 541 2702 Pro
584 2672 734 2712 manifesto
778 2672 905 2719 haberes]
953 2673 1057 2702 Potest

375 2714 502 2755 intelligi
539 2716 599 2750 hoc,
636 2714 718 2756 quod
763 2724 876 2762 praeccs
864 2715 925 2744 ssit.
986 2715 1057 2744 Fere

376 2764 480 2787 tamen
509 2757 631 2788 malim:
671 2768 722 2796 pro
750 2756 908 2791 manifestis
937 2757 1013 2786 haber
1008 2768 1058 2786 rme

377 2799 545 2830 ''lacitusL
561 2800 620 2830 XI.
645 2799 728 2830 :an
751 2809 778 2829 c.
794 2800 824 2830 6.
847 2807 871 2829 ct
895 2801 992 2833 ecte-,ti
1008 2802 1056 2839 qni

378 2853 432 2872 nnn
447 2843 734 2882 iudicium(1uippe
756 2843 787 2871 in
810 2841 930 2875 manile
934 2842 988 2875 Εἰς)
1012 2845 1058 2874 cd

375 2896 487 2923 p'arnom
503 2888 590 2916 stantui
606 2887 748 2916 ridebant.
795 2886 907 2918 Gnos-

1097 2166 1240 2206 corrupta
1268 2165 1300 2192 et
1334 2159 1455 2195 mutila,
1485 2171 1553 2201 quae
1585 2160 1661 2191 varii
1689 2161 1780 2192 variis

1096 2202 1278 2243 conjecturis
1320 2208 1444 2237 vexant,
1490 2203 1624 2234 trahunt.
1691 2203 1780 2235 Nihil

1097 2246 1284 2288 probabilius
1309 2244 1440 2281 videtur,
1463 2255 1555 2286 quam
1577 2245 1660 2287 quod
1681 2246 1780 2288 suspi-

1098 2294 1185 2320 catur
1212 2288 1384 2323 Rubenius,
1409 2290 1524 2319 noxium
1547 2290 1649 2318 incesse
1673 2296 1779 2327 caput:

1098 2332 1146 2363 vel
1163 2332 1272 2373 potius,
1289 2336 1322 2361 ut
1343 2331 1433 2361 simul
1455 2341 1561 2362 sensus
1583 2329 1692 2361 clarior
1715 2330 1780 2367 fiat,

1096 2375 1186 2405 simui
1201 2375 1294 2404 verba
1309 2373 1433 2415 propius
1447 2373 1487 2403 ad
1499 2373 1607 2404 veteris
1622 2373 1779 2414 scripturae

1097 2417 1225 2455 vestigia
1253 2416 1414 2451 accedant,
1443 2417 1560 2446 notium
1589 2417 1641 2451 his,
1670 2426 1780 2458 nempe

1097 2459 1352 2494 execrationibus,
1367 2461 1470 2489 incesse
1482 2465 1581 2497 capnt.

1140 2504 1177 2533 31
1209 2502 1345 2531 l’urrnos
1384 2501 1462 2541 deos]
1507 2501 1688 2532 Adulatorie
1727 2512 1782 2543 pro

1095 2552 1219 2584 patrem.
1278 2545 1318 2574 Et
1353 2542 1444 2574 simul
1481 2543 1602 2585 respicit
1638 2544 1678 2575 ad
1708 2543 1784 2585 deos

1098 2595 1254 2619 exactores
1289 2585 1410 2627 pietatis
1446 2585 1575 2617 filiorum
1604 2586 1634 2617 in
1670 2597 1782 2629 paren-

1101 2636 1155 2660 tes.

1144 2673 1283 2702 aarum
1319 2683 1355 2701 *ne
1391 2682 1424 2701 ea
1467 2673 1579 2711 quidem
1622 2678 1781 2711 eas-pectam.

1090 2714 1208 2756 jncrit]
1248 2714 1310 2743 Aut
1347 2723 1385 2744 ne
1411 2719 1621 2755 exspectatum
1657 2714 1780 2755 quidem

1101 2757 1191 2787 fucrit
1227 2756 1323 2786 donoc
1359 2762 1512 2787 senectute
1554 2757 1691 2792 solvaris.
1727 2757 1781 2787 sed

1078 2823 1081 2826 .
1102 2810 1189 2829 mors
1204 2798 1258 2828 tibi
1281 2804 1432 2830 unitur-ata
1456 2800 1494 2829 ab
1518 2799 1608 2829 avido
1635 2799 1786 2840 regnandi,

1104 2842 1165 2872 filio
1181 2842 1278 2872 fuerit.
