1947 3222
535 43 658 83 LIB.
687 44 774 82 XL.
819 45 951 85 CAP.
980 46 1088 84 LVI.
1447 53 1520 88 505

104 155 335 213 Antigono,
357 155 761 211 comprehensusque
790 153 843 194 ab
873 169 922 194 eo
951 154 993 195 in
1020 155 1174 210 regiam
1195 164 1257 198 est
1277 157 1517 213 perductus.

103 213 246 254 relicto
280 228 329 253 eo
360 211 618 260 custodibus,
655 210 899 266 Antigonus
933 211 988 251 ad
1024 211 1268 268 Philippum
1307 215 1517 270 processit.

104 270 268 320 Multis,
289 269 443 325 inquit,
464 266 707 309 sermonibus
737 267 978 307 intellexisse
999 268 1152 318 videor,
1174 284 1319 324 magno
1346 278 1385 311 te
1410 273 1518 312 aesti-

101 334 314 375 maturum,
336 328 373 367 si
398 327 499 367 scire
518 339 614 365 vera
634 325 769 364 omnia
785 325 914 377 possis
935 325 983 364 de
996 324 1112 375 filiis
1131 327 1224 374 tuis,
1247 334 1337 368 uter
1356 328 1407 367 ab
1427 335 1518 369 utro

92 385 249 436 petitas
263 384 425 438 ²fraude
453 389 491 422 et
521 382 686 422 insidiis
705 389 814 422 esset.
874 381 1012 421 Homo
1032 395 1132 421 unus
1151 384 1335 432 omnium,
1357 386 1428 437 qui
1448 399 1527 426 no·-

100 442 190 480 dum
211 439 326 494 bajus
346 440 496 480 erroris
517 440 717 480 exsolvere
728 439 874 491 possit,
895 439 938 478 in
952 443 1154 491 potestate
1173 445 1243 478 tua
1265 447 1322 480 est
1343 441 1515 495 Xychus.

101 497 244 551 ¹¹f0rte
263 503 440 538 vocatum
461 497 772 549 perductamque
792 497 836 536 in
866 496 1018 549 regiam
1039 496 1176 535 vocari
1190 495 1368 549 juberet.
1428 499 1516 539 Ad-

101 555 254 596 ductus
283 553 419 609 primo
439 553 499 594 ita
517 568 668 608 negare
688 553 983 601 inconstanter,
1006 560 1069 602 ut,
1090 567 1220 608 parvo
1240 561 1356 594 metu
1377 554 1518 595 admo-

101 620 158 661 to,
181 619 374 666 paratum
396 610 572 651 indicem
593 625 679 650 esse
700 608 930 664 adpareret.
953 617 1219 664 conspectum
1241 610 1408 651 tortoris
1428 626 1518 651 ver-

101 668 333 722 berumque
363 682 444 707 non
476 666 698 707 sustinuit:
740 665 1014 721 ordinemque
1045 680 1209 706 omnem
1241 666 1434 708 facinoris
1463 667 1519 708 le-

101 732 294 765 oratorum
326 723 625 778 ministeriique
656 722 719 762 sui
755 721 961 777 exposuit.
1022 722 1249 778 Extemplo
1283 722 1410 774 missi,
1444 725 1518 779 qui

98 758 256 836 iegatos
284 779 695 836 comprehenderent,
720 778 962 828 Philoclem,
985 778 1059 834 qui
1088 793 1270 834 praesens
1306 788 1410 830 erat,
1444 781 1499 822 ob

98 845 362 893 presserunt:
399 836 586 892 Apelles,
617 835 766 877 missus
796 835 850 876 ad
882 835 1097 876 Chaeream
1128 836 1352 892 quemdam
1382 852 1519 892 perse-

99 893 330 948 quendum,
367 892 519 934 indicio
556 893 701 948 Xychi
737 891 897 942 audito,
932 891 974 933 in
1014 892 1180 933 Italiam
1216 893 1390 949 trajecit.
1451 895 1518 936 De

99 949 284 990 Philocle
314 949 418 990 nihil
448 950 549 991 certi
579 949 801 1004 vulgatum
831 957 904 990 est.
941 948 1011 989 alii
1043 949 1178 1004 primo
1207 949 1420 991 audaciter
1448 966 1518 992 ne-

97 1014 280 1061 gantem,
303 1014 527 1062 postquam
552 1005 594 1046 in
624 1013 891 1061 conspectum
912 1005 1121 1046 adductus
1142 1006 1194 1047 sit
1217 1006 1413 1062 Xychus,
1434 1022 1517 1049 non

98 1063 210 1105 ultra
250 1063 499 1111 tetendisse3
551 1062 620 1102 alii
660 1070 868 1103 tormenta
906 1061 1030 1103 etiam
1065 1062 1315 1104 inficiantem
1350 1078 1517 1119 perpes-

100 1135 192 1160 sum
214 1119 447 1161 adfirmant.
509 1119 707 1174 Philippo
736 1118 1045 1173 redintegratus
1075 1126 1136 1159 est
1166 1119 1306 1160 luctus
1335 1121 1517 1175 gemina-

98 1184 275 1232 tusque:
319 1184 360 1217 et
389 1175 671 1216 infelicitatem
704 1189 820 1216 suam
849 1174 892 1215 in
922 1175 1062 1216 liberis
1090 1174 1337 1231 graviorem,
1360 1175 1516 1232 ¹2qu0d

99 1233 204 1274 alter
223 1231 410 1288 perisset,
431 1232 636 1273 censebat.

157 1289 275 1329 LVI.
312 1288 501 1339 Perseus,
532 1289 683 1330 certior
713 1288 850 1330 factus
879 1288 1016 1330 omnia
1047 1289 1211 1331 detecta
1241 1306 1340 1341 esse,
1370 1299 1516 1347 poten-

97 1345 178 1387 tior
198 1345 368 1401 quidem
390 1353 493 1395 erat,
516 1360 641 1401 quam
663 1353 711 1386 ut
741 1345 886 1401 fugam
912 1346 1181 1387 necessariam
1211 1347 1394 1389 duceret.
1426 1356 1516 1389 tan-

97 1410 202 1453 tum,
225 1410 273 1443 ut
303 1402 447 1458 procul
479 1402 653 1451 abesset,
682 1402 870 1450 curabat,
901 1402 1066 1443 interim
1096 1403 1294 1455 velutsab
1323 1405 1515 1446 incendio

97 1458 311 1514 flagrantis
341 1459 428 1509 irae,
460 1458 561 1499 dum
594 1458 818 1514 Philippus
847 1460 1020 1508 viveret,
1053 1474 1094 1500 se
1124 1460 1382 1501 defensurus.
1425 1462 1513 1517 qui,

98 1531 170 1571 spe
190 1514 383 1571 potiundi
404 1515 458 1556 ad
478 1530 643 1571 poenam
666 1515 848 1571 corporis
869 1517 959 1572 ejus
979 1516 1140 1566 amissa,
1163 1517 1277 1572 quod
1305 1517 1514 1573 reliquum

96 1580 200 1622 erat,
222 1571 266 1612 id
292 1571 473 1622 studere,
494 1587 545 1612 ne
567 1587 691 1628 super
717 1571 994 1627 inpunitatem
1015 1572 1139 1613 etiam
1160 1573 1333 1629 praemio
1354 1574 1515 1616 sceleris

1534 167 1574 198 U.
1590 169 1625 198 C.
1638 168 1712 199 573.

1531 209 1573 241 Α.
1587 211 1623 242 C.
1639 210 1711 241 179.

1531 281 1714 312 Innocentia

1531 323 1682 355 Demetrii

1532 367 1646 408 agnita.

96 1628 319 1670 frueretur.
382 1629 643 1684 Antigonum
672 1628 803 1684 igitur
832 1629 1040 1685 adpellat3
1079 1629 1144 1670 cui
1176 1638 1217 1671 et
1246 1630 1384 1686 palam
1413 1631 1513 1673 facti
1525 1640 1682 1682 Antigono

95 1685 304 1741 parricidii
336 1686 473 1740 gratia
501 1686 706 1726 obnoxius
736 1693 838 1735 erat,
860 1701 996 1741 neque
1024 1685 1267 1741 pudendum
1289 1695 1362 1729 aut
1382 1689 1513 1744 poeni-
1525 1694 1651 1725 regnum

94 1741 270 1783 tendum
300 1739 395 1783 eum
425 1757 565 1798 regem
597 1741 916 1792 Macedonibus,
937 1750 1109 1798 propter
1138 1752 1342 1785 recentem
1371 1752 1511 1800 patrm

1502 1745 1510 1753 ·
1525 1727 1695 1768 relinquere

1524 1769 1610 1811 cupit
1625 1770 1698 1801 Phi-

95 1798 301 1862 Antigoni
330 1798 520 1855 gloriam,
541 1798 630 1839 fore
660 1799 863 1840 censebat.
929 1799 1102 1847 Quando
1123 1801 1167 1840 z‘n
1192 1815 1277 1841 eam
1292 1801 1511 1854 fortunam
1525 1813 1643 1856 lippuS.

94 1869 199 1905 vem,
234 1857 388 1911 inquit,
425 1856 644 1909 Antigone,
684 1862 728 1896 ut
765 1855 918 1897 orbitas
957 1857 1070 1905 mihi,
1111 1871 1229 1910 quam
1269 1859 1348 1898 aliz·
1387 1860 1513 1900 detes-

95 1919 237 1953 tantur
258 1918 465 1965 parentas,
488 1912 681 1965 optabilis
701 1927 781 1953 esse
801 1913 962 1959 debeat;
996 1927 1173 1967 regnum,
1196 1916 1303 1968 quod
1320 1929 1347 1955 α
1361 1921 1514 1968 patruo

95 1976 162 2010 tuo
174 1970 304 2024 jbrti,
336 1983 416 2009 non
445 1971 568 2009 solam
586 1970 728 2024 fideli,
758 1971 884 2010 tutela
915 1969 998 2023 ejus
1025 1972 1257 2011 custoditum
1290 1978 1328 2012 et
1356 1979 1513 2013 auctum

97 2026 217 2067 etiam
240 2027 388 2080 qecepi,
410 2027 457 2067 id
472 2026 551 2067 tibi
577 2028 740 2067 tradere
763 2026 805 2066 in
835 2027 972 2067 animo
1002 2033 1068 2067 est.
1138 2028 1196 2068 Te
1224 2042 1342 2068 unum
1372 2029 1511 2080 habeo,

96 2097 206 2137 quem
228 2084 391 2137 dignum
411 2098 535 2137 regno
544 2082 732 2137 judicem.
754 2084 792 2124 si
804 2084 995 2124 neminem
1016 2084 1214 2134 haberem,
1228 2086 1370 2138 perire
1386 2092 1424 2126 et
1445 2101 1513 2126 ex-

92 2141 248 2194 stingui
269 2142 314 2180 id
332 2141 502 2191 mallem,
520 2154 635 2194 quam
656 2142 808 2181 Perseo
828 2142 999 2186 scelestae
1001 2142 1178 2194 framlis
1189 2144 1403 2195 praemz'um
1420 2157 1510 2184 esse.

95 2198 345 2238 Demetrium
367 2198 582 2237 excitatum
604 2197 655 2237 ab
677 2198 821 2251 inferis
840 2199 1142 2251 restitutumque
1161 2200 1319 2240 credam
1341 2201 1456 2251 wilzi,
1477 2201 1515 2241 si

95 2262 146 2303 te,
170 2256 240 2308 qui
259 2254 380 2294 morti
405 2255 641 2302 innocentis,
664 2255 735 2307 qui
756 2268 846 2294 meo
876 2255 1036 2309 infelici
1064 2257 1196 2295 errori
1224 2271 1324 2297 unus
1346 2257 1513 2297 inlacri-

95 2313 228 2361 mastz',
250 2312 292 2352 in
314 2311 437 2351 locum
459 2310 540 2364 ejus
569 2311 817 2351 substitutum
839 2313 1075 2365 relinquam.
1136 2313 1209 2353 Ab
1229 2313 1307 2354 hoc
1329 2329 1513 2354 sermone

98 2367 209 2408 omni
237 2383 390 2424 genere
409 2367 577 2409 honoris
606 2367 835 2423 producere
864 2383 960 2409 eum
990 2383 1072 2409 non
1102 2368 1275 2410 destitit.
1308 2385 1441 2425 quum
1470 2369 1510 2410 in

148 2532 185 2561 11
211 2531 298 2562 Forte
318 2533 466 2574 vocatum]
491 2534 575 2574 Lege
598 2544 667 2564 cum
683 2534 787 2564 Tana·
831 2534 987 2576 exemplis.
1034 2534 1109 2565 Vid.
1135 2535 1306 2566 orationem
1333 2534 1451 2572 Quintii
1474 2534 1514 2565 ad

101 2574 197 2616 quillo
221 2575 340 2605 Fabro:
365 2576 448 2616 sorte
475 2578 612 2608 oblatum.
668 2577 788 2607 Grono-
832 2576 976 2613 Achaeos,
994 2577 1133 2608 XXXV.
1148 2579 1200 2609 49.

102 2617 171 2647 vius
185 2627 307 2658 quoque
329 2628 382 2658 pro
396 2620 515 2657 juberet
537 2619 601 2660 legi
624 2619 692 2649 vult
703 2621 790 2658 jube.
878 2620 916 2649 12
941 2620 1026 2655 Quod
1054 2621 1129 2650 alter
1161 2621 1291 2661 perisset]
1331 2620 1414 2660 Lege
1444 2630 1514 2650 cum

105 2660 166 2690 Sed
180 2659 247 2690 haec
270 2660 445 2690 emendatio
467 2661 638 2692 necessaria
660 2672 722 2692 non
745 2661 789 2691 vi-
833 2662 958 2693 Mureto
981 2670 1144 2702 superesset.
1181 2664 1209 2693 N
1216 2662 1269 2692 ihil
1295 2662 1417 2694 certius.
1461 2663 1513 2692 In-

105 2702 206 2733 detur.
250 2702 387 2732 Mutatio
413 2701 493 2732 enim
521 2703 667 2735 orationis
692 2704 790 2735 direc-
834 2704 880 2734 fra
916 2704 1080 2746 Philippus
1114 2704 1154 2736 ad
1187 2704 1396 2745 Antigonum:
1436 2705 1514 2740 Quo-

106 2749 145 2773 tae
170 2743 201 2774 in
222 2743 419 2778 indirectam,
435 2745 576 2785 quamvis
598 2757 659 2777 non
682 2747 790 2778 admo·
835 2749 914 2777 niam
941 2749 973 2777 in
999 2759 1060 2777 eam
1073 2747 1232 2788 fortunam
1255 2748 1319 2776 reni
1334 2769 1342 2777 .
1359 2770 1367 2777 .
1382 2753 1414 2776 ut
1441 2748 1515 2777 orbi·

108 2786 181 2816 dum
220 2787 363 2827 frequens
391 2787 441 2825 sit,
472 2797 533 2818 non
569 2794 653 2821 caret
688 2794 791 2820 tamen
836 2796 880 2820 tas
894 2791 986 2820 mihi.
1003 2812 1011 2820 .
1026 2790 1156 2829 optabilis
1169 2799 1222 2819 esse
1237 2790 1343 2819 debeat.

169 2843 263 2869 voL.
288 2844 357 2870 111.
902 2846 926 2871 L
948 2832 958 2871 1
