1947 3222
161 1910 340 1943 Contentio-

161 1965 216 1985 nes
232 1955 270 1985 de
285 1964 361 1997 prae-

162 2003 240 2030 tura.

349 102 425 136 434·
883 97 944 136 TI
957 97 989 134 T
1003 97 1021 133 1
1066 97 1099 134 L
1114 96 1129 134 Ι
1143 96 1179 132 V
1192 95 1209 132 I
1224 97 1241 134 I

351 208 398 248 C.
421 205 638 247 Decimius
665 204 821 246 Flavus
851 206 1066 255 urbanam,
1090 207 1138 247 P.
1163 205 1383 247 Cornelius
1405 204 1620 261 Cethegus
1649 204 1767 247 inter*

349 264 460 304 cives
479 270 520 303 et
541 261 778 318 peregrinos
801 262 936 303 sortiti
958 271 1081 310 sunt3
1115 264 1163 303 C.
1188 261 1455 319 Sempronius
1477 262 1638 303 Blaesus
1661 261 1769 302 Sici-f

350 319 464 370 liam,
487 320 536 369 Q.
560 319 733 360 Naevius
754 319 906 359 Matho
930 319 1177 369 Sardiniam,
1199 328 1241 360 et
1264 328 1314 360 ut
1344 319 1453 360 idem
1475 318 1527 359 de
1553 318 1763 360 veneficiis

353 383 575 432 quaereret,
611 375 666 416 A.
701 374 926 416 Terentius
966 376 1098 416 Varro
1142 375 1389 432 Hispaniam
1429 375 1674 425 citeriorem,
1709 376 1760 415 P.

356 432 624 489 Sempronius
646 433 821 486 Longus
843 430 1090 486 Hispan-iam
1119 432 1368 473 ulteriorem.
1430 433 1496 472 De
1526 431 1576 473 iis
1597 432 1767 473 duabus-

355 488 577 545 provinciis
597 487 722 544 legati
743 502 817 542 per
837 487 881 528 id
901 487 987 528 fere
1008 495 1188 544 tempus,
1211 489 1263 529 L.
1285 490 1314 529 J
1317 489 1514 530 uventius
1535 488 1703 529 Thalna
1721 495 1763 528 et

357 547 411 586 T.
436 544 685 595 Quinctilius
714 544 863 593 Varus,
894 552 1109 586 venerunt.
1142 544 1230 600 qui,
1259 553 1465 601 quantum
1492 545 1650 586 bellum
1674 545 1765 601 jam

355 602 626 659 profligatum
661 600 702 640 in
742 599 949 656 Hispania
982 608 1102 651 esset,
1129 609 1274 642 senatu
1309 601 1470 652 edocto,
1500 602 1767 657 postularunt

357 658 495 708 simul,
517 665 566 698 ut
592 672 669 712 pro
698 656 824 698 rebus
854 664 939 698 tam
968 672 1164 713 prospere
1199 658 1326 713 gestis
1352 657 1446 698 Diis
1476 658 1768 700 inmortalibus

357 715 581 755 haberetur
608 713 752 764 honos,
774 721 815 755 et
835 722 884 755 ut
914 714 1166 770 praetoribus
1185 715 1415 756 exercitum
1436 714 1655 770 deportare
1674 714 1770 755 lice-

357 778 432 811 ret.
495 769 754 827 Supplicatio
783 771 825 811 in
855 770 1034 812 biduum
1059 770 1224 813 decreta
1253 780 1325 813 est.
1358 771 1409 812 de
1440 770 1672 827 legionibus
1700 771 1771 812 de-

358 826 587 883 portandis,
629 842 762 883 quum
803 827 854 868 de
893 827 1111 869 consulum
1161 836 1474 884 praetorumque
1517 827 1770 869 exercitibus

359 892 567 939 ageretur,
588 899 675 925 rem
695 883 901 939 integram
921 884 1065 925 referri
1090 885 1318 941 jusserunt.
1380 885 1541 926 Paucos
1567 892 1663 941 post
1683 884 1772 925 dies

358 939 638 982 ³⁹consulibus
656 940 700 981 in
722 940 903 996 Ligures
921 941 1032 982 binae
1052 940 1246 997 legiones,
1269 956 1374 997 quas
1395 942 1480 997 Ap.
1505 940 1708 983 Claudius
1728 949 1770 982 et

361 996 428 1038 Μ.
451 996 719 1053 Sempronius
753 997 1000 1047 habuerant,
1038 997 1215 1040 decretae
1250 1007 1358 1040 sunt.
1419 998 1486 1038 De
1520 997 1774 1040 exercitibus

362 1053 712 1110 Hispaniensibus
741 1069 892 1110 magna
920 1055 1129 1097 contentio
1163 1055 1245 1097 fuit
1274 1055 1381 1097 inter
1411 1070 1539 1096 novos
1572 1062 1777 1111 praetores

362 1119 403 1152 et
424 1110 576 1151 amicos
595 1110 845 1160 absentium,
865 1111 1082 1166 Calpurnii
1100 1112 1381 1167 Quinctiique.
1415 1112 1608 1167 Utraque
1629 1126 1775 1152 caussa

363 1166 553 1210 tribunos
576 1166 724 1223 plebis,
746 1166 779 1190 ‘¹⁰
792 1176 971 1223 utraque
991 1169 1178 1209 consules
1207 1169 1403 1210 habebat.
1435 1168 1462 1192 ‘¹¹
1478 1168 1553 1218 his,
1576 1183 1617 1208 se
1646 1168 1772 1209 inter-

363 1239 551 1265 cessuros
569 1224 940 1273 senatusconsult0‚
963 1224 995 1265 si
1016 1224 1295 1281 deportandos
1321 1233 1531 1266 censerent
1553 1225 1773 1275 exercitus,

364 1280 693 1328 denuntiabant3
735 1280 810 1331 illi,
851 1280 885 1321 si
924 1280 1014 1322 haec
1048 1281 1284 1323 intercessio
1322 1282 1454 1331 fieret,
1489 1280 1647 1322 nullam
1686 1296 1775 1322 rem

363 1337 486 1378 aliam
508 1351 550 1378 se
574 1336 738 1378 decerni
766 1352 972 1394 passuros.
1033 1337 1153 1379 Victa
1182 1346 1390 1395 postremo
1419 1337 1652 1379 absentium
1682 1353 1778 1393 gra-

365 1394 425 1434 tia
458 1401 539 1443 est,
567 1400 609 1435 et
645 1393 1049 1436 senatusconsultum
1084 1395 1258 1446 factum,
1297 1395 1351 1436 Ut
1376 1401 1574 1448 prcetores
1605 1401 1778 1448 quatuor

364 1451 499 1491 millia
520 1451 706 1504 peditum
727 1451 999 1492 Romanorum
1024 1452 1255 1502 scriberent,
1277 1453 1591 1506 quadringentos
1611 1452 1779 1506 equites,

366 1514 405 1549 et
425 1507 600 1562 quinque
620 1509 752 1549 millia
763 1509 957 1549 sociorum
969 1510 1153 1562 peditum
1176 1509 1320 1550 Latini
1338 1511 1524 1560 nominis,
1542 1510 1779 1563 quingentos

365 1566 531 1619 equites,
554 1579 650 1619 quos
668 1580 792 1607 secum
813 1565 856 1606 in
876 1566 1131 1619 Hispaniam
1148 1573 1376 1620 portarent.
1397 1566 1430 1590 ⁴²
1443 1581 1558 1621 quum
1574 1580 1641 1606 eas
1661 1567 1782 1620 legio-v

368 1636 436 1663 nes
456 1628 628 1676 quatuor
648 1623 959 1676 descripsissem,
983 1625 1088 1677 quod
1099 1625 1208 1677 plus,
1231 1638 1347 1678 quam
1368 1624 1493 1678 quina
1513 1624 1645 1664 millia
1659 1624 1781 1676 pedi-

368 1685 463 1728 tum,
485 1680 636 1720 treceni
665 1680 827 1734 equites,
857 1679 899 1720 in
927 1680 1098 1734 singulis
1125 1681 1346 1734 legionibus
1375 1687 1484 1729 esset,
1507 1681 1779 1721 dimitterent.-

369 1750 433 1777 eos
444 1737 635 1790 primum,
658 1738 728 1791 qui
747 1737 912 1778 emerita
933 1738 1139 1790 stipendia
1167 1737 1380 1784 haherent‚·
1413 1738 1570 1786 deinde,
1592 1743 1637 1777 ut
1654 1737 1784 1791 cujus-

371 1793 683 1848 qzcefhrtissima
703 1807 826 1847 opera
851 1793 1095 1847 Calpurnius
1115 1800 1152 1835 et
1176 1795 1386 1842 Quinctius
1406 1795 1450 1835 in
1474 1794 1624 1848 proelio
1643 1795 1704 1835 usi
1723 1808 1783 1836 es-

372 1856 473 1891 sent.
1783 1873 1786 1875 ·

430 1907 667 1949 XXXIX.
700 1909 793 1950 Hac
821 1909 963 1950 sedata
982 1908 1258 1958 contentione,
1281 1908 1361 1949 alia
1390 1907 1566 1950 subinde
1589 1909 1636 1949 C.
1661 1908 1783 1949 Deci-

373 1963 445 2005 mii
474 1965 664 2020 praetoris
693 1974 826 2007 morte
856 1974 1001 2007 exorta
1026 1974 1100 2007 est.
1163 1965 1239 2006 Cn.
1265 1965 1441 2006 Sicinius
1470 1973 1512 2006 et
1535 1964 1584 2005 L.
1601 1965 1780 2021 Pupius,

375 2020 449 2077 qui
469 2021 610 2063 aediles
632 2022 824 2078 proximo
843 2037 950 2064 anno
969 2022 1152 2073 fuerant,
1173 2031 1215 2064 et
1237 2023 1285 2063 C.
1303 2021 1492 2064 Valerius
1512 2021 1660 2064 flamen
1682 2021 1784 2063 Dia-

998 2092 1013 2116 s
1026 2097 1047 2126 ii
1062 2095 1160 2127 Gron-

420 2153 461 2184 39
486 2153 671 2193 Consulibus]
700 2153 762 2184 Hic
786 2154 928 2185 mendose
948 2153 1060 2195 legitur
1103 2159 1170 2184 tuor
1197 2153 1344 2194 legiones.
1398 2153 1475 2185 Ideo
1499 2153 1660 2185 emendat:
1695 2165 1784 2194 quum

379 2194 409 2225 in
425 2194 629 2226 Gronovianis
650 2196 835 2227 editionibus
850 2197 968 2228 consuli.
1013 2196 1059 2227 A·

379 2237 429 2268 liae
457 2238 605 2269 editiones
631 2243 662 2268 et
687 2238 769 2269 Υἱοὶ.
796 2240 867 2270 MS.
895 2245 924 2270 et
955 2249 1061 2270 sensus

380 2280 444 2322 ipse
458 2285 541 2312 stant
555 2290 608 2323 pro
623 2291 660 2311 ea
679 2280 808 2313 lectione
824 2293 914 2323 quam
937 2291 1059 2323 expres-

379 2324 485 2354 simus.

422 2367 464 2397 40
502 2366 632 2407 Utraque
666 2366 808 2407 consules]
854 2366 921 2397 Imo
958 2379 1058 2398 consu-

380 2409 443 2439 bem.

423 2451 461 2481 41
490 2451 532 2481 112·
554 2463 580 2481 se
604 2452 818 2492 intercessuros]
843 2452 986 2494 Intellige
1010 2463 1062 2483 eos

381 2493 434 2534 qui
470 2493 614 2524 favebant
653 2493 738 2524 novis
773 2494 964 2535 praetoribus,
998 2500 1061 2525 tuni

382 2535 529 2571 tribunos,
560 2541 625 2567 tum
662 2536 789 2566 alterum
823 2547 840 2567 e
875 2537 1060 2568 consulibus.

382 2579 487 2620 Vulgo
508 2578 582 2610 editi
603 2578 718 2609 habent
734 2580 765 2608 ii.
809 2579 1016 2620 Reposuimus
1031 2581 1061 2610 Ιιὶ

381 2632 420 2652 ex
444 2633 503 2652 uno
519 2632 536 2653 e
551 2622 645 2652 MSS.
661 2620 799 2655 Hearnii.
816 2627 846 2651 et
869 2628 969 2652 nostro
987 2623 1058 2652 vic-

382 2663 497 2695 torino:
523 2670 555 2696 ut
579 2664 761 2706 respondeat
783 2666 825 2704 ινῷ
842 2665 886 2694 illi
908 2664 989 2705 quod
1012 2675 1059 2695 se-

381 2707 495 2748 quitur.

426 2751 465 2780 42
499 2749 596 2784 Quum
627 2759 672 2778 ras
707 2749 827 2789 legiones
859 2755 982 2788 quatum·
1011 2750 1059 2779 de-

382 2793 570 2834 scripsissem]
602 2792 700 2822 Recte
722 2792 862 2823 observat
889 2791 1062 2823 Gronovius

383 2844 418 2863 ex
436 2835 554 2866 tantillo
570 2845 694 2865 numero
714 2834 776 2865 lieri
800 2833 969 2874 nequivisse
984 2845 1060 2874 qua-

1102 2208 1146 2227 ωε
1171 2198 1202 2227 in
1226 2204 1350 2237 quatum·
1377 2198 1509 2238 legiones,
1533 2207 1602 2238 quae
1626 2197 1692 2239 jam
1717 2203 1784 2228 tum

1104 2245 1191 2270 erant
1219 2239 1250 2269 in
1281 2239 1443 2281 Hispania,
1467 2241 1683 2279 descripsissem.
1729 2240 1784 2270 Eos

1104 2287 1206 2313 autem
1229 2281 1366 2322 intellige
1389 2282 1468 2313 solos
1492 2282 1659 2313 Romanos.
1703 2283 1784 2314 Socii

1103 2325 1184 2355 enim
1211 2324 1242 2355 in
1271 2325 1406 2366 legiones
1433 2335 1494 2355 non
1522 2324 1784 2356 describebantur.

1105 2368 1249 2398 Ceterum
1264 2367 1343 2398 circa
1366 2367 1444 2398 hanc
1465 2366 1710 2398 emendationem
1727 2369 1785 2399 ali-

1104 2420 1166 2451 qua
1181 2410 1348 2441 etiamnum
1364 2409 1528 2440 difficultas
1542 2416 1688 2441 remanet.
1714 2411 1784 2453 Ap-

1105 2458 1191 2494 paret
1206 2452 1288 2483 enim
1303 2463 1340 2484 ex
1355 2462 1383 2483 c.
1398 2452 1450 2483 30.
1467 2462 1569 2494 supra,
1587 2459 1617 2482 et
1632 2464 1669 2484 ex
1685 2463 1714 2484 c.
1729 2455 1784 2486 36.

1106 2495 1126 2525 1.
1143 2495 1337 2526 XXXVIII.
1352 2494 1412 2525 imo
1428 2499 1509 2525 etex
1525 2495 1608 2526 omni
1632 2501 1710 2526 retro
1725 2496 1783 2527 hu-

1099 2536 1151 2577 jus
1179 2538 1310 2568 decados
1337 2536 1471 2571 historia,
1500 2537 1579 2568 duas
1607 2543 1726 2569 tantum
1752 2539 1784 2571 in

1105 2580 1257 2622 Hispania
1281 2579 1414 2621 legiones
1435 2579 1536 2615 fuisse,
1560 2590 1622 2612 non
1644 2586 1786 2622 quatuor.

1104 2623 1164 2653 Sed
1188 2622 1330 2653 nimirum
1352 2621 1400 2652 hic
1424 2633 1471 2653 res
1493 2629 1639 2659 mutatur,
1659 2630 1691 2655 et
1713 2624 1787 2655 duae

1104 2665 1240 2705 legiones
1261 2664 1388 2705 singulis
1410 2665 1441 2695 in
1469 2665 1622 2708 Hispania
1649 2667 1784 2708 praetori-

1104 2708 1161 2737 bns
1183 2707 1405 2739 decernuntur:
1429 2708 1521 2750 idque
1543 2713 1573 2740 et
1599 2709 1630 2739 in
1652 2720 1785 2751 sequen-

1105 2749 1185 2779 tibus
1212 2750 1300 2780 annis
1328 2755 1480 2782 servatum
1506 2761 1572 2783 esse
1600 2757 1719 2783 constat
1746 2762 1787 2784 ex

1104 2802 1192 2834 capp.
1207 2794 1261 2825 32.
1275 2794 1326 2825 36.
1343 2795 1394 2824 40.
1407 2800 1437 2825 et
1452 2795 1503 2825 49.
1519 2794 1540 2825 l.
1555 2794 1625 2826 XL.
