1947 3222
513 79 635 117 LIB.
665 77 855 115 XXXVI.
894 78 960 115 CA
974 78 1013 115 Ρ.
1044 77 1172 115 XXV.
1464 82 1540 124 259

129 188 228 229 Jam
258 188 550 239 dilucescebat,
571 202 705 244 quum
736 186 901 242 signum
930 185 1074 227 consul
1103 185 1243 227 dedit:
1276 195 1317 229 et
1346 187 1430 229 sine
1452 187 1537 230 ullo

127 246 351 287 certamine
370 245 561 302 ⁹¹partim
577 259 652 300 per
668 244 880 293 semiruta,
897 243 1049 299 partim
1067 242 1186 283 scalis
1197 243 1381 299 integros
1393 260 1534 287 muros

130 303 428 344 transcendere.
463 301 595 343 Simul
608 300 909 351 dmm-,index
924 299 1034 357 capti
1044 298 1206 355 oppidi,
1220 307 1280 340 est
1294 302 1533 353 exauditus,

128 359 317 415 undique
340 357 487 408 AEtoh‘,
510 357 682 399 desertis
703 357 965 406 stationibus,
987 356 1029 397 in
1049 371 1184 397 arcem
1205 355 1387 412 fugiunt.
1449 360 1534 414 Op-

128 415 276 470 pidum
297 416 471 457 victores
491 414 693 471 permissu
715 414 895 455 consulis
915 413 1145 469 diripiunt3
1178 428 1260 454 non
1276 421 1361 454 tam
1383 414 1435 455 ab
1456 415 1531 466 ira,

128 486 202 513 nec
222 473 274 513 ab
294 472 402 521 odio,
420 487 546 527 quam
564 480 613 512 ut
632 471 765 520 miles,
783 471 985 513 coercitus
1000 470 1082 511 ⁹⁶⁶'in
1103 478 1166 512 tot
1186 470 1363 526 receptis
1378 485 1428 511 ex
1442 480 1535 526 pot-

127 536 283 570 estatem
303 528 486 569 hostium
508 528 698 578 urbibus,
720 528 862 584 aliquo
882 528 1051 569 tandem
1070 527 1161 569 loco
1190 527 1377 568 fructum
1405 526 1535 569 victo-

127 585 199 626 riae
219 586 400 626 sentiret.
443 586 676 626 Revocatos
696 585 793 626 inde
814 600 838 626 a
852 585 989 626 medio
1004 585 1134 626 ferme
1149 584 1216 625 die
1232 583 1383 625 milites
1399 599 1533 640 quum

126 641 168 681 in
189 641 293 682 duas
313 641 518 684 divisisset
539 650 693 698 partes,
710 657 837 683 unam
853 641 1063 683 radicibus
1079 640 1284 683 montium
1299 640 1535 683 circumdu-

125 697 161 738 ci
181 698 236 739 ad
255 713 403 755 rupem
418 698 560 755 jussit,
582 714 693 755 quae,
714 699 885 754 fastigio
904 698 1139 740 altitudinis
1158 713 1249 755 par,
1271 697 1407 739 media
1426 697 1534 740 valle

125 754 240 796 velut
261 756 444 812 abrupta
469 756 523 797 ab
544 771 636 797 arce
657 764 771 803 erat3
805 755 878 797 sed
898 755 1002 797 adeo
1021 770 1153 811 prope
1178 755 1389 811 geminata
1414 770 1535 797 cacu-

124 810 237 852 mina
256 827 399 854 eorum
419 813 624 854 montium
647 820 758 863 sunt,
775 820 824 853 ut
844 829 895 854 ex
916 812 1070 854 vertice
1083 812 1213 854 altero
1234 811 1379 868 conjici
1396 812 1478 854 tela
1490 812 1535 854 in

124 883 259 909 arcem
279 870 438 925 possint
457 887 466 911 2
499 884 594 911 cum
614 869 787 911 dimidia
806 877 925 926 parte
951 868 1156 910 militumn
1175 869 1334 918 consul,
1355 869 1409 910 ab
1428 869 1535 911 urbe

123 931 388 967 escensurus⁰
406 927 449 968 in
470 941 620 977 arcem,
642 926 807 982 signum
827 926 880 967 ab
900 925 965 976 iis,
987 925 1061 981 qui
1081 925 1135 966 ab
1165 933 1283 981 tergo
1312 925 1356 967 in
1385 940 1534 982 rupem

123 983 287 1023 evasuri
317 992 448 1034 erant,
479 983 758 1040 exspectabat.
819 983 915 1024 Non
944 982 1093 1032 tulere,
1114 982 1189 1038 qui
1218 982 1262 1023 in
1288 997 1380 1023 arce
1400 991 1532 1034 erant,

126 1037 263 1080 AEtoli
301 1040 484 1095 primum
532 1055 691 1090 eorum,
731 1039 807 1095 qui
854 1054 1002 1095 rupem
1046 1046 1256 1095 ceperant,
1296 1038 1531 1090 clamorem,

124 1095 275 1137 deinde
303 1098 494 1153 inpetum
527 1097 581 1138 ab
613 1097 714 1138 urbe
750 1097 1052 1146 Romanorum,
1084 1103 1125 1137 et
1156 1095 1299 1137 fractis
1328 1096 1417 1152 jam
1447 1096 1534 1137 ani-

123 1152 215 1202 mis,
255 1161 297 1194 et
345 1154 462 1195 nulla
507 1154 568 1196 ibi
616 1161 852 1210 praeparata
899 1167 944 1193 re
982 1152 1036 1193 ad
1075 1152 1332 1194 obsidionem
1371 1152 1533 1195 diutius

122 1209 402 1252 tolerandam:
448 1218 598 1268 utpote
628 1210 890 1266 congregatis
918 1209 1097 1260 feminis,
1129 1209 1369 1266 puerisque,
1401 1218 1444 1252 et
1471 1209 1532 1251 in-

121 1265 220 1307 belli
240 1267 321 1308 alia
337 1267 463 1309 turba
481 1269 525 1309 in
544 1283 695 1318 arcem,
712 1282 808 1323 quae
827 1267 899 1308 vix
921 1282 1081 1323 capere,
1103 1266 1259 1308 nedum
1280 1267 1403 1317 tueri,
1425 1267 1532 1308 mul-

121 1321 346 1365 titudinem
367 1332 525 1366 tantam
546 1332 696 1381 posset.
727 1325 885 1379 itaque,
907 1324 961 1365 ad
981 1324 1165 1379 primum
1185 1323 1375 1378 inpetum
1396 1324 1532 1380 abjec-

121 1379 176 1420 tis
196 1381 335 1431 armis,
357 1381 609 1423 dediderunt
639 1397 737 1423 sese·
799 1380 1004 1422 Traditus
1023 1380 1132 1423 inter
1159 1388 1319 1422 ceteros
1337 1381 1531 1437 princeps

122 1435 365 1479 AEtolorum
400 1439 670 1480 Damocritus
704 1446 789 1480 est:
833 1438 908 1494 qui
943 1437 1148 1493 principio
1182 1437 1280 1478 belli
1315 1438 1531 1479 decretum

124 1492 383 1544 AEtolorum,
424 1511 510 1551 quo
548 1495 837 1536 arcessendum
877 1493 1137 1536 Antiochum
1178 1502 1437 1545 censuerant,
1473 1495 1529 1536 Τ.

123 1549 320 1600 Quinctio
353 1552 539 1608 poscenti
578 1551 872 1608 responderat:
921 1552 971 1591 In
1006 1551 1138 1591 Italia
1177 1551 1379 1602 daturum,
1416 1565 1533 1605 quum

122 1613 256 1648 castra
275 1608 334 1648 ibi
353 1609 490 1650 AEtoli
515 1610 749 1662 posuissent.
780 1608 835 1650 ob
858 1623 949 1649 eam
977 1607 1174 1649 ferociam
1202 1608 1339 1664 majus
1367 1608 1534 1650 victori-

122 1664 202 1705 bus
222 1665 424 1720 gaudium
446 1666 626 1708 traditus
645 1665 740 1707 fuit.

179 1721 329 1762 XXV.
352 1722 514 1764 Eodem
541 1732 742 1779 tempore,
765 1737 851 1778 quo
876 1721 1056 1763 Romani
1086 1720 1347 1772 Heracleam,
1370 1721 1533 1779 Philip-

120 1791 201 1833 pus
223 1777 413 1820 Lamiam
433 1795 485 1821 ex
516 1780 746 1836 composito
775 1779 1063 1835 obpugnabat,
1085 1777 1193 1819 circa
1224 1778 1532 1835 Thermopylas

121 1849 215 1875 cum
246 1836 428 1887 consule,
449 1836 650 1878 redeunte
680 1851 732 1877 ex
763 1837 941 1886 Boeotia,
967 1844 1016 1877 ut
1045 1834 1263 1877 victoriam
1287 1835 1368 1892 ipsi
1397 1850 1531 1892 popu-

120 1890 246 1947 loque
277 1893 468 1934 Romano
495 1893 795 1950 gratularetur,
817 1900 1132 1948 excusaretque,
1154 1892 1270 1948 quod
1299 1892 1446 1933 morbo
1468 1892 1531 1933 in-

119 1948 288 2003 peditus
318 1949 426 1991 bello
455 1965 537 1991 non
572 1949 843 1999 interfuisset,
873 1964 1128 2005 congressus.
1164 1948 1262 1990 inde
1293 1948 1446 1990 diversi
1475 1949 1530 1990 ad

121 2003 226 2045 duas
257 2005 381 2047 simul
405 2006 709 2063 obpugnandas
731 2006 856 2048 urbes
879 2006 1069 2063 profecti.
1131 2005 1347 2047 Intersunt
1369 2013 1529 2061 septem

120 2060 249 2103 millia
267 2062 397 2104 ferme
417 2078 629 2119 passuum.
659 2063 742 2105 9³et
769 2063 871 2119 quia
898 2062 1049 2104 Lamia
1076 2076 1210 2118 quum
1239 2062 1376 2118 posita
1395 2070 1457 2104 est
1486 2061 1528 2103 in

164 2177 190 2195 ¹¹²
204 2186 237 2205 ex
247 2181 384 2215 potestate
399 2175 463 2208 del.
479 2177 573 2210 Crev.
596 2192 603 2196 -
642 2180 658 2198 ¹¹
671 2177 799 2208 militum
811 2183 896 2217 parte
911 2176 1008 2208 Gron.
1024 2176 1116 2208 Crev.
1174 2179 1188 2195 ⁰
1203 2186 1374 2207 ascensurus
1388 2176 1488 2208 Gron.

162 2274 201 2305 91
234 2275 350 2306 Partim
380 2287 432 2316 per
456 2277 612 2318 semiruta]
658 2275 803 2317 Plerique
845 2281 984 2307 mentum
1005 2275 1176 2317 inelegans,
1191 2275 1274 2316 quod
1296 2280 1445 2318 respuunt
1467 2275 1530 2307 duo

120 2315 190 2347 libri
211 2317 356 2349 omittunt
374 2319 434 2350 tria
447 2319 513 2350 haec
535 2320 640 2352 verba.
682 2319 801 2360 Adjec-
845 2319 941 2350 MSS.
964 2318 1105 2355 Hearnii,
1120 2324 1152 2350 et
1166 2319 1254 2351 Vict.
1275 2318 1385 2356 codex,
1406 2324 1438 2350 et
1460 2319 1530 2350 An-

121 2362 153 2388 ta
167 2366 238 2391 sunt
258 2360 314 2392 illa
333 2371 352 2392 a
369 2362 514 2394 Gelenio.
557 2362 687 2394 Modius
709 2367 802 2394 testa·
845 2361 946 2393 dreas.

120 2405 170 2431 tur
183 2401 215 2432 in
228 2402 306 2434 libro
328 2414 383 2435 suo
407 2404 469 2446 legi
489 2407 599 2445 partim
620 2417 671 2444 per
692 2411 798 2441 erutos,
886 2405 928 2436 93
960 2403 1000 2434 Et
1026 2405 1096 2444 quia
1126 2402 1247 2445 Lamia]
1287 2403 1452 2440 Intersunt,
1479 2402 1527 2434 in-

122 2443 204 2483 quod
231 2450 263 2476 et
288 2446 406 2487 aliquot
434 2447 584 2479 editiones
616 2457 802 2490 expressere.
843 2446 911 2488 quit
944 2446 1062 2483 Livius,
1092 2446 1234 2477 Lamiam
1258 2445 1338 2477 inter
1365 2452 1398 2478 et
1424 2447 1526 2478 Hera·

122 2484 202 2516 Inde
222 2488 395 2520 Gronovius
416 2491 510 2522 efficit
529 2493 639 2530 partim
659 2497 802 2530 prorutus.
843 2490 944 2521 cleam
968 2495 1072 2529 septem
1094 2490 1189 2522 millia
1214 2499 1370 2528 passuum:
1403 2495 1431 2520 et
1457 2491 1527 2530 quia

124 2527 227 2560 Locus
247 2529 340 2571 igitur
361 2537 442 2564 totus
461 2533 504 2564 sic
518 2544 549 2565 se
561 2534 708 2565 habebit:
729 2545 801 2573 par·
844 2532 952 2563 Lamia
975 2543 1066 2573 quum
1088 2533 1181 2572 posita
1200 2533 1233 2562 in
1259 2533 1372 2562 tumulo
1390 2537 1440 2568 est,
1463 2538 1528 2562 tum

121 2571 175 2600 tim
215 2579 358 2611 prmutos,
398 2577 507 2615 partim
549 2577 635 2608 scalis
676 2579 804 2618 integros
844 2577 989 2617 regionem
1010 2586 1073 2605 eam
1099 2576 1231 2610 maxime,
1259 2574 1321 2615 (sic
1344 2573 1427 2605 enim
1447 2574 1526 2605 mal-

120 2623 217 2661 muros
261 2619 483 2649 transscendere.
546 2619 703 2650 Nimirum
745 2620 800 2650 ubi
842 2617 958 2659 lemus)
981 2628 1050 2659 quae
1073 2617 1114 2649 ad
1138 2617 1323 2649 Heracleam
1346 2616 1453 2656 vergit,
1476 2617 1526 2647 de-

123 2664 202 2703 mur}
223 2658 338 2699 promti
361 2665 459 2698 erant,
477 2661 520 2692 ibi
546 2661 623 2693 nihil
645 2673 722 2705 opus
743 2662 802 2694 fuit
840 2667 961 2701 spectat,
982 2661 1086 2700 oppido
1108 2671 1206 2701 quam,
1221 2659 1255 2690 id
1277 2663 1334 2694 est,
1349 2659 1442 2690 valde
1464 2660 1527 2689 bre-

119 2698 222 2729 scalis.
845 2715 878 2735 ve
912 2704 1101 2735 intervallum
1139 2704 1265 2738 videtur,
1302 2708 1329 2732 et
1365 2703 1461 2731 omnia
1495 2702 1529 2731 in

164 2741 206 2771 92
238 2741 277 2788 ln
303 2749 344 2773 tot
371 2747 490 2784 receptis
518 2747 639 2778 hostium
666 2748 801 2789 urbibus]
844 2753 997 2787 conspectu
1017 2752 1096 2777 sunt.
1141 2744 1345 2776 Intervallum
1358 2743 1437 2774 inter
1451 2742 1529 2774 duas

121 2783 252 2824 Vulgati
274 2785 442 2818 auctiores:
474 2791 593 2829 receptis
615 2801 647 2820 er
666 2796 803 2830 potestate
845 2790 937 2821 urbes
956 2794 988 2821 et
1008 2799 1062 2831 per
1076 2798 1108 2819 se
1122 2788 1214 2819 breve
1235 2791 1293 2823 est,
1308 2785 1423 2828 qnippe
1445 2785 1529 2828 q¹¹0d

119 2826 242 2857 hostium
266 2829 395 2860 urbibus.
450 2829 653 2864 Resecuimus
680 2832 801 2865 addita·
845 2831 884 2863 sit
908 2837 1027 2873 septem
1056 2829 1270 2862 tantummodo
1294 2827 1438 2867 millium,
1463 2828 1528 2861 sive

916 2876 985 2914 32

1550 203 1589 233 U.
1603 201 1640 234 C.
1651 203 1727 234 561.

1551 245 1591 276 A.
1602 245 1638 277 C.
1656 247 1727 278 191.

1547 289 1588 320 Et
1601 288 1694 332 capit.

1541 2070 1682 2102 Lamiam

1540 2113 1704 2156 Philippus

1540 2157 1710 2200 obpugnat.
