1947 3222
545 88 667 125 LIB.
697 86 783 123 XL.
823 88 949 125 CAP.
981 89 1052 126 XI.
1442 90 1515 130 463

100 211 264 253 ¹numque
287 196 539 238 Macedoniae
557 209 628 236 sua
646 195 794 247 fiitura
814 195 950 236 sciunt.
1013 196 1057 236 Si
1075 197 1168 251 quid
1188 205 1301 240 extra
1325 199 1517 242 Macedo-
1533 205 1572 236 U.
1583 204 1621 236 C·
1636 203 1708 234 570.

100 255 209 295 niam
232 255 299 295 tibi
322 254 494 296 Romani
513 252 777 307 reliquissent,
801 252 900 292 mihi
929 266 1080 307 quoque
1106 254 1149 293 id
1178 255 1357 297 relictum
1383 258 1517 298 crede·
1530 247 1622 280 A.C.
1637 246 1710 277 182.

101 325 183 352 rem
203 312 500 364 receptaculum.
560 311 614 350 At
634 309 673 350 in
696 309 990 350 Macedonibus
1008 310 1109 350 satis
1127 313 1299 362 praesidii
1319 320 1388 354 est.
1456 315 1520 355 Vi-

103 368 200 408 disti
221 369 396 409 hesterno
417 368 480 408 die
501 366 673 419 inpetum
694 367 735 407 in
757 382 817 407 me
837 367 1016 407 militum.
1061 368 1168 414 Quid
1187 368 1266 408 iltis
1287 369 1427 422 dejicit,
1445 371 1523 411 nisi.

91 423 282 476 jerrum?
315 425 434 472 Quod
451 424 531 464 illis
552 422 677 476 deficit
706 425 887 473 interdiu,
912 424 1085 465 convivae
1102 423 1252 476 fratris
1272 433 1383 467 noctu
1413 442 1519 468 sum-

105 482 268 523 serunt&
330 481 436 530 Quid
465 482 514 521 de
542 494 694 535 magna
718 488 835 533 parte
862 481 1078 534 principum
1109 482 1256 535 loquar,
1278 483 1343 537 qui
1372 483 1413 523 ‘in
1437 485 1520 525 Ro-

103 540 233 580 manis
260 553 368 591 spem
397 553 548 578 omnem
575 538 786 593 dignitatis
817 545 855 578 et
873 537 1054 590 fortunre
1079 547 1301 594 posuerunt,
1325 547 1363 580 et
1393 540 1433 581 in
1462 556 1520 589 ea,

103 597 168 651 qui
198 596 331 636 omnia
361 597 470 648 apud
501 595 708 636 Romanos
725 594 884 647 potest?
912 610 1047 650 neque,
1073 596 1261 646 Hercule,
1287 597 1404 638 istum
1425 598 1524 638 mihi

107 659 259 694 tantum
268 651 400 705 fratri
421 650 578 707 majori,
597 653 667 693 sed
695 667 818 705 prope
838 658 910 703 est,
932 660 974 693 ut
1002 653 1070 693 tibi
1092 668 1240 707 quoque
1260 655 1345 708 ipsi,
1368 656 1454 709 regi
1486 662 1525 695 et

101 711 225 763 patri,
245 708 475 763 prceferant.
538 710 618 749 Iste
639 711 738 750 enim
761 716 829 758 est,
853 708 963 764 cujus
993 710 1173 761 beneficio
1200 725 1355 763 poenam
1377 712 1443 752 tibi
1463 727 1522 752 se·-

104 773 221 808 natus
241 767 400 816 remisit,
422 768 485 821 qui
504 781 604 808 nunc
626 773 663 808 te
683 768 733 807 ab
754 767 877 807 armis
900 768 1094 808 Romanis
1109 769 1300 823 protegit,
1321 770 1387 824 qui
1417 776 1525 811 tuam

104 830 339 865 senectutem
357 824 575 878 obligatam
598 831 633 864 et
649 825 859 865 obnoxiam
883 825 1154 865 adolescentiae
1173 840 1253 866 suoe
1269 840 1350 867 esse
1370 841 1526 881 (equum

107 887 244 921 censet.
307 883 390 922 Pro
410 882 484 921 isto
509 881 682 922 Romani
708 889 825 931 stant,
844 896 919 936 pro
949 883 1020 922 isto
1051 897 1185 923 omnes
1215 885 1325 924 urbes
1356 890 1422 924 tuo
1451 884 1525 924 im-

104 938 214 991 perio
236 939 422 986 liberatse,
444 953 516 991 pro
536 939 612 978 isto
636 938 896 988 Macedones,
920 940 986 993 qui
1004 954 1101 992 pace
1124 941 1312 981 Romana
1330 942 1525 995 gaudent.

107 996 201 1036 mihi
220 1003 357 1047 prccter
375 1003 423 1045 te,
444 1002 570 1048 pater,
594 996 688 1049 quid
708 1010 874 1050 usquam
896 1003 963 1036 aut
984 997 1082 1048 spei,
1105 1004 1174 1037 aut
1193 999 1364 1050 praesidii
1385 997 1469 1038 est?

165 1053 253 1094 XI.
279 1052 369 1101 Quo
390 1060 568 1105 spectare
589 1053 683 1093 illas
703 1053 836 1093 literas
856 1055 910 1093 ad
932 1060 967 1093 te
988 1068 1089 1093 nunc
1110 1055 1251 1094 missas
1278 1056 1323 1095 T.
1350 1054 1527 1103 Quinctii

108 1110 245 1159 credis,
267 1111 417 1164 quibus,
439 1117 476 1150 et
507 1110 600 1149 bene
630 1117 666 1150 te
693 1110 924 1151 consuluisse
953 1111 1068 1150 rebus
1098 1111 1187 1161 tuis,
1211 1112 1282 1161 ait,
1304 1114 1408 1166 quod
1441 1113 1526 1153 De-

108 1168 296 1207 ‘metriuni>
320 1167 492 1208 Romam
522 1167 682 1215 miseris,
705 1173 742 1206 et
775 1167 966 1217 hortatur,
988 1173 1028 1207 ut
1048 1168 1199 1216 iterum,
1223 1176 1258 1209 ct
1289 1183 1372 1209 cum
1400 1169 1527 1222 pluri-

108 1226 180 1264 bus
220 1224 362 1278 legatis
400 1231 438 1264 et
476 1224 732 1276 primoribusk
767 1225 1051 1276 Illacedonuin,
1092 1227 1273 1266 remittas
1312 1226 1426 1266 ειιπιῖὅ
1478 1228 1525 1268 Τ.

113 1280 319 1329 Quinctius
353 1296 453 1321 nunc
492 1288 550 1321 est
591 1287 728 1321 auctor
766 1281 940 1321 omnium
977 1296 1109 1322 rerum
1149 1284 1217 1322 isti
1251 1290 1287 1323 et
1320 1285 1526 1338 magister.

108 1339 217 1378 Eum
237 1339 323 1389 sibi,
348 1345 384 1378 te
405 1338 592 1379 abdicato
611 1344 737 1390 patre,
760 1339 799 1377 in
822 1338 945 1378 locum
969 1345 1078 1379 tuum
1099 1341 1308 1380 substituit.
1336 1341 1417 1381 illic
1437 1348 1528 1382 ante

106 1396 237 1435 omnia
267 1395 512 1435 clandestina
542 1402 721 1435 concocta
751 1403 837 1435 sunt
866 1396 1040 1437 consilia.
1107 1396 1343 1445 Queruntur
1374 1396 1528 1452 adjuto-

109 1466 172 1492 res
192 1452 377 1500 consiliis,
394 1467 513 1506 quum
536 1458 573 1492 te
599 1452 740 1505 plures,
764 1459 803 1492 et
830 1453 1019 1506 principes
1040 1451 1322 1505 Maceclov‘mm,
1346 1469 1430 1495 cum
1453 1456 1529 1496 isto

111 1509 265 1550 mittere
292 1508 416 1563 jubet.
492 1509 572 1558 Qui
613 1510 700 1551 hinc
732 1508 918 1564 “integri
957 1517 996 1551 et
1035 1512 1173 1552 sinceri
1217 1513 1385 1552 Romam
1426 1519 1528 1562 eunt,

116 1566 343 1619 Philippum¹
374 1581 508 1621 regem
543 1580 586 1606 se
620 1567 761 1607 habere
790 1568 999 1616 credentes,
1031 1568 1173 1608 imbuti
1199 1570 1304 1610 illinc
1329 1576 1365 1610 et
1395 1568 1531 1622 infecti

116 1624 313 1664 Romanis
333 1624 600 1664 delenimentis
618 1626 792 1665 redeunt.
856 1625 1083 1666 Demetrius
1112 1626 1163 1666 iis
1191 1641 1289 1667 unus
1309 1627 1440 1668 omnia
1462 1634 1529 1668 est.

114 1679 305 1735 eumJ'am
325 1695 472 1735 regem,
498 1681 581 1722 civo
607 1688 737 1734 patre,
761 1681 978 1733 adpellant.
1042 1684 1144 1724 Hoec
1173 1684 1206 1724 si
1234 1684 1436 1739 indignor,
1460 1699 1530 1725 au-

114 1738 300 1778 diendum
322 1746 376 1779 est
396 1739 542 1787 statim,
565 1753 642 1779 non
673 1739 722 1778 ab
743 1738 834 1778 aliis
863 1739 1002 1787 solum,
1024 1742 1094 1780 sed
1121 1741 1242 1781 etiam
1271 1755 1295 1780 α
1328 1748 1376 1791 te,
1397 1748 1528 1794 pater,

114 1795 335 1848 cupiditatis
363 1795 479 1850 regni
513 1795 671 1836 crimen.
745 1794 881 1850 ³4Ego
909 1811 1015 1848 vera,
1052 1797 1087 1837 si
1120 1799 1159 1838 in
1194 1799 1322 1838 medio
1354 1799 1529 1851 ponitur,

113 1867 193 1893 non
223 1866 410 1907 agnosco·
440 1867 549 1907 quem
575 1854 676 1893 enim
706 1867 779 1893 suo
802 1854 884 1894 loco
903 1868 1053 1906 moveo,
1074 1861 1118 1895 ut
1138 1855 1223 1908 ipse
1241 1856 1281 1896 in
1302 1854 1385 1909 ejus
1408 1856 1532 1897 locum

113 1909 348 1950 succedam?
384 1911 497 1950 Unus
527 1917 619 1950 ante
638 1924 700 1950 me
728 1917 841 1962 pater
860 1917 939 1951 est.-
971 1919 1022 1960 et,
1046 1919 1089 1952 ut
1111 1913 1177 1953 din
1198 1913 1262 1962 sit,
1288 1913 1399 1954 Deos
1419 1928 1531 1968 rogo.

118 1966 326 2018 Superstes
348 1965 442 2019 (³⁵et
462 1967 520 2007 ita
535 1967 621 2015 sim,
637 1967 672 2006 si
685 1968 869 2018 merebor,
886 1975 927 2007 ut
948 1969 1029 2021 ipse
1049 1984 1112 2009 me
1132 1983 1215 2009 esse
1234 1970 1346 2024 velit)
1370 1971 1533 2011 haeredi-

116 2030 235 2064 tatem
250 2024 376 2078 regni,
394 2023 562 2076 sipater
577 2024 721 2073 tradet,
740 2025 948 2077 accipiam.
986 2026 1099 2079 Cupit.
1116 2041 1295 2081 regnum,
1318 2033 1354 2066 et
1375 2028 1534 2081 quidem

115 2081 303 2121 scelerate
329 2081 448 2132 cupit,
471 2081 540 2134 qui
561 2083 834 2122 transcendere
852 2080 1025 2134 festinat
1055 2082 1228 2124 ordinem
1249 2084 1396 2134 aetatis,
1419 2091 1534 2125 natu-

114 2151 186 2190 rae,
215 2137 331 2178 moris
363 2137 643 2187 Macedonum,
668 2136 778 2192 juris
808 2140 995 2194 gentium.
1058 2141 1201 2181 Obstat
1222 2139 1359 2193 frater
1390 2140 1533 2196 major,

116 2196 173 2236 acl
202 2209 313 2249 quem
332 2193 441 2248 jure,
462 2195 664 2235 voluntate
693 2196 812 2235 etiam
837 2197 980 2248 patriS,
1002 2212 1166 2251 regnum
1194 2198 1374 2251 pertinet.
1442 2199 1535 2239 Tol-

119 2251 240 2293 latur:
272 2266 350 2292 non
368 2252 517 2304 primus
536 2267 703 2306 regnum
712 2251 903 2304 fraterna
924 2256 1030 2294 ccede
1048 2254 1208 2307 petiero.
1259 2257 1384 2297 Pater
1403 2270 1534 2305 senex,

120 2316 159 2349 et
166 2309 258 2360 filio
278 2308 385 2349 solus
413 2310 585 2357 orbatus,
608 2311 657 2349 de
685 2324 726 2350 se
754 2310 887 2365 magis
916 2312 1075 2363 timebit,
1097 2326 1217 2366 quam
1237 2319 1279 2352 ut
1295 2312 1379 2362 filii
1409 2326 1535 2352 necem

120 2365 344 2408 ulciscatur.
405 2366 582 2406 Romani
613 2365 865 2417 laetabuntur,
885 2369 1121 2422 probabunt,
1143 2368 1350 2421 defendent
1361 2367 1535 2420 factum.

124 2422 207 2463 Hoe
235 2437 322 2476 spes
349 2422 520 2473 incertae,
541 2429 670 2476 pater,
692 2424 761 2464 sed
789 2438 867 2465 non
896 2425 1032 2466 inanes
1060 2433 1158 2466 sunt.
1190 2427 1248 2466 ita
1276 2426 1379 2467 enim
1407 2440 1448 2467 se
1476 2439 1538 2466 res

333 2500 344 2525 i
359 2511 555 2536 assumserunt
572 2505 668 2536 Gron.
684 2505 776 2536 Crev.
949 2506 967 2530 k
983 2507 1055 2539 add.
1071 2519 1179 2549 quoque
1194 2505 1281 2540 Eaed.

167 2576 363 2618 33‘lntegvt
383 2584 410 2608 et
430 2578 551 2619 sinceri]
587 2578 670 2608 Pura
693 2583 808 2615 mente,
853 2588 922 2609 eam
951 2579 983 2609 in
1012 2589 1060 2610 me
1088 2579 1198 2611 cadere
1221 2591 1317 2622 nego:
1346 2579 1423 2609 nihil
1446 2578 1477 2608 in
1501 2588 1538 2608 ea

127 2624 221 2661 atque
244 2620 283 2650 ab
306 2619 388 2649 omni
410 2629 526 2652 veneno
549 2631 711 2663 pravorum
736 2631 809 2652 con·
853 2621 935 2664 quod
952 2622 991 2652 ad
1006 2632 1054 2653 me
1068 2623 1221 2664 pertineat
1235 2633 1377 2664 agnosco.

126 2663 263 2694 siliorum
278 2661 405 2692 intacta.
896 2665 1016 2695 35*E1
1042 2667 1082 2695 ita
1107 2667 1176 2706 sim]
1209 2667 1249 2695 Et
1273 2666 1318 2695 ita
1341 2665 1476 2697 demum,
1500 2673 1538 2693 ea

170 2706 212 2736 34
236 2705 299 2746 Ego
333 2715 409 2739 vero,
438 2706 462 2734 si
488 2707 521 2735 in
548 2708 639 2736 medio
672 2707 808 2747 ponitur]
855 2707 921 2738 sola
942 2707 1117 2738 conditione
1140 2719 1176 2738 ac
1199 2708 1266 2747 lege
1289 2713 1360 2748 opto
1377 2711 1411 2737 ut
1433 2716 1537 2747 supet-

130 2748 197 2788 Ego
220 2757 303 2782 vero,
326 2745 352 2776 si
375 2746 431 2776 illa
453 2748 608 2779 accusatio
633 2749 812 2791 cupiditatis
855 2755 917 2780 stes
939 2750 1018 2791 patri
1041 2751 1109 2784 sim,
1125 2750 1149 2779 si
1173 2750 1322 2784 merebor,
1345 2754 1379 2779 ut
1401 2748 1465 2788 ipse
1489 2758 1538 2778 nie

130 2790 214 2830 regni
243 2788 414 2820 eommunis
443 2789 592 2821 ambobus
618 2791 811 2832 relinquitur,
856 2792 1050 2833 superstitem
1067 2792 1123 2821 sibi
1138 2802 1203 2822 esse
1220 2791 1304 2823 veiit-

130 2832 188 2862 nisi
218 2832 271 2863 illa
299 2830 331 2862 in
358 2841 406 2864 me
435 2831 613 2863 nominatim
648 2834 812 2870 confertur,
