1947 3222
511 115 634 151 LIB.
665 113 820 150 XXXI.
860 113 939 149 CA
955 113 996 149 P.
1027 114 1100 149 XI.
1466 118 1508 151 11

86 225 131 264 in
163 224 290 264 armis
325 225 423 278 esse)
455 224 701 263 trucidanda
732 221 902 275 objicere
932 222 1043 270 velit,
1075 227 1112 261 et
1143 227 1262 261 tanta
1293 236 1365 263 sua
1399 223 1513 262 clade
1527 233 1568 264 U.
1582 232 1705 265 0552.

70 280 164 336 jam
186 281 350 338 inflatos
369 281 526 321 excidio
547 281 714 321 colonia?
733 280 934 320 Romanae
954 293 1102 333 augere
1122 279 1293 319 hostium
1315 280 1483 320 animos.
1527 277 1567 307 Α·
1583 278 1618 307 C·
1632 277 1705 308 200.

140 338 227 378 XI.
260 338 342 379 His
362 337 493 379 literis
522 337 707 379 recitatis
737 337 1028 386 decreverunt,
1052 344 1100 377 ut
1124 337 1171 376 C.
1195 335 1398 376 Aurelius
1419 352 1514 378 con-

87 394 151 434 sul
188 395 432 444 exercitum,
469 395 536 435 cui
572 395 653 435 ⁴¹7in
687 394 905 436 Etruriam
946 393 1000 434 ad
1036 392 1368 434 conveniendum
1404 393 1513 434 diem

87 450 288 504 edixerat,
311 451 494 493 Arimini
525 453 667 493 eadem
697 451 765 492 die
793 451 935 492 adesse
957 450 1143 507 juberet,
1175 457 1217 490 et
1242 457 1316 490 aut
1346 449 1448 505 ipse,
1481 452 1513 491 si

85 521 160 563 per
188 508 454 550 commodum
483 509 728 565 reipublicae
759 516 914 564 posset,
943 507 997 549 ad
1025 506 1351 563 obprimendum
1372 505 1514 547 ’13Εᾶ1-

85 565 211 605 licum
242 565 474 607 tumultum
503 567 864 623 proficisce1·etur;
899 572 974 606 aut
997 565 1048 605 L.
1073 563 1205 605 Furio
1225 563 1396 619 praetori
1419 563 1515 603 scri-

84 621 214 672 beret,
237 630 300 672 ut,
324 638 457 678 quum
480 624 534 664 ad
564 639 661 664 eum
692 623 873 679 legiones
904 637 955 663 ex
977 622 1159 673 Etruria
1172 620 1395 671 venissent,
1418 620 1512 673 mis-

84 678 137 718 sis
158 677 200 718 in
222 678 353 720 vicem
382 696 525 721 earum
557 681 747 736 quinque
777 679 963 720 millibus
994 678 1215 729 sociorum,
1237 677 1313 733 qui
1342 677 1510 718 interim

83 735 269 776 Etruriae
302 737 498 793 praesidio
539 746 689 787 essent,
726 736 1061 793 proficisceretur
1095 735 1183 791 ipse
1218 735 1272 775 ad
1307 734 1509 775 coloniam

82 791 339 834 liberandam
360 795 587 836 obsidione.
650 795 835 849 Legatos
865 794 965 834 item
987 792 1215 834 mittendos
1244 792 1288 832 in
1319 791 1510 832 Africam
1524 798 1725 846 Legatilx'w

80 859 346 901 censuerunt,
369 852 534 892 eosdem
568 848 888 906 Karthaginem,
910 849 1075 890 eosdem
1106 850 1150 890 in
1180 848 1426 889 Numidiam
1457 849 1511 889 ad
1522 841 1679 913 ssaginem

81 906 359 948 Masinissam.
441 908 761 963 Karthaginem,
803 915 852 947 ut
902 906 1164 956 nunciarent,
1205 907 1327 945 civem
1379 920 1510 946 eorum
1556 894 1616 915 ιδεμ

79 963 363 1006 Hamilcarem
383 967 564 1006 relictam
586 967 630 1005 in
655 964 818 1013 Gallia,
837 963 987 1003 ‘¹⁹72aud
1005 964 1106 1003 satis
1125 963 1229 1002 scire
1243 978 1293 1003 ew
1312 963 1510 1003 Hasdru-

78 1020 183 1061 balis
197 1023 331 1074 prius,
353 1037 408 1063 an
431 1037 480 1062 ex
500 1023 700 1076 Magonis
721 1027 870 1075 postea
892 1021 1084 1070 exercitu,
1108 1020 1250 1060 hallam
1271 1027 1412 1060 contra
1418 1020 1510 1074 foe-

78 1078 151 1118 dus
173 1079 333 1132 facere.
394 1081 613 1120 Exercitus
651 1079 868 1120 Gallorum
909 1079 1189 1132 Ligurumque
1228 1078 1420 1118 excivisse
1455 1079 1513 1118 ad

76 1149 192 1174 arma
223 1142 363 1176 contra
386 1138 582 1190 populum
614 1138 856 1177 Romanum.
889 1150 986 1184 eum,
1010 1137 1047 1175 si
1068 1150 1160 1187 par
1171 1136 1370 1187 placeret,
1397 1149 1509 1176 revo-

74 1193 242 1233 candam
266 1194 363 1243 illis,
379 1201 417 1235 et
438 1196 658 1236 dedendum
673 1195 827 1248 populo
847 1195 1035 1236 Romano
1051 1207 1151 1234 esse:
1173 1192 1299 1234 simul
1311 1192 1509 1233 nunciare

68 1249 189 1304 jussi,
205 1251 406 1307 perfugas
427 1252 507 1293 sihi
527 1267 605 1292 non
629 1266 760 1292 omnes
780 1252 961 1292 redditos
981 1265 1083 1290 esse.-
1115 1254 1182 1290 ace
1202 1264 1389 1304 magnam
1404 1264 1509 1302 par-

73 1313 150 1346 tem
171 1322 303 1349 eorum
316 1311 463 1363 palam
478 1310 738 1364 Karthagini
752 1309 960 1350 obversari
979 1309 1083 1348 dici.-
1116 1321 1212 1362 quos
1227 1308 1511 1360 comprehendi

74 1366 337 1419 conquirique
364 1367 518 1417 debere,
540 1374 585 1409 ut
613 1368 692 1409 sibi
713 1367 942 1421 exffedere
971 1367 1253 1406 restituantur.
1314 1366 1423 1405 Haec
1453 1365 1508 1406 ad

77 1421 448 1479 Karthaginienses
478 1425 687 1467 mandata.
750 1424 986 1465 Masinissae
1016 1422 1222 1478 gratulari
1247 1422 1371 1479 jussi,
1402 1423 1510 1476 quod
1521 1428 1679 1476 Iidem-ad

72 1493 154 1519 uon
163 1482 350 1533 patrium
366 1484 481 1523 modo
497 1489 770 1536 recuperasset
787 1495 965 1535 regnum,
984 1482 1065 1530 sed,
1082 1481 1507 1535 partefloreutissima
1521 1473 1670 1502 Masnus-

72 1537 271 1590 Syphacis
281 1540 438 1591 finium
473 1539 646 1594 adjecta,
681 1540 803 1580 etiam
839 1539 1029 1578 auxisset.
1071 1536 1268 1577 nunciare
1302 1544 1507 1592 praeterea
1520 1526 1599 1545 sam‘

68 1593 193 1648 jussi,
215 1594 357 1636 bellum
378 1611 462 1638 cum
487 1612 580 1651 rege
600 1598 803 1649 Philippo
832 1601 1066 1647 susceptum,
1089 1594 1198 1647 quod
1224 1594 1506 1648 Karthagini-

74 1664 184 1691 enses
202 1654 374 1694 auxiliis
378 1653 554 1707 juvisset
560 1677 575 1698 ,·
612 1653 864 1707 iigy'uriasque
885 1652 1098 1705 irfferendo
1117 1651 1237 1691 sociis
1247 1652 1400 1703 populi
1418 1652 1506 1692 Ro-

75 1710 200 1761 mani,
222 1708 466 1766 ⁵‘ssagra7zte
487 1712 587 1751 bello
606 1712 738 1751 Italia
747 1708 768 1760 s,
790 1710 981 1764 coegisset
1001 1709 1145 1749 classes
1167 1709 1440 1762 exercitusque
1462 1710 1506 1749 in

77 1764 282 1808 Graeciam
305 1770 415 1809 mitti
421 1791 436 1816 ;
470 1775 522 1820 et,
546 1770 778 1809 distinendo
798 1769 948 1820 copias,
972 1781 1112 1807 caussa
1144 1767 1335 1818 inprimis
1347 1766 1507 1820 fuisset

71 1824 199 1865 serius
220 1825 264 1865 in
286 1825 474 1882 Africam
504 1826 756 1881 trajiciendi.
816 1824 848 1848 ⁵¹
858 1826 1018 1874 Petere,
1040 1830 1085 1864 ut
1109 1824 1166 1863 ad
1185 1824 1231 1863 id
1250 1823 1390 1868 bellum
1413 1825 1506 1864 mit-

72 1887 175 1922 teret
201 1885 363 1925 auxilia
394 1884 667 1925 Numidarum
698 1884 886 1938 equitum.
947 1882 1072 1922 Dona
1099 1880 1241 1937 ampla
1270 1880 1384 1931 data,
1407 1896 1505 1937 quae

73 1940 230 1981 ferrent
261 1941 366 1997 regi,
402 1957 503 1983 vasa
537 1957 665 1983 aurea
696 1948 995 1997 argenteaque,
1031 1937 1173 1993 ⁵²t0ga
1201 1953 1430 1994 purpurea,
1460 1937 1504 1980 et

74 1997 259 2054 palmata
280 1999 423 2040 tunica
443 2014 540 2040 cum
561 2000 745 2040 eburneo
767 1997 963 2054 scipione,
987 2005 1028 2037 et
1059 2003 1159 2050 toga
1179 2002 1388 2051 praetexta
1408 2010 1504 2036 cum

73 2055 210 2096 curuli
246 2055 368 2097 sella:
410 2057 604 2113 jussique
639 2055 840 2112 polliceri,
870 2053 947 2095 ⁵³⁶2·
977 2054 1078 2107 quid
1105 2053 1144 2092 ei
1179 2053 1505 2105 adfirmandum

414 2133 429 2150 e
443 2141 478 2160 ac
492 2129 555 2161 del.
572 2130 668 2161 Gron.
685 2129 775 2161 Crev.
914 2124 929 2148 f
945 2127 1045 2158 Italic?
1061 2128 1156 2157 Gron-

806 2193 935 2224 bebant.
982 2192 1055 2222 Non
1073 2201 1140 2221 raro
1153 2190 1235 2221 enim
1252 2190 1359 2222 Livius
1373 2190 1405 2221 in
1420 2191 1503 2222 hune

117 2194 156 2224 47
182 2193 221 2224 In
244 2194 417 2235 Etruriam]
447 2193 591 2225 Andreas
613 2194 709 2239 habet
731 2196 763 2224 in
1006 2234 1011 2238 ῃ
1135 2234 1140 2238 ¹
1316 2234 1321 2238 Ι

807 2235 934 2266 modum
949 2240 1049 2265 variat
1065 2239 1247 2265 orationem.
1291 2235 1342 2265 Sic
1358 2234 1379 2264 l.
1395 2235 1502 2266 XXX.

75 2236 219 2267 Etruria.-
241 2238 326 2278 quod
340 2237 440 2279 magis
460 2237 575 2280 placet.
619 2237 764 2278 Sequitur

72 2279 156 2310 enim
171 2281 313 2312 Arimini.

117 2323 350 2355 48*Gauicum
379 2325 558 2365 tumultum]
598 2324 671 2356 Vid.
702 2329 766 2355 not.

73 2367 126 2397 52.
143 2366 183 2396 ad
199 2367 278 2398 VII.
293 2369 325 2398 9.

118 2410 159 2440 49
183 2410 278 2440 Haud
302 2412 371 2441 satis
391 2410 479 2451 scire]
516 2410 580 2447 Qui
601 2415 704 2441 utrum
727 2420 764 2440 ex

74 2452 270 2490 Asdrubalis,
288 2464 328 2484 an
342 2465 380 2484 ex
395 2453 544 2494 Magonis
558 2453 695 2484 exercitu
718 2464 766 2484 re-

74 2497 167 2527 lictus
185 2502 276 2533 esset,
300 2507 379 2533 sese,
395 2506 507 2539 nempe
522 2496 695 2534 Romanos,
711 2507 767 2539 pa-

75 2550 142 2571 rum
157 2550 246 2571 seire.

119 2584 160 2615 50
183 2584 347 2625 Flagrante
374 2584 445 2614 bello
474 2583 582 2625 Italia]
622 2584 766 2615 Revoca-

76 2625 175 2657 vimus
203 2633 275 2658 vett.
298 2627 451 2658 editorum
472 2626 647 2665 lectionem,
669 2637 764 2667 quam

77 2674 181 2700 tuetur
202 2669 319 2701 Victor.
341 2670 411 2701 cod.
455 2670 561 2710 Vulgo
583 2680 666 2701 nunc
688 2669 763 2711 legi-

74 2716 124 2742 tur
139 2713 247 2743 Italiae.

118 2757 156 2786 51
186 2756 301 2792 Petere,
316 2762 351 2786 ut
375 2757 414 2787 ad
430 2758 461 2786 id
485 2756 607 2797 bellum]
639 2755 688 2786 Sic
703 2754 765 2796 legi

71 2797 164 2838 jussit
196 2799 379 2835 Gronovius,
406 2804 442 2830 ut
470 2798 604 2841 pendeat
633 2799 762 2829 verbum

75 2851 94 2871 a
123 2841 320 2883 praecedente
344 2844 436 2881 jussi.
499 2843 626 2873 Poterat
657 2848 763 2873 tamen

77 2884 146 2915 ferri
168 2891 311 2925 peterent,
328 2884 480 2926 quomodo
505 2884 588 2926 prius
613 2885 687 2916 editi
706 2885 761 2916 ha-

809 2289 912 2321 supra,
929 2289 956 2310 c.
972 2279 1025 2308 41.
1051 2278 1188 2309 Praetori
1209 2277 1265 2308 M.
1288 2279 1405 2308 Valerio
1429 2277 1501 2308 Fal-

809 2325 871 2353 toni
896 2324 962 2352 ‹111ae
988 2321 1111 2362 legiones
1125 2342 1133 2350 .
1150 2343 1158 2351 .
1175 2343 1183 2350 .
1206 2323 1337 2351 decretae.
1383 2321 1421 2350 P.
1446 2321 1501 2351 AE-

809 2366 866 2396 lius
885 2371 994 2405 praetor
1015 2366 1090 2394 duas
1110 2365 1233 2404 legiones
1255 2384 1263 2392 .
1286 2385 1294 2394 .
1317 2385 1324 2393 .
1347 2365 1501 2402 acciperet.

810 2409 851 2439 Et
865 2408 886 2438 l.
902 2409 963 2438 IX.
986 2417 1013 2438 C.
1035 2408 1067 2438 2.
1090 2408 1211 2437 Milites
1232 2408 1326 2436 decem
1352 2413 1500 2446 pastorum

811 2452 912 2482 habitu
940 2452 1042 2485 mittit,
1069 2461 1229 2490 pecoraque
1254 2451 1378 2480 diversos
1406 2451 1500 2480 alium

811 2496 882 2525 alibi
906 2516 914 2524 .
937 2517 947 2526 .
970 2516 978 2524 .
999 2504 1115 2532 pascere
1127 2495 1234 2533 jubet:
1264 2493 1316 2522 ubi
1338 2493 1499 2523 inciderent

809 2540 840 2568 in
867 2539 1056 2577 praedatores,
1085 2543 1120 2566 ut
1148 2538 1224 2566 idem
1257 2537 1387 2566 omnibus
1411 2547 1500 2566 sermo

809 2587 925 2612 constet.
971 2581 1013 2610 Et
1028 2579 1103 2610 alibi
1117 2579 1241 2621 saepius.

851 2626 892 2655 52
919 2624 997 2665 Toga
1013 2633 1164 2662 purpurea
1188 2629 1216 2652 et
1230 2622 1363 2661 palmata
1379 2621 1498 2661 tunica]

808 2667 884 2698 Vid.
898 2672 974 2698 nott.
989 2668 1042 2698 26.
1067 2671 1097 2696 et
1110 2666 1162 2696 27.
1179 2664 1220 2695 ad
1239 2664 1259 2694 l.
1274 2665 1314 2694 X.
1332 2665 1358 2694 c'.
1374 2665 1403 2693 7.
1449 2663 1500 2693 De

808 2716 882 2750 toga
906 2714 1059 2752 praetexta
1081 2714 1113 2739 et
1141 2708 1220 2738 sella
1245 2706 1344 2737 curuli
1373 2705 1435 2735 vid.
1459 2705 1500 2736 ad

808 2754 830 2784 l.
846 2754 873 2784 Ι.
887 2764 915 2784 c.
931 2755 960 2783 8.
1166 2773 1169 2775 -

849 2798 890 2828 53
915 2797 946 2827 Si
969 2797 1040 2837 quid
1060 2796 1102 2836 ei]
1128 2795 1211 2835 Lege
1234 2802 1305 2823 cum
1329 2791 1498 2837 Gronovio,

806 2841 869 2870 sibi.
914 2840 1029 2870 Sensus
1043 2838 1125 2870 enim
1148 2846 1213 2867 esse
1236 2835 1350 2866 debet:
1375 2834 1400 2865 si
1423 2834 1499 2876 quid

807 2883 864 2913 sibi
879 2882 1049 2914 Masinissa
1065 2891 1142 2923 opus
1157 2888 1221 2910 esse
1233 2877 1412 2920 judicasset.
