1947 3222
530 126 650 163 LIB.
682 124 880 162 XXXIII.
927 124 1061 162 CAP.
1092 127 1138 162 V.

1475 132 1521 171 91

122 236 429 291 opperiebatur.

121 300 212 333 tum
234 309 281 334 co
314 293 361 333 iis
381 299 560 340 tantum,
582 290 699 346 quod
719 289 854 330 AEtoli
875 298 1143 338 accesserant,
1166 291 1428 345 superabant.

179 350 227 389 V.
261 308 487 398 (guinctius
507 347 561 388 ad
584 347 754 388 Thebas
777 345 1037 387 Phthioticas
1066 354 1201 387 castra
1229 361 1362 401 quum
1381 351 1531 391 movis-

121 414 197 454 set,
221 421 334 462 spem
355 413 501 445 nactus
520 419 595 460 per
618 404 840 444 Timonem
869 403 1101 459 principem
1121 402 1301 444 civitatis
1320 404 1442 459 prodi
1463 421 1532 446 ur-

121 462 231 512 bem,
254 477 348 503 cum
369 461 513 524 paucis
534 460 727 516 equitum
757 459 942 515 levisque
963 468 1186 500 armaturae
1207 459 1259 501 ad
1280 475 1422 501 muros
1443 477 1533 502 suc-

122 519 255 560 cessit.
317 518 382 559 Ibi
411 517 515 558 adeo
544 517 747 558 frustrata
776 532 868 573 spes
898 524 974 566 est,
996 524 1046 557 ut
1066 531 1148 557 non
1177 525 1385 558 certamen
1408 518 1534 558 modo

123 590 218 616 cum
239 575 570 631 erumpentibus,
594 573 663 615 sed
686 573 919 630 periculum
946 588 1115 629 quoque
1135 581 1256 615 atrox
1277 574 1458 616 subiret:
1486 575 1533 629 pi

123 631 266 672 castris
296 631 420 673 exciti
451 639 621 688 repente
650 630 812 687 pedites
841 631 1088 687 equitesque
1108 630 1150 670 in
1170 638 1356 686 tempore
1387 631 1536 673 subve-

121 687 288 730 nissent.
350 690 409 729 Et
439 698 664 744 postquam
694 687 797 728 nihil
827 696 1036 743 conceptae
1064 696 1217 728 temere
1238 688 1325 743 spei
1346 688 1537 729 succede-

120 744 210 794 bat,
244 746 360 787 urbis
397 745 568 801 quidem
599 744 778 800 amplius
810 744 1021 786 tentandae
1055 744 1098 785 in
1132 745 1356 800 praesentia
1384 754 1536 786 conatu

125 801 313 843 absistit:
347 811 531 843 ceterum
554 801 651 842 satis
671 817 842 857 gnarus,
858 802 946 857 jam
967 802 1011 841 in
1035 801 1253 841 Thessalia
1275 816 1415 857 regem
1436 817 1536 853 esse,

126 858 312 899 nondum
344 868 572 915 comperto,
598 873 723 914 quam
756 859 798 898 in
828 859 1039 913 regionem
1068 858 1260 907 venisset,
1283 858 1434 899 milites
1464 873 1538 914 per

126 930 248 969 agros
283 915 472 956 dimissos
506 915 662 956 vallum
697 915 855 955 caedere
890 923 931 954 et
966 929 1111 969 parare
1146 914 1282 969 jubet.
1344 915 1462 956 Vallo
1497 923 1538 957 et
1552 924 1679 955 Vallum

129 971 382 1013 Macedones
409 981 451 1013 et
481 971 619 1013 Graeci
639 971 703 1012 usi
725 979 848 1018 sunt;
883 969 955 1010 sed
976 985 1098 1011 usum
1129 985 1204 1011 nec
1231 970 1287 1011 ad
1315 972 1539 1013 commodi-
1552 967 1702 999 Macedo-

128 1036 256 1069 tatem
287 1029 461 1079 serendi,
492 1044 566 1069 nec
601 1028 654 1068 ad
685 1028 816 1083 ipsius
848 1026 1090 1068 munitionis
1125 1027 1433 1069 firmamentum
1469 1044 1539 1084 ap·
1551 1021 1623 1042 num

129 1092 336 1126 taverunt.
398 1086 505 1126 Nam
528 1093 569 1126 et
590 1086 766 1141 majores
786 1092 827 1125 et
848 1084 980 1139 magis
1009 1099 1190 1124 ramosas
1221 1085 1387 1125 arbores
1408 1084 1541 1126 caede-

128 1142 245 1191 bant,
263 1157 389 1197 quam
407 1157 511 1197 quas
531 1142 639 1182 ferre
655 1157 750 1182 cum
770 1140 894 1182 armis
910 1140 1028 1181 miles
1048 1149 1211 1196 posset3
1245 1149 1286 1182 et
1308 1157 1440 1197 quum
1456 1158 1542 1183 cas-

132 1207 198 1239 tra
222 1199 287 1239 his
312 1206 408 1239 ante
435 1198 608 1254 objectis
629 1199 864 1254 sepsissent,
881 1196 1059 1238 ¹⁸facilis
1088 1197 1248 1239 molitio
1268 1213 1412 1239 eorum
1442 1199 1541 1240 valli

134 1264 234 1297 erat.
266 1270 361 1296 nam
383 1264 423 1296 et
454 1256 554 1312 quia
582 1256 665 1296 rari
697 1255 858 1311 stipites
889 1270 1135 1310 magnarum
1164 1255 1362 1296 arborum
1392 1256 1542 1297 emine-

129 1312 246 1363 bant,
267 1312 476 1368 multique
497 1323 537 1354 et
558 1312 684 1353 validi
715 1312 820 1352 rami
850 1311 1108 1368 praebebant,
1130 1312 1246 1367 quod
1276 1321 1385 1353 recte
1415 1328 1542 1354 manu

130 1377 364 1425 caperetur,
390 1369 490 1420 duo,
519 1378 591 1410 aut
623 1384 833 1410 summum
861 1377 944 1409 tres
968 1369 1145 1424 juvenes
1172 1369 1327 1410 connisi
1354 1370 1543 1411 arborem

80 1466 88 1472 ,
130 1442 255 1467 unam
285 1426 527 1468 evellebant.
560 1442 645 1482 qua
665 1426 807 1467 evulsa
818 1434 845 1476 θ,
867 1434 1001 1481 portae
1032 1426 1162 1466 instar
1192 1426 1404 1481 extemplo
1425 1435 1536 1482 pate-

131 1483 219 1533 bat,
245 1483 278 1506 ¹⁹
291 1498 365 1523 nec
395 1482 436 1522 in
467 1492 638 1538 promtu
668 1491 771 1532 erat,
804 1482 921 1537 quod
950 1482 1264 1523 obmolirentur.
1326 1483 1543 1524 Romanus
1557 1490 1714 1522 Romano-

132 1540 243 1580 leves
273 1547 314 1580 et
343 1539 377 1562 ΞΟ
388 1539 573 1580 bifurcos
603 1540 838 1595 plerosque,
867 1546 934 1579 etf
964 1538 1105 1589 trium,
1134 1548 1223 1588 aut,
1251 1554 1385 1594 quum
1414 1540 1545 1595 pluri·
1557 1544 1636 1565 rum.

133 1611 265 1646 mum,
299 1604 482 1651 quatuor
516 1611 726 1637 ramorum
759 1595 889 1635 vallos
924 1594 1062 1644 caedit,
1097 1603 1144 1636 ut
1174 1604 1215 1636 et
1252 1597 1459 1651 suspensis
1494 1598 1547 1638 ab

136 1661 256 1708 tergo
277 1652 401 1693 armis
431 1653 537 1693 ferat
567 1653 709 1708 plures
731 1651 854 1692 simul
875 1659 970 1706 apte
989 1651 1134 1698 miles;
1168 1659 1209 1692 et
1230 1652 1289 1693 ita
1309 1653 1456 1694 densos
1476 1654 1548 1695 ob-

136 1710 274 1765 figunt
294 1709 578 1765 inplicantque
599 1724 748 1758 ramos,
770 1708 802 1731 ²¹
817 1716 865 1749 ut
886 1723 1037 1763 neque,
1055 1723 1152 1764 quae
1168 1709 1374 1764 cujusque
1395 1709 1547 1766 stipitis

134 1766 274 1822 palma
305 1765 371 1815 sit,
403 1766 611 1822 pervideri
645 1765 800 1821 possit3
844 1770 913 1806 etg
947 1764 1050 1805 adeo
1085 1765 1212 1815 acuti,
1248 1765 1439 1822 aliusque
1473 1782 1547 1822 per

135 1823 265 1864 alium
294 1822 451 1863 inmissi
481 1823 587 1864 radii
615 1822 753 1863 locum
774 1822 828 1863 ad
854 1821 1112 1862 inserendam
1133 1837 1303 1863 manum
1323 1837 1406 1863 non
1427 1824 1548 1864 relin-

135 1888 289 1935 quunt,
306 1887 354 1920 ut
370 1895 506 1935 neque
520 1879 738 1936 prehendi,
755 1878 871 1934 quod
890 1878 1097 1929 trahatur,
1114 1894 1250 1934 neque
1271 1879 1396 1930 trahi,
1414 1895 1547 1936 quum

136 1937 244 1978 inter
274 1952 315 1977 se
344 1936 486 1977 innexi
519 1937 624 1977 rami
654 1935 869 1976 vinculum
898 1935 941 1975 in
971 1935 1103 1976 vicem
1133 1936 1362 1991 praebeant,
1387 1938 1544 1993 possit;

494 233 694 275 Romanis
727 232 856 274 ferme
890 247 965 288 par
1001 247 1199 273 numerus
1230 243 1334 283 erat,
1366 235 1399 263 ¹⁷
1413 237 1529 292 equi·
1542 243 1721 318 *kf-(9553.

336 2029 351 2046 θ
366 2025 445 2055 vulsa
462 2025 560 2056 Gron.
577 2025 668 2056 Crev.
756 2019 770 2044 f
782 2023 842 2054 etl.
858 2024 902 2054 vel
917 2023 1009 2054 Crev.

1095 2026 1112 2051 g
1127 2030 1153 2053 et
1169 2023 1232 2054 del.
1248 2024 1346 2055 Gron.

141 2104 331 2136 Gronovius.
374 2105 458 2136 Ante
483 2115 553 2136 eum
580 2104 656 2136 editi
680 2106 721 2134 bis
744 2105 822 2134 mille

140 2149 288 2195 equitum:
321 2158 390 2188 quae
417 2147 564 2189 loquendi
590 2148 688 2178 forma
713 2157 822 2190 parum

141 2195 257 2221 usitata
269 2195 326 2221 est.

865 2108 929 2134 tum
953 2108 1030 2135 erat.
1076 2103 1224 2134 Habebat
1245 2103 1328 2135 enim
1342 2111 1369 2134 et
1383 2107 1473 2136 trium
1496 2114 1550 2137 aut

865 2147 1070 2186 complurium.
1123 2146 1310 2177 Emendavit
1346 2148 1549 2179 Freinshemi-

865 2200 902 2219 us
923 2199 961 2219 ex
982 2188 1123 2229 Polybio,
1140 2188 1228 2228 cujus
1249 2189 1316 2220 haec
1339 2196 1411 2220 sunt
1435 2192 1547 2221 verba:

186 2234 224 2263 17
257 2233 398 2274 Equitum
434 2233 536 2273 copiis]
583 2232 712 2275 Optim'a
743 2233 822 2265 Gro-

141 2275 224 2307 novii
258 2276 442 2308 emendatio.
494 2277 602 2307 Antea
631 2278 681 2317 qui
714 2282 821 2312 tamen,

141 2318 256 2357 velqui
270 2325 345 2350 tum.

189 2362 227 2392 18
252 2362 360 2392 Facilis
385 2363 493 2392 molitio
519 2372 617 2392 eorum
643 2362 716 2392 valli
744 2362 822 2402 erat]

144 2403 250 2434 Facile
264 2409 330 2435 erat
345 2415 448 2436 eorum
464 2404 582 2435 vallum
597 2403 706 2439 moliri,
721 2404 755 2434 id
768 2411 825 2440 est3

141 2446 283 2482 evellere,
319 2457 434 2478 eruere.
471 2448 528 2481 ἔςὶν
556 2445 756 2482 εόἓιιίσπαςος,
791 2452 828 2478 ut

143 2488 237 2520 habet
259 2490 418 2532 Polybius,
444 2500 537 2532 quem
560 2490 612 2521 hic
639 2491 776 2531 sequitur
796 2495 828 2521 et

142 2532 233 2562 vertit
246 2539 358 2564 noster.

187 2575 255 2605 19*
267 2576 329 2606 Nec
346 2579 377 2606 in
395 2582 530 2616 promptu
543 2582 607 2606 erat
632 2578 707 2616 quod
732 2577 822 2606 obmo-

146 2616 286 2659 lirentur]
312 2620 381 2650 Nee
395 2619 484 2650 facile
495 2618 688 2660 reperiebant
699 2618 782 2660 quod
794 2618 826 2648 in

146 2658 247 2689 locum
269 2661 384 2692 arboris
406 2662 531 2696 evulsae,
548 2661 588 2692 ad
607 2661 825 2692 obstruendam

148 2700 303 2742 ingentem
322 2704 403 2735 hanc
423 2705 486 2736 lato
508 2715 559 2735 ore
581 2704 757 2740 fenestram,
781 2715 826 2736 re-

147 2751 305 2786 ponerent.

192 2788 234 2818 20
267 2789 408 2829 Bffumos
442 2792 599 2831 plerosque,
638 2791 682 2820 vel
725 2791 828 2825 trium,

149 2836 214 2864 aut,
257 2841 323 2860 cum
365 2833 536 2870 plurimum,
573 2838 698 2872 quatuor
734 2842 828 2862 ramo-

149 2873 232 2913 rum]
270 2872 330 2903 Hic
353 2873 476 2904 unicum
500 2875 655 2915 exemplar
678 2874 828 2915 deprava-

865 2230 912 2262 δύο
927 2231 1044 2275 κεραίας
1057 2231 1076 2265 2⁵1¹
1093 2234 1166 2275 τρεῖς
1182 2232 1284 2273 ’ἔχεο-ιν
1300 2233 1325 2263 οἱ
1338 2233 1485 2276 χείρωκες,
1502 2234 1549 2266 ἴτὲ

865 2273 893 2305 δί
907 2275 1046 2311 πλείςας,
1063 2275 1224 2318 τέτταρας.

909 2319 949 2348 21
983 2318 1024 2348 Ut
1053 2329 1154 2359 neque,
1184 2330 1251 2358 quoe
1279 2320 1417 2359 cujusque
1444 2321 1550 2359 stipitis

865 2361 965 2400 palma
992 2363 1039 2397 sit,
1066 2363 1212 2400 pervideri
1234 2362 1334 2402 possit]
1373 2361 1435 2392 Hic
1463 2362 1550 2394 deest

868 2404 1040 2434 membrum
1063 2403 1219 2439 orationis,
1238 2404 1332 2445 quale
1354 2403 1441 2441 foret,
1459 2416 1549 2446 neque

869 2448 933 2486 quis
958 2448 1097 2487 cujusque
1121 2447 1224 2486 palmae
1247 2449 1340 2487 stipes.
1385 2447 1426 2478 Id
1452 2458 1548 2490 appa-

869 2494 917 2519 ret
942 2499 981 2519 ex
1006 2489 1150 2531 Polybio,
1171 2489 1224 2530 qui
1244 2489 1398 2530 integrum
1424 2501 1549 2521 sensum

865 2537 1072 2572 repraesentat.
1096 2532 1151 2566 ὅςε
1165 2533 1241 2572 μήτε
1259 2534 1313 2567 τὲ,-
1330 2532 1446 2575 κεραῖας
1464 2534 1548 2573 εὐχε-

867 2575 919 2617 ξῶς
935 2575 1098 2615 ἔτιγνῶναι,
1114 2575 1198 2609 ποίας
1214 2576 1280 2607 εἰσὶν
1294 2576 1433 2616 ἐκφύσεως
1454 2576 1510 2606 erin
1525 2577 1550 2606 ἔν

871 2619 909 2658 τῇ
923 2620 965 2660 ’γῇ
985 2618 1224 2660 κατωρυγμένων,
1240 2617 1317 2658 μήτε
1339 2620 1394 2652 τὰς
1411 2618 1549 2658 ἐκφύσεις,

871 2660 956 2691 ποίων
979 2661 1104 2704 agaim.
1149 2661 1182 2692 Si
1205 2662 1341 2704 palmam
1362 2661 1410 2691 vel
1432 2671 1549 2692 ramum

870 2703 1000 2740 videres,
1023 2714 1085 2735 non
1112 2704 1204 2735 facile
1227 2704 1441 2745 dignoscebas,
1463 2703 1552 2745 cujus

871 2746 983 2787 stipitis
1008 2747 1105 2778 foret:
1141 2747 1166 2777 si
1193 2747 1339 2788 stipitem,
1368 2756 1429 2776 non
1454 2746 1551 2777 conti-

873 2799 934 2819 uuo
962 2789 1155 2831 pei-videbas,
1184 2799 1327 2830 quaenam
1353 2787 1420 2828 ejus
1450 2794 1552 2820 essent

874 2832 996 2873 palmae.
