1947 3222
186 742 228 774 U.
242 743 280 773 C.
294 743 366 774 563.

185 786 226 816 A.
243 786 280 817 C.
297 787 368 816 189.

600 317 675 382 Τ.
730 316 1005 383 LIVII
1084 317 1603 384 PATAVINI

782 475 1048 524 LIBER
1105 475 1426 525 xxxvnl.

402 724 558 778 DUM
578 735 619 776 in
642 735 746 776 Asia
771 735 929 776 bellum
956 735 1131 791 geritur,
1153 751 1204 776 ne
1224 736 1267 776 in
1290 734 1448 776 AEtolis
1467 735 1637 791 quidem
1658 735 1812 791 quietae

401 807 464 832 res
493 792 675 843 fuerant,
696 791 900 848 principio
929 807 954 833 a
981 801 1106 848 gente
1127 793 1416 834 Athamanum
1444 801 1548 833 orto.
1609 793 1812 834 Athama„-

185 828 252 859 Res
264 829 389 859 AEtoliae
433 849 440 857 .
1645 848 1652 855 .
1782 849 1790 855 .

182 876 215 902 et
231 870 383 902 Athama·
401 862 470 889 n1a
492 864 548 911 'ea
577 857 838 905 tempestate,
873 848 996 904 pulso
1033 849 1321 906 Amynandro,
1358 849 1436 890 sub
1469 848 1678 904 praefectis
1717 849 1813 889 Ph1-

185 914 255 944 niae.

184 2331 374 2363 Athamania

181 2375 301 2416 expulsi
315 2376 385 2405 Ma-

180 2417 322 2450 cedones.

400 904 504 961 lipp1
524 905 640 962 regio
659 906 881 947 tenebatur
910 905 1128 962 praesidio:
1161 907 1235 962 qui
1257 907 1437 963 superbo
1457 914 1584 961 atque
1608 905 1814 946 inmodico

400 961 573 1017 imperio
612 962 866 1004 desiderium
901 963 1167 1018 Amynandri
1201 963 1396 1004 fecerant.
1457 961 1682 1003 Exsulanti
1723 969 1815 1002 tum

400 1019 678 1074 Amynandro
712 1019 754 1060 in
790 1019 946 1060 AEtolia
975 1019 1105 1061 literis
1133 1035 1319 1070 suorum,
1351 1018 1623 1060 indicantium
1657 1026 1811 1060 statum

400 1075 683 1126 Athamaniae,
719 1091 811 1131 spes
846 1076 1119 1132 recuperandi
1155 1077 1272 1133 regni
1307 1077 1418 1118 facta
1451 1084 1525 1117 est.
1570 1075 1814 1131 remissique

400 1132 541 1173 nuncii
562 1133 615 1173 ab
636 1149 684 1173 eo
704 1133 759 1173 ad
778 1133 1008 1188 principesa
1028 1133 1294 1189 Argitheam,
1319 1133 1381 1184 (id
1402 1133 1512 1174 enim
1532 1141 1659 1188 caput
1682 1132 1815 1174 Atha-

400 1189 549 1230 maniae
579 1192 687 1243 erat)
722 1188 755 1229 si
786 1189 1054 1245 popularium
1083 1190 1240 1232 animos
1270 1191 1369 1231 satis
1401 1197 1639 1246 perspectos
1668 1189 1814 1230 ¹habe-

399 1254 463 1287 ret
473 1245 502 1295 ¹³,
524 1245 746 1302 impetrato
766 1247 819 1286 ab
841 1246 995 1287 AEtolis
1019 1247 1190 1297 auxilio,
1211 1248 1255 1288 in
1277 1246 1575 1288 Athamaniam
1603 1261 1645 1287 se
1665 1254 1813 1287 ventu-

400 1317 495 1342 rum
515 1302 633 1343 ²cum
663 1302 832 1344 delectis
858 1303 1111 1351 AEtolorum,
1135 1304 1251 1359 quod
1281 1303 1496 1345 consilium
1527 1311 1632 1344 esset
1662 1303 1813 1359 gentis,

399 1367 441 1400 et
463 1359 675 1400 Nicandro
693 1367 887 1415 praetore.
919 1374 1040 1415 quos,
1064 1360 1136 1401 ubi
1157 1361 1209 1401 ad
1230 1362 1369 1402 omnia
1397 1369 1564 1417 paratos
1585 1375 1670 1401 esse
1691 1359 1812 1410 vidit,

399 1415 593 1457 certiores
623 1415 798 1457 subinde
828 1416 944 1466 facit,
966 1432 1052 1471 quo
1081 1417 1148 1458 die
1178 1433 1274 1458 cum
1303 1417 1489 1458 exercitu
1516 1416 1813 1458 Athamaniam

401 1472 662 1527 ingressurus
687 1481 803 1514 esset.
865 1473 1056 1522 Quatuor
1085 1475 1221 1530 primo
1241 1475 1358 1515 fuere
1379 1474 1584 1530 conjurati
1615 1474 1814 1514 adversus

402 1529 685 1570 Macedonum
726 1529 981 1585 praesidium.
1026 1530 1070 1571 hi
1111 1546 1228 1572 senos
1268 1531 1343 1572 sibi
1385 1530 1597 1586 adjutores
1636 1530 1689 1571 ad
1726 1545 1813 1570 rem

400 1587 625 1642 gerendam
645 1586 961 1628 adsumserunt:
995 1587 1159 1638 deinde,
1181 1588 1392 1645 paucitate
1413 1603 1561 1644 parum
1582 1587 1695 1637 freti,
1717 1602 1814 1643 quae

398 1642 581 1684 celandae
602 1644 676 1693 rei,
699 1658 825 1699 quam
856 1643 1042 1698 agendae,
1065 1645 1201 1701 aptior
1221 1654 1324 1695 erat,
1345 1660 1487 1701 parem
1518 1644 1646 1701 priori
1670 1659 1813 1685 nume-

398 1714 494 1740 rum
511 1700 763 1755 adjecerunt.
802 1701 871 1740 Ita
886 1700 971 1741 duo
991 1709 1032 1742 et
1054 1702 1361 1758 quinquaginta
1381 1702 1496 1751 facti,
1513 1700 1812 1757 quadrifariam

400 1771 442 1796 se
463 1756 717 1798 diviserunt:
751 1772 847 1812 pars
868 1772 952 1798 una
973 1758 1235 1809 Heracleam,
1252 1759 1381 1800 altera
1403 1758 1723 1815 Tetraphyliam
1744 1774 1815 1815 pe-

399 1813 467 1863 tit,
489 1813 562 1854 ubi
584 1813 775 1854 custodia
794 1813 919 1869 regiae
940 1815 1128 1870 pecuniae
1149 1831 1234 1856 esse
1256 1816 1375 1857 solita
1395 1824 1498 1865 erat,
1521 1817 1645 1857 tertia
1667 1816 1811 1856 Theu-

399 1869 573 1919 doriam,
605 1878 757 1925 quarta
791 1870 1052 1925 Argitheam.
1116 1873 1185 1913 Ita
1215 1873 1324 1914 inter
1355 1887 1496 1913 omnes
1528 1873 1733 1923 convenit,
1762 1882 1810 1914 ut

399 1926 534 1981 primo
564 1926 712 1982 quieti,
734 1926 850 1967 velut
871 1927 924 1967 ad
945 1928 1150 1983 privatam
1182 1945 1269 1970 rem
1300 1929 1502 1984 agendam
1524 1929 1744 1981 venissent,
1765 1930 1810 1971 in

397 1982 489 2023 foro
519 1983 861 2025 obversarentur:
895 1983 961 2024 die
985 1994 1098 2026 certa
1126 1986 1439 2027 multitudinem
1470 2001 1633 2028 omnem
1663 2003 1813 2029 convo-

397 2048 538 2081 carent
559 2039 612 2080 ad
633 2039 827 2096 praesidia
847 2041 1130 2083 Macedonum
1151 2043 1316 2084 arcibus
1337 2043 1592 2099 expellenda.
1656 2044 1743 2086 Ubi
1764 2061 1812 2087 ea

398 2095 486 2137 dies
525 2097 708 2147 advenit,
742 2105 784 2138 et
815 2098 1089 2153 Amynander
1124 2115 1220 2141 cum
1254 2100 1366 2141 mille
1402 2100 1552 2142 AEtoh's
1587 2101 1628 2142 in
1659 2101 1812 2143 finibus

397 2161 511 2201 erat3
550 2169 601 2194 ex
631 2153 859 2210 composito
891 2163 1074 2211 quatuor
1105 2157 1228 2198 simul
1261 2157 1360 2198 locis
1389 2157 1584 2213 praesidia
1614 2158 1811 2199 Macedo-

397 2223 497 2250 num
529 2211 717 2266 expulsa,
750 2211 967 2266 literaeque
995 2213 1037 2253 in
1070 2213 1170 2255 alias
1200 2215 1324 2255 urbes
1354 2216 1505 2271 passim
1537 2215 1730 2265 dimissae,
1762 2224 1811 2257 ut

397 2265 655 2308 vindicarent
687 2283 771 2308 sese
801 2268 854 2309 ab
884 2269 1089 2324 inpotenti
1120 2270 1399 2313 dominatione
1422 2271 1607 2328 Philippi
1632 2280 1674 2312 et
1694 2272 1812 2313 resti-

398 2330 564 2364 tuerent
596 2324 638 2364 in
669 2325 851 2379 patrium
889 2340 936 2365 ac
967 2325 1200 2380 legitimum
1235 2343 1422 2384 regnum.
1484 2329 1685 2384 Undique
1716 2329 1811 2369 Ma-

398 2379 573 2420 cedones
608 2381 888 2436 expelluntur.
952 2382 1135 2426 Theium
1167 2385 1385 2441 oppidum,
1422 2385 1550 2426 literis
1585 2400 1610 2425 a
1643 2385 1809 2426 Zenone

399 2436 598 2491 praefecto
647 2437 829 2493 praesidii
879 2438 1131 2505 interceptis,
1182 2450 1223 2482 et
1275 2457 1367 2484 arce
1416 2443 1468 2483 ab
1518 2441 1640 2496 regiis
1689 2457 1810 2483 occu-

398 2502 511 2548 pata,
544 2509 699 2549 paucos
729 2495 817 2536 dies
847 2495 1135 2540 obsidentibus
1165 2499 1340 2541 restitit:
1383 2498 1531 2540 deinde
1563 2498 1608 2539 id
1639 2514 1808 2555 quoque

495 2610 511 2628 ὃ
524 2609 688 2648 remissique
702 2610 736 2638 ab
751 2620 781 2639 eo
798 2613 941 2643 nunciant
952 2614 1132 2653 principibus
1147 2614 1244 2645 Gron.
1259 2613 1350 2644 CreV.
1435 2611 1452 2634 b
1467 2613 1601 2642 haberent
1618 2612 1708 2643 Eaed.

443 2709 455 2738 l
495 2708 658 2748 Haberent]
714 2707 842 2739 Plurimi
879 2711 970 2742 codd.
1002 2718 1078 2743 teste
1123 2723 1176 2743 eos
1201 2712 1252 2753 qui
1279 2712 1461 2754 scripserant
1485 2712 1525 2742 ad
1548 2711 1805 2754 Amynandrum3

397 2751 546 2787 Hearnio,
583 2751 707 2782 haberet.
768 2752 932 2784 Consentit
979 2761 1079 2785 noster
1123 2756 1146 2786 si
1163 2757 1287 2791 haberet,
1304 2755 1541 2796 Amynandrum
1557 2755 1668 2797 ipsum.

398 2794 641 2824 vict.A11‹lreas
659 2799 690 2824 et
706 2795 912 2826 Gronovianae
928 2796 1078 2828 editiones
1171 2800 1191 2828 2
1230 2799 1304 2828 Cum
1340 2799 1454 2828 delectis
1496 2798 1676 2839 AEtolorum]
1724 2797 1804 2828 Cum

395 2843 519 2867 servant
554 2838 698 2867 haberent.
755 2838 942 2870 Utrumlibet
979 2841 1075 2881 legas.
1122 2839 1292 2883 Apocletis,
1309 2840 1346 2873 de
1371 2842 1481 2882 quibus
1504 2851 1607 2883 supra,
1623 2841 1644 2872 l.
1668 2841 1806 2872 XXXV.

396 2879 479 2919 parvi
518 2879 616 2910 refert.
670 2879 700 2909 si
739 2881 884 2917 haberent,
923 2882 1077 2924 intelliges
1122 2893 1149 2913 c.
1167 2885 1219 2915 34.
