1947 3222
321 192 395 231 486
874 190 1020 229 T1T1
1066 190 1245 228 LIVII

94 313 286 350 *U.c.572.
322 302 432 344 sules
463 301 650 351 fuerunt,
682 300 734 341 ab
771 301 825 341 A.
862 300 1076 342 Postumio
1110 299 1278 341 consule
1313 299 1355 340 in
1392 307 1580 341 senatum
1613 298 1743 340 intro-

108 360 287 392 A.C.180.
321 359 455 410 ducti,
496 358 571 415 qui
611 373 663 399 ex
708 358 915 414 Hispania
962 357 1153 398 citeriore
1193 365 1390 397 venerant
1430 371 1455 397 a
1495 357 1544 406 Q.
1586 355 1740 396 Fulvio

324 416 491 467 Flacco,
523 415 574 456 L.
610 414 828 456 Minucius
861 414 1041 469 legatus,
1072 421 1113 454 et
1140 413 1227 454 duo
1260 413 1420 455 tribuni
1456 412 1652 463 militum,
1684 412 1740 452 T.

324 472 510 514 Maenius
539 480 581 513 et
608 471 700 512 1‘³L.
734 471 959 512 Terentius
992 469 1250 511 Massiliota¹.
1311 470 1373 511 Hi
1403 485 1535 527 quum
1566 468 1652 510 duo
1681 484 1743 509 se-

323 529 462 572 cunda
499 528 661 586 proelia,
702 527 956 569 deditionem
1004 526 1256 578 Celtiberiae,
1297 527 1525 568 confectam
1573 526 1742 582 provin-

324 587 430 629 ciam
449 585 728 633 nunciassent,
750 599 825 625 nec
854 583 1076 640 stipendio,
1098 583 1213 638 quod
1242 583 1354 624 mitti
1375 584 1537 634 soleret,
1559 598 1634 624 nec
1654 582 1743 623 fru-

324 652 465 685 mento
495 650 662 699 portato
685 641 740 682 ad
767 640 998 682 exercitum
1027 641 1071 680 in
1101 655 1197 680 eum
1227 655 1381 681 annum
1413 655 1519 696 opus
1548 655 1650 690 esse,
1670 654 1743 696 pe-

326 701 484 742 tierunt
505 699 557 739 ab
579 706 724 739 senatu
754 697 953 754 primum,
974 705 1019 738 ut
1039 697 1086 737 ob
1106 712 1169 738 res
1189 712 1386 751 prospere
1409 704 1545 751 gestas
1565 698 1663 738 Diis
1683 697 1746 736 in-

325 756 559 798 mortalibus
578 756 699 796 honos
718 755 944 796 haberetur.
975 754 1141 805 deinde,
1162 762 1206 795 ut
1231 754 1282 803 Q.
1305 755 1451 795 Fulvio
1471 755 1676 795 decedenti
1696 755 1746 794 de

317 815 537 868 provincia
559 814 777 867 deportare
798 813 893 853 inde
912 814 1141 862 exercitum,
1158 811 1390 866 cujusforti
1408 825 1532 864 opera
1549 817 1587 852 et
1607 812 1692 864 ipse
1707 817 1746 851 et

325 871 441 912 multi
460 877 556 911 ante
575 885 660 911 eum
683 876 884 923 praetores
902 871 967 911 usi
992 875 1132 918 essent,
1154 871 1303 910 liceret.
1335 870 1442 923 quod
1448 869 1559 921 fieri,
1575 874 1748 922 praeter-

327 942 446 983 quam
475 929 582 982 quod
601 929 662 968 ita
683 928 855 977 deberet,
878 926 1041 968 ¹⁹etiam
1064 941 1195 980 prope
1215 928 1476 967 necessarium
1505 933 1616 967 esset.
1677 926 1746 966 Ita

324 987 429 1026 enim
452 985 672 1026 obstinatos
693 999 773 1026 esse
792 985 953 1033 milites,
975 991 1019 1025 ut
1039 997 1116 1024 non
1138 986 1248 1025 ultra
1270 985 1442 1025 retineri
1453 998 1572 1038 posse
1593 984 1635 1023 in
1651 997 1749 1036 pro-

328 1044 463 1084 vincia
485 1044 730 1091 viderentur,
755 1041 983 1096 injussuque
1003 1041 1158 1082 abituri
1178 1043 1274 1082 inde
1292 1048 1431 1090 essent,
1454 1042 1491 1081 si
1510 1055 1590 1081 non
1611 1041 1749 1080 dimit-

328 1107 529 1142 terentur:
560 1107 633 1140 aut
654 1102 696 1141 in
710 1101 998 1153 perniciosam,
1014 1101 1052 1140 si
1071 1100 1161 1152 quis
1182 1101 1346 1152 inpense
1365 1099 1571 1149 retineret,
1586 1098 1751 1140 seditio-

114 1171 298 1204 Provinciae·.
328 1173 416 1199 nem
456 1158 652 1198 exarsuri.
714 1156 970 1198 Consulibus
1018 1157 1222 1198 ambobus
1261 1155 1517 1212 provinciam
1568 1154 1750 1210 Ligures

328 1231 416 1258 esse
439 1223 606 1256 senatus
620 1213 760 1270 jussit.
822 1214 1029 1255 Praetores
1048 1212 1146 1254 inde
1167 1213 1302 1254 sortiti
1323 1221 1433 1254 sunt.
1485 1214 1541 1253 A.
1564 1211 1752 1253 Hostilio

329 1273 505 1322 urbana,
529 1272 599 1312 Ti.
623 1270 815 1312 Minucio
843 1269 1063 1326 peregrina
1089 1269 1272 1321 obvenit,
1297 1271 1344 1311 P.
1369 1269 1562 1311 Cornelio
1594 1268 1748 1318 Sicilia,

332 1331 381 1372 C.
405 1328 565 1370 Maenio
598 1327 803 1369 Sardinia.
864 1327 1091 1383 Hispanias
1118 1326 1269 1377 sortiti,
1299 1326 1348 1367 L.
1374 1327 1617 1368 Postumius
1645 1325 1750 1366 ulte-

331 1387 498 1437 riorem,
523 1385 591 1426 Ti.
616 1384 886 1441 Sempronius
912 1383 1157 1425 citeriorem.
1220 1384 1265 1424 Is
1286 1384 1387 1439 quia
1412 1397 1676 1424 successurus
1698 1383 1748 1432 Q.

333 1443 488 1486 Fulvio
510 1442 662 1484 Flacco
682 1450 784 1492 erat,
806 1456 858 1482 ne
878 1449 1018 1482 vetere
1038 1440 1224 1482 exercitu
1251 1439 1467 1498 provincia
1486 1439 1750 1496 spoliaretur,

337 1500 500 1550 QuaerO,
521 1500 675 1555 inquit,
697 1500 746 1540 de
767 1506 816 1549 te,
844 1498 891 1538 L.
915 1498 1093 1548 Minuci,
1115 1513 1231 1552 quum
1261 1498 1479 1553 confectam
1491 1497 1751 1550 provinciam

333 1559 510 1609 nuncies,
532 1558 795 1606 existimesne,
822 1556 1041 1598 Celtiberos
1062 1562 1256 1609 perpetuo
1278 1556 1429 1608 infide
1448 1568 1668 1604 mansuros,
1690 1556 1752 1594 ita

333 1622 378 1656 ut
397 1616 485 1656 sine
505 1616 682 1655 exercitu
702 1628 750 1655 ea
772 1614 991 1667 provincia-
1019 1613 1194 1654 obtineri
1206 1614 1365 1666 possit?
1396 1613 1444 1654 Si
1461 1626 1587 1666 neque
1607 1613 1656 1651 de
1655 1612 1753 1664 fide

335 1673 597 1714 barbarorum
628 1672 845 1725 quidquam
875 1672 1054 1724 recipere
1081 1676 1152 1710 aut
1182 1671 1400 1724 adfirmare
1427 1669 1540 1710 nobis
1559 1675 1689 1722 potes,
1715 1673 1754 1709 et

335 1729 557 1770 habendum
579 1729 665 1769 illic
690 1730 829 1783 utique
855 1729 1067 1769 eoeercitum
1089 1742 1239 1774 censes;
1272 1734 1403 1768 utrum
1433 1728 1593 1768 tandem
1613 1731 1757 1766 auctor

335 1788 497 1829 senatui
515 1788 571 1828 sis
597 1788 907 1840 supplementum
936 1787 979 1825 in
1010 1786 1266 1837 Hispaniam
1287 1786 1488 1835 mittendi,
1509 1790 1552 1824 ut
1572 1784 1608 1824 ii
1627 1783 1754 1831 modo,

337 1844 479 1899 quibus
508 1845 675 1885 emerita
709 1844 914 1897 stipendia
944 1843 1038 1891 sint,
1073 1843 1220 1883 milites
1255 1842 1528 1890 dimittantur,
1559 1839 1756 1881 veteribus

338 1901 533 1942 militibus
552 1902 703 1942 tirones
723 1901 1035 1941 inmisceamur?
1067 1913 1136 1950 an,
1154 1900 1332 1940 deductis
1352 1900 1402 1939 de
1416 1899 1632 1951 provincia
1654 1903 1758 1938 vete-

338 1959 450 2000 ribus
469 1958 706 2013 legionibus,
730 1972 853 1998 novas
880 1956 1156 1997 conscribendi
1176 1963 1214 1997 et
1244 1957 1433 1997 mittendi
1439 1978 1453 2002 ;
1486 1969 1602 2010 quum
1622 1953 1755 1994 20εοη-

339 2023 497 2057 temtum
527 2017 758 2056 tirocinium
788 2016 910 2055 etiam
930 2015 1108 2055 mitiores
1136 2013 1330 2055 barbaros
1359 2014 1537 2055 excitare
1556 2013 1614 2052 ad
1629 2011 1756 2052 rebel-

339 2075 504 2114 landum
518 2074 678 2127 possit?
711 2073 854 2120 Dictu,
877 2086 995 2126 quam
1024 2086 1082 2122 re,
1088 2072 1267 2126 facilius
1286 2072 1353 2121 sit,
1366 2071 1623 2124 provinciam
1644 2069 1757 2124 inge-

340 2133 410 2172 nio
432 2131 629 2185 ferocem,
666 2130 970 2178 rebellatricem,
1011 2129 1250 2184 confecisse?
1297 2129 1448 2170 Paucae
1484 2128 1681 2175 civitates,
1712 2131 1757 2166 ut

341 2189 496 2242 quidem
519 2202 590 2242 ego
619 2189 756 2236 audio,
779 2201 878 2241 quas
898 2188 1035 2228 vicina
1064 2186 1234 2226 marime
1252 2186 1415 2226 hiberna
1438 2183 1691 2238 premebant,
1713 2183 1756 2223 in

327 2245 401 2300 jus
421 2245 685 2299 ditionemque
711 2251 903 2286 venerunt
911 2267 924 2290 ;
957 2245 1166 2285 ulteriores
1185 2245 1229 2284 in
1250 2244 1375 2284 armis
1393 2249 1498 2284 sunt·
1529 2255 1619 2296 quae
1638 2254 1755 2294 quum

340 2303 400 2343 ita
431 2304 526 2352 sint,
550 2317 620 2356 ego
636 2301 730 2356 jam
751 2303 845 2342 hinc
857 2303 1055 2355 praedico,
1076 2303 1229 2343 Patres
1249 2301 1478 2354 conscripti,
1502 2314 1561 2340 me
1580 2297 1757 2338 exercitu

340 2374 402 2411 ea,
423 2361 496 2414 qui
515 2373 618 2400 nunc
637 2365 707 2408 est,
730 2360 1012 2412 rempublicam
1039 2359 1436 2399 administraturum:
1461 2357 1498 2398 si
1517 2356 1686 2396 deducat
1701 2368 1760 2395 se-

341 2431 426 2458 eum
457 2417 625 2458 Flaccus
655 2417 844 2471 legiones,
875 2417 964 2457 loca
987 2422 1144 2469 pacata
1175 2429 1234 2456 me
1263 2417 1320 2455 ad
1347 2413 1608 2455 hibernacula
1637 2413 1759 2452 lectu-

344 2482 464 2522 rumu,
488 2488 613 2527 neque
632 2488 772 2515 novum
794 2474 958 2513 militem
963 2473 1220 2528 ferocissimo
1239 2473 1345 2513 hosti
1363 2470 1614 2525 objecturum.

400 2531 628 2572 XXXVI.
662 2531 850 2587 Legatus
870 2530 924 2571 ad
950 2545 1010 2579 ea,
1033 2546 1129 2586 quae
1159 2529 1438 2584 interrogatus
1467 2536 1570 2577 erat,
1592 2541 1760 2583 respon-

341 2588 428 2630 dit:
466 2588 603 2642 Neque
623 2602 677 2637 se,
698 2602 824 2641 neque
844 2602 1074 2642 quemquam
1096 2588 1222 2627 alium
1242 2586 1429 2626 divinare
1442 2598 1572 2638 posse,
1595 2585 1696 2638 quid
1713 2585 1760 2624 in

341 2647 477 2686 animo
511 2644 703 2687 Celtiberi
722 2645 929 2693 haberent,
950 2651 1021 2685 ant
1044 2657 1174 2698 porro
1203 2642 1386 2683 habituri
1414 2647 1552 2682 essent.
1611 2641 1759 2695 Itaque

632 2744 641 2764 ῑ
659 2743 763 2774 Massa
779 2743 878 2775 Gron.
895 2743 988 2774 Crev.
1173 2744 1188 2762 ¹¹
1203 2742 1362 2772 electurum
1379 2740 1466 2771 Eaed.

391 2819 426 2850 18
462 2818 496 2848 L.
525 2817 677 2849 Terentius
705 2818 818 2860 Massa]
866 2818 892 2847 V
898 2817 949 2848 iet.
978 2828 1027 2847 co·
1120 2817 1158 2847 19
1187 2816 1283 2847 Etiam
1319 2827 1404 2856 prope
1440 2816 1630 2847 necessarium
1673 2813 1758 2854 esset]

343 2860 414 2896 dex,
451 2861 610 2892 Magnum.
654 2861 736 2893 vide
765 2867 827 2892 not.
857 2861 908 2891 82.
939 2860 978 2891 ad
1010 2860 1028 2890 1.
1074 2859 1157 2897 Lege
1173 2870 1242 2890 cum
1259 2859 1415 2890 Gronovio
1428 2870 1491 2889 esse.

345 2904 467 2934 XXXI.
503 2914 529 2934 c.
567 2904 621 2936 50.
657 2910 688 2936 et
738 2910 799 2936 not.
837 2905 887 2935 43.
925 2903 964 2935 ad
1009 2903 1029 2933 l.
1116 2897 1158 2933 2‘0
1182 2904 1384 2942 Contemptum
1427 2902 1610 2942 tirocinium]
1676 2899 1757 2931 Con-

345 2947 539 2979 xxxx'lll.
553 2957 577 2977 c.
596 2948 648 2978 42.
1074 2952 1208 2988 temptus
1223 2945 1327 2978 tironis
1341 2946 1501 2978 exercitus.
