1947 3222
547 124 665 162 LIB.
694 121 887 162 XXXVI.
916 122 1048 160 CAP.
1074 122 1197 160 XLV.
1501 127 1577 165 275

166 232 291 288 loque
326 231 592 275 circumdatis
631 245 755 272 naves
791 229 1023 271 subductae.
1103 230 1238 272 Exitu
1273 231 1369 272 anni
1409 231 1677 274 comitiano
1692 242 1764 273 561.

170 290 319 331 Romae
357 289 514 338 habita,
549 287 705 343 quibus
739 286 865 328 creati
905 294 1002 327 sunt
1042 286 1229 328 consules
1269 287 1321 327 L.
1356 288 1573 330 Cornelius
1586 284 1626 315 A.
1640 284 1763 332 (35191.

173 347 311 402 Scipio
331 354 372 387 et
396 347 442 386 C.
462 344 634 395 Laelius,
654 343 956 385 ³⁸intuentibus
976 343 1135 384 cunctis
1156 342 1209 384 ad
1230 342 1456 385 finiendum
1478 360 1573 386 cum
1587 327 1731 359 Comma.

170 403 383 444 Antiocho
412 401 580 442 bellum.
642 402 815 442 Postero
850 400 916 441 die
953 408 1152 456 praetores
1185 400 1327 450 creati,
1361 402 1423 440 M.
1458 402 1573 442 Tuc-

167 460 270 509 cius,
294 459 344 500 L.
362 457 693 509 Aurunculeius,
718 458 794 498 Cn.
813 456 1005 507 Fulvius,
1028 456 1080 497 L.
1099 456 1313 507 AEmilius,
1336 457 1385 498 P.
1402 457 1572 508 Junius,

168 517 216 557 C.
238 515 412 557 Atinius
434 515 592 556 Labeo.

210 628 251 658 38
284 627 470 658 Intuentibus
501 628 629 669 cunctis]
676 627 852 659 Gronovius
895 626 1057 667 Africanus
1089 627 1198 668 legitur
1233 627 1428 656 annuentibus
1463 628 1576 657 cunctis

167 669 339 712 suspicatur
364 672 500 701 intentis.-
535 681 590 701 nec
613 670 707 713 plane
730 670 850 700 satisfa-
894 672 932 700 ad
965 670 1136 710 finiendum
1179 680 1245 699 cum
1282 669 1424 699 Antiocho
1459 670 1574 699 bellum.

168 713 222 744 cit.
266 713 399 744 Videtur
424 713 474 744 hie
499 713 586 744 locus
610 713 728 754 aliquid
751 713 851 744 celare
894 713 1018 743 *Mens
1034 711 1115 743 Livii
1137 712 1237 743 fuerat
1258 722 1364 742 omnes
1386 711 1424 742 de
1438 711 1486 741 his
1501 722 1574 742 con-

168 755 315 797 gravioris
334 756 410 787 vitii.
455 756 572 788 Victor.
587 756 686 788 codex
700 756 780 786 hanc
796 766 850 787 no-
893 755 1010 786 sufibus
1027 755 1109 786 hanc
1131 765 1214 797 spem
1238 753 1392 790 habuisse,
1407 754 1470 785 fore
1485 760 1520 784 ut
1535 755 1574 785 ab

167 799 216 829 bis
245 805 337 840 auget
369 799 584 841 suspicionem.
641 800 680 830 In
704 809 740 830 eo
770 804 851 829 totus
893 798 954 829 illis
982 798 1118 829 finiretur
1153 808 1225 829 cum
1254 797 1410 828 Antiocho
1446 797 1574 828 bellum.

169 841 220 872 hic
245 841 330 872 locus
363 842 406 872 sic
439 842 567 883 legitur:
606 843 698 872 creati
725 843 853 873 consules
895 841 1061 874 †Omnino
1097 841 1147 872 hie
1183 840 1271 872 nobis
1305 851 1382 884 opus
1417 845 1463 872 est
1498 839 1575 871 libro

171 884 208 916 L.
241 884 393 916 Cornelt‘us
440 884 545 925 Scipio,
589 891 617 916 et
663 885 697 916 C.
728 884 851 916 Loelius.
895 884 1112 916 emendatiore.
