1947 3222
152 277 196 352 &²³

207 278 246 352 ΩΦ

257 278 300 352 Ξὲῖ

305 278 318 351 μαι-

150 737 179 785 Λ.
184 736 324 785 ntiochus

151 785 292 810 civitates

367 158 442 193 240
886 152 1035 192 -TITI
1078 152 1253 190 LIVII

324 299 332 309 .
367 263 596 305 exercitum
630 263 673 304 in
710 263 943 311 Graeciam;
989 264 1167 304 Romam
1203 270 1388 304 trecenta
1422 261 1552 302 millia
1586 260 1771 302 modium

323 342 333 353 ·
366 320 507 370 tritici,
543 319 724 361 ducenta
756 319 1064 375 quinquaginta
1096 319 1266 366 hordei;
1314 318 1476 374 equites
1506 316 1773 380 quingentos,

364 377 605 434 elephantos
633 376 784 432 viginti
813 391 952 431 regem
982 375 1036 416 ad
1067 376 1141 416 Μ’.
1165 375 1351 416 Acilium
1381 374 1592 416 consulem
1627 388 1774 415 mlssu-

362 449 470 477 rum.
532 434 597 474 De
617 433 827 474 frumento
848 432 1039 487 utrisque
1059 447 1316 488 responsum,
1337 432 1398 473 ita
1418 446 1594 473 usurum
1624 446 1673 471 eo
1701 443 1774 485 po-

365 490 513 546 pulum
546 491 797 538 Romanum,
829 489 862 528 si
893 488 1076 544 pretium
1106 488 1350 544 acciperent.
1412 489 1477 528 De
1509 488 1636 528 classe
1668 487 1775 526 Kar-

364 546 694 602 thaginiensibus
723 544 966 591 remissum;
1011 552 1293 600 praeterquam
1320 545 1353 586 si
1385 544 1490 601 quid
1522 543 1692 585 navium
1723 557 1775 583 ex

364 603 520 644 foedere
550 603 760 643 deberent.
792 601 845 641 de
874 601 1053 656 pecunia
1074 601 1175 643 item
1205 616 1463 657 responsum,
1491 601 1649 642 nullam
1680 608 1775 640 ante

365 659 475 701 diem
495 666 750 714 accepturos.

423 717 471 756 V.
496 717 637 766 Quum
661 714 751 755 haec
783 714 930 754 Romae
960 713 1206 769 agebantur,
1231 713 1429 755 Chalcide
1451 713 1701 762 Antiochus,
1724 728 1775 753 ne

365 781 539 814 cessaret
560 786 636 828 per
655 771 923 811 hibernorum
947 779 1127 826 tempus,
1149 771 1303 826 partim
1334 771 1420 826 ipse
1442 770 1690 812 sollicitabat
1721 769 1776 809 ci-

153 823 283 853 Graeciae
294 823 352 854 ³⁰¹·
365 829 560 870 vitatium
580 827 738 868 animos
758 826 971 868 mittendis
992 826 1154 882 legatis,
1172 827 1326 882 partim
1347 827 1459 868 ultro
1480 827 1533 868 ad
1554 842 1648 867 eum
1669 826 1776 866 19νε-

149 864 260 896 licitat.

364 885 558 926 niebant:
592 885 720 925 sicutb
741 884 931 940 Epirotae
950 884 1160 924 communi
1180 883 1317 938 gentis
1338 898 1554 933 consensu,
1575 891 1615 924 et
1638 882 1731 923 Elei
1753 897 1775 922 e

366 941 651 998 Peloponneso
670 949 886 981 venerunt.
947 940 1041 981 Elei
1061 939 1267 981 auxilium
1287 939 1486 981 adversus
1506 939 1687 980 Achaeos
1706 954 1777 995 pe-

365 999 523 1048 tebant,
541 1013 662 1054 quos,
679 1005 774 1053 post
793 997 952 1038 bellum
973 1011 1054 1037 non
1076 1012 1126 1037 ex
1149 1011 1225 1037 sua
1244 996 1447 1038 sententia
1461 996 1665 1037 indictum
1688 997 1777 1035 An-

364 1055 518 1105 tiocho,
535 1055 719 1111 primum
736 1053 894 1095 civitati
917 1069 1002 1094 suae
1018 1069 1132 1094 arma
1152 1053 1355 1094 inlaturos
1376 1053 1611 1094 credebant.
1657 1052 1777 1093 Mille

364 1111 414 1152 iis
435 1111 595 1168 pedites
615 1126 711 1152 cum
732 1110 838 1151 duce
861 1111 1050 1151 Cretensi
1072 1110 1280 1165 Euphane
1302 1119 1399 1152 sunt
1420 1110 1544 1151 missi.
1583 1110 1778 1165 Epirota»

365 1183 459 1209 rum
480 1167 633 1223 legatio
653 1176 741 1208 erat
761 1166 930 1207 minime
950 1166 991 1206 in
1013 1174 1173 1222 partem
1195 1166 1323 1206 ullam
1345 1166 1464 1207 liberi
1485 1175 1559 1207 aut
1580 1165 1777 1222 simplicis

366 1225 504 1265 animi.
547 1224 681 1280 Apud
701 1238 841 1279 regem
861 1223 1039 1279 gratiam
1060 1223 1204 1264 initam
1227 1223 1421 1264 volebant
1442 1238 1536 1263 cum
1559 1238 1620 1272 eo,
1642 1231 1691 1264 ut
1712 1237 1777 1263 ca-

368 1290 524 1330 verent,
542 1296 592 1321 ne
614 1281 719 1336 quid
739 1279 1010 1321 obfenderent
1028 1281 1250 1320 Romanos.
1273 1280 1472 1335 petebant
1488 1279 1612 1329 enim,
1628 1278 1718 1319 ²⁰ne
1736 1293 1776 1319 se

364 1339 558 1379 temerez'n
566 1351 744 1378 caussam
757 1338 980 1384 deduceret,
988 1337 1186 1389 expositos
1199 1337 1388 1377 adversus
1399 1337 1568 1376 Italiam
1579 1351 1656 1389 pro
1669 1338 1778 1376 omni

367 1396 546 1445 Graecia,
564 1401 602 1435 et
609 1395 768 1447 primos
783 1395 942 1447 inpetus
958 1394 1230 1434 Romanorum
1244 1399 1486 1445 excepturos.
1526 1394 1618 1443 Sed,
1635 1394 1672 1433 sz'
1692 1395 1778 1445 ipse

353 1458 490 1505 posset
510 1451 765 1492 terrestribus
785 1451 1072 1504 navalibusque
1091 1451 1218 1503 copiis
1230 1451 1455 1503 praesidere
1469 1451 1617 1502 Epim,
1635 1451 1780 1502 cupide

362 1523 446 1549 eum
462 1508 494 1533 ²¹
503 1523 633 1550 omnes
652 1509 853 1561 Epirotas
872 1513 911 1548 et
930 1507 1092 1548 urbibus
1113 1514 1150 1547 et
1163 1507 1359 1559 portubus
1370 1508 1452 1547 suis
1472 1512 1711 1559 accepturos.
1742 1508 1781 1547 si

362 1568 409 1606 id
427 1580 507 1606 non
529 1572 676 1619 posset,
706 1565 931 1618 deprecari,
953 1579 1003 1605 ne
1028 1579 1068 1604 se
1098 1565 1223 1604 nudos
1250 1570 1371 1617 atque
1396 1565 1564 1604 inermes
1591 1564 1780 1604 Romano

364 1623 465 1664 hello
500 1622 698 1676 objiceret.
760 1623 854 1662 Hac
890 1621 1094 1676 legatione
1129 1619 1173 1660 id
1207 1621 1274 1676 agi
1314 1620 1557 1676 adparebat,
1594 1629 1656 1670 ut,
1693 1620 1778 1662 sive

367 1679 501 1736 (quod
536 1680 668 1735 magis
703 1678 946 1732 credebant)
983 1676 1249 1718 abstinuisset
1283 1677 1430 1733 Epiro,
1460 1676 1662 1733 ”integra
1696 1678 1776 1719 sibi

364 1737 503 1777 omnia
540 1735 694 1792 ⁹³apud
735 1736 942 1776 exercitus
982 1735 1192 1774 Romanos
1231 1742 1380 1783 essent,
1421 1734 1639 1774 conciliata
1678 1734 1776 1775 satis

365 1794 480 1849 apud
500 1808 640 1849 regem
661 1792 809 1848 gratia,
832 1791 948 1847 quod
968 1790 1179 1846 accepturi
1200 1789 1376 1830 fuissent
1398 1790 1655 1837 venientem,
1690 1791 1776 1831 sive

365 1850 556 1899 venisset,
580 1849 636 1890 sic
656 1864 824 1904 quoque
846 1863 936 1903 spes
958 1847 1088 1887 veniae
1109 1847 1162 1887 ab
1184 1846 1385 1887 Romanis
1405 1846 1528 1896 foret,
1545 1846 1675 1902 quod,
1692 1862 1776 1887 non

365 1915 604 1962 exspectato
634 1905 862 1961 longinquo
892 1898 1048 1945 auxilio
1078 1903 1130 1944 ab
1162 1918 1218 1952 se,
1248 1902 1464 1959 praesentis
1491 1903 1651 1944 viribus
1680 1904 1776 1944 sub-

365 1964 620 2004 cubuissent.
682 1961 796 2002 Huic
826 1970 911 2002 tam
941 1960 1150 2016 perplexae
1180 1959 1393 2014 legationi,
1429 1959 1530 2015 quia
1563 1975 1645 2000 non
1678 1960 1776 2001 satis

365 2019 407 2060 in
437 2028 607 2076 promtu
637 2028 740 2067 erat,
769 2018 872 2074 quid
903 2016 1185 2073 responderet,
1207 2016 1365 2071 legatos
1396 2031 1438 2057 se
1467 2016 1692 2057 missurum
1721 2017 1775 2057 ad

365 2092 434 2118 eos
461 2076 583 2127 dixit,
605 2076 679 2132 qui
707 2075 758 2116 de
785 2076 851 2125 iis,
873 2090 968 2130 quae
995 2073 1050 2114 ad
1076 2073 1169 2114 illos
1199 2088 1326 2128 seque
1354 2073 1630 2114 communiter
1650 2073 1776 2129 perti-

365 2142 526 2184 nerent,
548 2133 832 2189 loquerentur.

423 2191 499 2230 VI.
533 2191 586 2230 In
617 2190 822 2230 Boeotiam
853 2188 940 2245 ipse
974 2187 1187 2245 profectus
1216 2194 1292 2235 est,
1324 2201 1488 2227 caussas
1519 2186 1561 2227 in
1597 2187 1774 2243 speciem

365 2247 437 2287 irae
458 2247 657 2287 adversus
678 2247 890 2286 Romanos
912 2261 994 2295 eas,
1016 2259 1120 2300 quas
1141 2251 1236 2284 ante
1266 2243 1369 2293 dixi,
1391 2243 1638 2289 liabentem;
1675 2244 1775 2283 Bra-

366 2303 516 2360 chyllae
546 2317 701 2350 necem,
723 2310 764 2342 et
792 2302 947 2343 bellum
972 2317 996 2342 a
1028 2300 1224 2351 Quinctio
1257 2301 1470 2349 Coroneae,
1492 2306 1663 2355 propter
1692 2300 1776 2339 Ro-

368 2375 584 2401 manorum
613 2358 795 2399 militum
825 2358 972 2408 caedes,
994 2357 1196 2405 inlatum;
1229 2371 1273 2397 re
1304 2371 1402 2397 vera
1427 2370 1501 2411 per
1529 2354 1663 2396 multa
1686 2356 1773 2411 jam

899 2462 914 2487 h
929 2465 1015 2494 sicuti
1031 2463 1129 2494 Gron.
1145 2462 1238 2493 Crev-

412 2561 481 2592 190
496 2560 670 2600 Veniebant]
702 2558 828 2600 Legati:
853 2565 887 2589 ut
909 2559 948 2588 ab
973 2557 1048 2600 Epi-
1135 2556 1334 2597 22⁸Integra
1349 2556 1400 2584 sibi
1418 2555 1512 2583 munia
1535 2555 1613 2593 apud
1636 2555 1776 2584 exercitus

367 2603 449 2638 rotis,
465 2608 496 2634 et
508 2602 547 2633 ab
562 2601 656 2632 Eleis.
1097 2599 1236 2629 Romanos
1256 2598 1360 2638 essent]
1394 2597 1475 2628 Dele
1499 2607 1603 2626 vocem
1626 2598 1774 2627 exercitus.

409 2645 536 2677 20⁸Ne
559 2655 586 2674 se
612 2651 714 2675 temere
735 2645 766 2674 in
789 2654 904 2673 causam
927 2644 1049 2673 deduce·
1094 2643 1208 2673 Sensus
1244 2647 1307 2671 est:
1345 2645 1379 2669 ut
1413 2645 1537 2680 possent
1571 2639 1664 2669 videri
1701 2639 1775 2669 nihil

368 2689 428 2730 ret]
466 2688 515 2719 Ne
542 2687 635 2718 vellet
663 2697 695 2717 se
724 2692 836 2716 temere
865 2685 896 2714 in
924 2695 1050 2715 causam
1095 2685 1214 2718 secisse,
1240 2694 1300 2723 quo
1327 2681 1461 2712 Romani
1484 2681 1718 2717 ostenderentur,
1744 2687 1776 2711 et

370 2731 483 2772 regiam
507 2729 702 2765 descendere,
733 2734 834 2771 partes
862 2727 960 2768 regias
986 2738 1050 2758 am·
1095 2728 1257 2768 integram,
1287 2725 1434 2765 nullaque
1462 2735 1498 2754 ex
1517 2731 1620 2770 *parte
1659 2725 1773 2758 laesam,

371 2775 477 2815 plecti.
1096 2780 1166 2800 cum
1183 2769 1218 2799 iis
1233 2768 1399 2798 amicitiam
1414 2767 1585 2798 retinuisse.

413 2818 451 2847 21
493 2816 610 2856 Omnes]
650 2814 760 2857 Scripti
797 2812 985 2845 Gronoviani
1021 2819 1053 2843 et
1137 2813 1178 2842 23
1203 2812 1289 2850 Apud
1325 2812 1463 2841 erem-itus
1500 2809 1656 2850 Romanos]
1698 2808 1776 2839 Dele

371 2864 472 2890 noster
489 2858 570 2889 vict.
592 2860 729 2888 omnibus.
777 2856 963 2887 Utrumlibet
986 2865 1051 2885 ma·
1095 2864 1164 2884 cum
1181 2853 1336 2884 Gronovio
1352 2863 1454 2884 vocem
1469 2855 1618 2883 eren-ciem.

372 2902 418 2935 lis.
437 2912 542 2943 parum
556 2901 690 2933 interest.
