1947 3222
588 121 707 156 LIB.
737 120 893 156 XXXI.
939 121 1071 156 CAP.
1100 121 1144 156 1..
1497 128 1544 159 45

130 224 211 265 ”ut
232 228 382 268 veritas
411 242 538 267 reram
566 234 767 278 gestarum
800 228 892 282 (jus,
915 230 980 268 cui
999 235 1136 269 tantus
1166 229 1287 269 honos
1317 231 1542 281 haberetur,
1559 238 1730 271 tf.c.55⁶.².

124 282 285 335 publice
305 287 517 325 videretur.
560 286 732 338 Ecquem
757 301 804 324 ea*
823 300 867 324 eo
888 287 1075 329 mercica,
1094 287 1164 339 qai
1183 299 1265 325 cum
1287 285 1425 328 Gallis
1440 303 1543 343 pug-
1556 281 1596 311 Α·
1609 281 1645 311 C·
1659 282 1732 311 2⁰⁰·

129 342 301 388 flaverit,
325 343 361 382 si
381 355 457 380 non
483 342 659 381 militem.
684 344 807 382 lixam
838 343 1130 395 saltemsaisse,
1153 357 1262 396 quem
1289 348 1548 395 percunctari

124 404 259 450 posset
277 404 448 444 senatus,
473 400 572 451 qaid
590 401 677 440 veri
691 406 847 452 praetor
867 401 1011 440 vanive
1031 400 1229 454 referret?
1268 400 1456 441 Comitiis
1476 402 1545 442 de·
1557 411 1699 443 Comitia.

134 454 229 495 inde
249 454 358 495 diem
379 454 543 496 edixit':
578 457 733 512 quibus
763 457 889 497 creati
921 465 1016 498 sunt
1048 456 1235 498 consules
1258 457 1307 496 L.
1328 458 1545 498 Cornelius

132 510 354 560 Lentulus,
374 512 421 552 P.
438 511 588 553 Villius
606 513 845 568 Tappulus.
869 515 1074 555 Praetores
1094 513 1191 554 inde
1207 513 1306 554 facti
1325 514 1375 553 L.
1393 513 1545 563 Quinc-

131 567 214 607 tius
246 567 520 619 Flamininus,
545 569 595 609 L.
621 569 808 611 Valerius
831 570 1020 619 Flaccus,
1054 571 1103 610 L.
1128 569 1277 610 Villius
1304 570 1543 625 TappuluS,

134 623 208 663 Cn.
233 624 402 665 Baebius
426 625 692 682 Tamphilus.
1517 667 1519 673 ,

186 679 236 719 L.
271 682 452 722 Annona
484 698 653 738 quoque
684 699 732 724 eo
762 699 869 725 anno
899 684 1066 739 pervilis
1097 684 1192 725 fuit.
1229 683 1429 725 frumenti
1459 683 1543 726 vim
1556 690 1742 723 Vilisanno-

129 750 321 792 magnam
352 754 402 778 ex
434 739 581 780 Africa
618 740 834 782 advectam
869 741 1010 781 aediles
1049 740 1212 781 curules
1244 741 1307 780 M.
1341 740 1606 781 Claudiusna·

132 793 359 835 Marcellus
380 804 420 836 et
445 797 537 836 Sex.
563 797 701 838 isslius
725 799 867 839 Paetus
889 797 1034 839 Slbinis
1056 797 1147 838 aeris
1168 798 1211 837 in
1232 796 1391 837 modios
1412 812 1545 853 popu-

129 848 168 889 lo
189 849 442 893 diviserunt:
477 862 517 894 et
539 853 659 894 ludos
682 855 892 895 Romanos
912 869 1063 909 magno
1093 854 1298 909 adparatu
1328 853 1541 895 fecerunt:

128 905 238 947 diem
260 923 391 948 unum
413 909 720 951 instaurarunt:
755 912 872 965 signa
893 926 1007 951 aenea
1027 911 1215 965 quinque
1240 925 1290 949 ex
1312 910 1546 952 multaticio

128 972 300 1018 argento
322 965 362 1005 in
393 967 538 1006 aerario
567 975 808 1021 posuerunt.
871 967 1029 1007 Plebeii
1052 966 1140 1007 ludi
1161 966 1213 1006 ab
1235 965 1428 1006 aedilibus
1449 966 1543 1007 8²L.

133 1020 333 1062 Terentio
364 1022 613 1063 Massiliota³
633 1031 673 1064 et
706 1025 782 1064 Cn.
808 1024 952 1064 Baebio
975 1022 1217 1078 Tamphilo,
1239 1037 1365 1077 quem
1395 1031 1545 1078 praeto-

127 1091 214 1117 rem
235 1077 565 1134 designaverant,
589 1088 652 1120 ter
682 1080 759 1121 toti
784 1080 1017 1122 instaurati.
1080 1081 1138 1120 Et
1160 1078 1249 1119 ludi
1270 1079 1467 1120 funebres
1496 1095 1544 1121 eo
1555 1088 1647 1136 Ludi,
1661 1088 1693 1120 in

129 1147 236 1173 anno
267 1149 341 1189 per
380 1135 657 1191 quatriduum
697 1136 738 1177 in
774 1137 879 1187 foro,
915 1138 1061 1179 mortis
1102 1137 1164 1176 M.
1189 1135 1342 1176 Valerii
1379 1136 1542 1178 Laevini
1555 1132 1731 1205 qu1t1usl25.

127 1204 284 1240 caussa,
307 1206 331 1231 a
362 1193 409 1232 P.
438 1201 479 1234 et
512 1194 574 1233 M.
597 1193 691 1234 filiis
722 1194 811 1250 ejus
841 1195 964 1235 facti:
999 1203 1039 1235 et
1069 1208 1223 1234 munus
1243 1192 1542 1247 gladiatorium
1554 1184 1720 1248 Ξῗζζὲῐξῐῖ

126 1245 273 1288 datum
293 1249 346 1289 ab
367 1248 428 1289 iis.
460 1250 575 1305 paria
596 1250 783 1306 quinque
808 1260 849 1292 et
879 1251 1028 1306 viginti
1049 1257 1303 1307 pugnarunt.
1366 1251 1428 1290 M.
1452 1251 1544 1290 Au-

125 1302 250 1345 relius
287 1306 427 1355 Cotta,
460 1306 668 1348 decemvir
701 1323 925 1357 sacrorum,
959 1317 1162 1349 mortuus.
1207 1307 1250 1346 in
1283 1307 1373 1362 ejus
1405 1306 1542 1348 locum

127 1360 201 1399 Μ’.
239 1362 402 1403 Acilius
445 1363 619 1405 Glabrio
659 1365 885 1406 subfectus.
968 1364 1158 1406 Comitiis
1198 1362 1338 1404 aediles
1378 1363 1543 1405 curules

123 1417 249 1458 creati
280 1427 377 1460 sunt
411 1420 519 1462 forte
549 1422 686 1471 ambo,
718 1421 792 1478 qui
822 1421 1003 1464 ⁸³statim
1034 1422 1220 1477 occipere
1249 1419 1542 1476 magistratum

126 1488 207 1514 non
241 1485 420 1530 possent.
464 1493 559 1518 nam
597 1479 644 1518 C.
684 1479 901 1519 Cornelius
939 1479 1151 1534 Cethegus
1192 1477 1339 1518 absens
1379 1485 1543 1518 creatus

124 1538 227 1580 erat,
249 1547 382 1586 quum
412 1533 658 1589 Hispaniam
689 1535 895 1576 obtineret
925 1535 1205 1590 provinciam3
1238 1532 1328 1573 ⁸4C.
1353 1533 1543 1574 Valerius

128 1586 316 1638 Flaccus,
339 1605 463 1644 quem
495 1599 740 1646 praesentem
771 1594 1040 1641 creaverant‘,
1063 1590 1203 1646 ⁸⁵quia
1232 1589 1380 1630 flamen
1408 1590 1542 1631 Dialis

123 1651 226 1693 erat,
242 1645 447 1700 jurarein
478 1647 588 1702 leges
617 1663 699 1688 non
729 1656 916 1703 poterat:
959 1648 1251 1703 magistratum
1278 1654 1418 1687 autem
1446 1646 1542 1702 plus

123 1699 309 1756 quinque
330 1701 431 1751 dies,
452 1704 530 1744 nisi
562 1705 636 1759 qui
661 1705 840 1759 jurasset
872 1704 913 1745 in
944 1704 1070 1760 leges,
1092 1718 1173 1744 non
1205 1703 1355 1743 licebat
1385 1718 1540 1757 gerere.

127 1757 301 1798 Petente
332 1759 496 1810 Flacco,
518 1770 566 1801 ut
597 1760 759 1816 legibus
790 1761 1034 1811 solveretur,
1061 1771 1226 1801 senatus
1256 1759 1454 1809 decrevit,
1477 1768 1539 1809 ut,

126 1812 159 1853 si
189 1813 333 1864 aedilis,
357 1816 429 1872 qui
454 1832 530 1872 pro
552 1833 592 1858 se
617 1819 794 1873 juraret,
817 1819 1022 1859 arbitratu
1055 1817 1271 1858 consulum
1293 1816 1425 1866 daret,
1448 1831 1542 1856 con-

125 1869 247 1920 sules,
275 1871 306 1912 si
338 1872 394 1913 eis
424 1874 650 1924 videretur,
682 1890 776 1915 cum
806 1875 986 1916 tribunis
1015 1874 1147 1930 plebis
1177 1881 1361 1929 agerent,
1394 1873 1456 1914 uti
1487 1873 1540 1914 ad

125 1926 288 1981 plebem
310 1929 476 1972 ferrent.
538 1933 690 1981 Datus,
713 1931 786 1987 qui
811 1932 973 1988 juraret
1003 1947 1080 1987 pro
1110 1931 1252 1979 fratre,
1277 1931 1327 1970 L.
1352 1929 1540 1971 Valerius

128 1983 317 2035 Flaccus,
353 1996 507 2042 praetor
542 1988 794 2044 designatus.
842 1988 1000 2030 tribuni
1040 1988 1093 2028 ad
1133 1987 1296 2043 plebem
1334 1986 1537 2036 tulerunt,

125 2039 351 2097 plebesque
382 2044 514 2094 scivit,
537 2054 585 2086 ut
605 2045 778 2101 perinde
808 2055 927 2095 esset,
949 2061 996 2086 ac
1018 2046 1050 2085 si
1081 2045 1168 2100 ipse
1189 2043 1321 2084 aedilis
1341 2044 1535 2099 jurasset.

127 2097 185 2138 Et
207 2098 258 2138 de
279 2098 409 2140 altero
430 2102 549 2142 aedile
580 2102 727 2143 scitum
758 2102 892 2158 plebis
912 2111 973 2143 est
1004 2103 1176 2151 factum,
1198 2100 1445 2156 rogantibus
1466 2100 1538 2141 tri-

321 2203 332 2219 Γ
348 2201 453 2230 indiait
469 2202 566 2232 Gron.
584 2202 674 2233 CreV.
690 2231 697 2238 ,
760 2205 771 2221 ⁵
786 2204 887 2233 Illas-sa
902 2201 990 2232 Eaed.
1076 2201 1086 2221 t
1103 2207 1238 2231 crearunt
1257 2199 1346 2230 Eaed.

172 2284 213 2314 80
250 2284 291 2314 Ut
317 2288 424 2317 veritas
446 2297 545 2316 reram
565 2293 712 2328 gestarum
737 2310 744 2318 .
769 2310 776 2317 .
802 2311 810 2318 .
854 2287 960 2322 edunt,
988 2296 1098 2327 nempe
1127 2286 1306 2316 Massaliota.
1353 2283 1435 2315 Vide
1460 2284 1536 2315 infra

129 2327 244 2365 publice
270 2329 433 2370 videretur]
474 2331 544 2360 Hoc
567 2341 585 2360 a
608 2329 732 2370 Sigonio
753 2335 809 2365 est,
853 2330 875 2360 1.
888 2329 1182 2360 XXXVIII.c.4·2.
1195 2329 1258 2360 etl.
1271 2329 1380 2358 XL.c.
1394 2329 1445 2358 35.
1463 2327 1536 2369 Pig-

135 2379 190 2399 nec
205 2380 278 2401 sane
292 2372 373 2413 sapit
388 2371 550 2402 Livianam
566 2383 704 2403 manum.
727 2372 811 2403 Olim
854 2372 922 2402 hius
936 2372 967 2402 in
988 2372 1107 2403 Annal.
1123 2382 1242 2414 semper
1259 2370 1364 2402 scribit
1378 2371 1492 2400 Massa.

131 2411 290 2452 legebatur
311 2414 396 2446 nullo
417 2426 527 2445 sensu:
563 2423 596 2446 ut
620 2418 742 2446 virtutes
765 2427 811 2446 re·
897 2417 936 2446 83
963 2417 1071 2445 Statim
1101 2415 1240 2455 occipere]
1288 2414 1391 2444 Proba
1419 2413 1534 2454 Sigonii

129 2465 196 2484 ram
220 2462 367 2497 gestarum
393 2481 401 2488 .
424 2480 432 2489 .
460 2481 468 2489 .
492 2459 606 2498 publice
633 2462 812 2490 viderentur.
854 2457 1040 2488 emendatio.
1085 2457 1175 2488 Prius
1188 2460 1325 2496 accipe-re.

132 2497 211 2528 Livii
247 2505 381 2531 mentem
409 2501 529 2532 videtur
558 2501 694 2542 attigisse
723 2502 809 2541 Sigo-
897 2502 938 2531 84
975 2501 1008 2530 C.
1044 2501 1177 2530 Valerius
1209 2500 1347 2540 Placeas]
1395 2499 1445 2529 De
1475 2498 1532 2528 hoc

133 2540 211 2576 nius,
236 2542 329 2573 verba
354 2553 414 2574 non
440 2545 514 2574 satis
542 2544 667 2576 feliciter
689 2545 809 2575 restitu-
855 2543 967 2574 Flacco
983 2543 1046 2584 egit
1063 2542 1179 2579 Livius,
1196 2543 1215 2573 l.
1233 2542 1374 2573 XXVII.
1392 2551 1420 2572 c.
1435 2543 1465 2572 8.

132 2581 202 2614 isse.
895 2588 936 2617 85
968 2587 1046 2621 Quia
1064 2588 1178 2627 flamen
1207 2586 1305 2616 Dialis
1332 2590 1405 2620 erat,
1425 2586 1535 2622 jurare

175 2627 213 2656 81
251 2626 336 2657 Binis
368 2631 434 2659 <fris
462 2631 493 2659 in
522 2630 641 2670 modios]
689 2631 811 2661 Octava
855 2631 885 2659 in
913 2630 986 2671 leges
1011 2640 1068 2659 non
1094 2629 1222 2669 poterat]
1268 2629 1378 2659 Jurare
1404 2625 1531 2672 Dialem

132 2667 250 2699 denarii
270 2676 366 2711 parte,
390 2681 459 2712 quae
484 2678 550 2703 erat
572 2683 735 2713 granorum
760 2683 805 2703 ar·
851 2672 897 2702 fas
920 2681 1086 2713 nunquam.
1103 2676 1159 2706 est,
1174 2670 1275 2711 inquit
1298 2670 1339 2700 A.
1356 2668 1485 2703 Gellius,
1510 2668 1530 2698 l

131 2711 216 2751 genti
232 2713 409 2744 nostratium
425 2716 454 2745 9.
853 2715 892 2745 X.
908 2725 937 2746 e.
956 2716 1004 2746 15.
1026 2714 1090 2750 ubi,
1107 2724 1143 2745 ex
1161 2713 1257 2744 Fabio
1271 2712 1452 2757 Pictore-et
1466 2710 1533 2740 alus

173 2754 213 2784 82
241 2754 277 2785 L.
301 2756 433 2787 Terentio
455 2758 576 2799 Atussa]
612 2757 756 2798 Sigonius
778 2764 808 2788 et
852 2756 986 2799 antiquis
1022 2756 1230 2799 scriptoribuS,
1260 2762 1449 2786 caeremomae
1477 2753 1532 2784 fla·

132 2796 282 2828 Gelenius
304 2808 472 2840 cognomen
494 2799 584 2842 hujus
599 2800 698 2832 aedilis
718 2801 809 2832 aliter
851 2800 928 2831 mini
942 2800 1027 2831 Diali
1044 2800 1193 2843 impositae
1208 2802 1414 2829 recensentur.
