1947 3222
123 228 166 263 U,
179 227 303 259 C.·55’7.

123 271 167 301 A.
180 271 218 302 C.
233 271 303 302 195.

123 313 239 343 Iterum
255 313 302 344 fu-

121 360 242 396 gantur.

118 1343 269 1386 Gythium

116 1388 276 1429 obpugna-

115 1435 192 1462 tum.

340 112 420 146 15&
884 107 1015 148 TITI
1057 108 1221 148 LIVH

336 225 516 260 tremum
536 229 686 272 agmen
714 217 933 273 praeteriit,
954 226 1046 261 tum
1076 218 1129 263 ab
1158 233 1213 274 op
1245 217 1330 268 ido,
1351 215 1534 258 &eodem
1556 231 1642 272 quo
1666 217 1761 273 pri-v

335 273 404 314 die
423 281 646 329 eruperant
666 274 870 325 tumultu,
892 274 1086 331 pluribus
1107 275 1213 317 simu
1250 275 1349 316 locis
1370 281 1609 329 erumpunt.
1664 274 1750 330 Ap.

337 330 542 372 Claudius
562 345 711 387 agmen
731 332 905 387 cogebat
923 347 932 371 :
965 332 1039 387 qui
1060 332 1114 377 ad
1140 332 1202 382 id,
1222 332 1339 388 quod
1359 331 1553 372 futurum
1575 339 1677 380 erat,
1698 346 1752 375 ne

333 387 598 443 inopinatum
627 387 845 436 accideret,
877 388 1121 443 praeparatis
1152 403 1322 431 suorum
1352 387 1514 437 animis,
1537 387 1654 443 signa
1683 402 1759 428 ex-

336 443 491 500 templo
526 443 744 494 convertit,
775 452 997 498 totumque
1037 445 1081 486 in
1114 445 1276 488 hostem
1311 459 1460 501 agmen
1494 442 1752 499 circumegit.

337 501 504 556 Itaque,
534 501 650 542 velut
679 499 712 525 ⁹⁰
724 509 849 541 rectae
878 500 985 541 acies
1013 502 1331 551 concurrissent,
1354 502 1519 557 justum
1551 500 1754 556 aliquam..

334 556 408 597 diu
429 556 629 613 proelium
649 556 744 597 fuit.
776 556 945 598 tandem
966 557 1144 599 Nabidis
1172 557 1323 600 milites
1343 559 1387 599 in
1416 558 1561 614 fugam
1584 557 1753 601 inclina-

333 621 445 654 runt.
477 629 574 669 quae
593 612 626 637 9¹
639 613 779 654 minus
806 613 936 654 infida
955 629 1002 654 ac
1022 614 1189 670 trepida
1216 615 1380 665 fuisset,
1401 615 1445 657 ni
1465 614 1615 657 Achaei
1645 614 1752 655 loco-

333 685 428 711 rum
462 669 690 725 prudentes
722 669 979 711 institissent.
1020 670 1065 711 hi
1100 679 1142 712 et
1181 671 1336 712 caedem
1371 671 1582 726 ingentem
1614 671 1755 714 edide-

332 734 448 775 runt,
479 734 520 766 et
555 725 763 782 dispersos
797 726 949 782 passim
984 727 1089 783 fuga
1126 726 1347 783 plerosque
1376 727 1501 769 armis
1531 736 1751 772 exuerunt.

335 782 558 832 Quinctius
577 796 708 839 prope
721 783 922 839 Amyclas
942 784 1083 839 posuit
1100 792 1245 825 castra.
1267 783 1378 834 inde,
1396 799 1528 839 quum
1544 799 1754 840 perpopu-r

332 839 444 880 latus
463 839 602 881 omnia
622 839 887 896 circumjecta
907 840 1004 882 urbi
1023 840 1057 864 ⁹⁶²
1068 840 1301 896 frequentis
1321 848 1362 883 et
1382 840 1533 883 amoeni
1553 841 1642 896 agri
1663 841 1753 886 loca

333 903 455 946 esset,
475 896 593 937 nullo
607 897 696 953 jam
716 896 900 939 hostium
921 896 956 922 ⁹3
970 905 1116 953 portau
1135 897 1375 947 excedente,
1392 897 1523 939 movit
1543 905 1677 938 castra
1696 898 1749 941 ad

332 951 490 993 flumen
511 954 730 995 Eurotam.
761 953 859 994 inde
889 954 1039 995 vallem
1062 955 1257 1010 Taygeto
1287 954 1517 1009 subjectam
1547 969 1755 1010 agrosque

332 1009 388 1050 ad
408 1024 521 1050 mare
542 1010 796 1066 pertinentes
816 1019 988 1052 evastat.

390 1066 579 1108 XXIX.
612 1067 776 1111 Eodem
822 1067 908 1109 fere
953 1076 1139 1124 tempore
1184 1068 1235 1109 L.
1271 1067 1493 1119 Quinctius
1532 1066 1752 1112 maritimae

331 1137 416 1165 orae
445 1123 615 1179 oppida,
637 1125 790 1180 partim
820 1124 1050 1175 voluntate,
1071 1126 1225 1181 partim
1255 1133 1372 1166 metu
1401 1133 1475 1166 aut
1502 1125 1559 1175 vi,
1581 1124 1749 1180 recepit.

331 1180 483 1221 certior
504 1180 654 1222 deinde
683 1181 835 1230 factus,
859 1180 1067 1237 Gythium
1089 1181 1293 1238 oppidum
1312 1181 1498 1222 omnium
1526 1182 1752 1222 maritima-

331 1250 427 1278 rum
456 1252 597 1279 rerum
629 1237 957 1279 Lacedaemoniis
984 1238 1295 1295 receptaculum
1325 1254 1425 1288 esse,
1447 1253 1521 1279 nec
1551 1238 1697 1294 procul
1726 1253 1752 1279 a

331 1293 435 1334 mari
455 1302 592 1336 castra
612 1295 803 1336 Romana
831 1295 988 1345 abesse,
1009 1296 1202 1337 omnibus
1221 1295 1265 1337 id
1293 1296 1422 1351 copiis
1452 1295 1626 1350 adgredi
1656 1309 1752 1337 con-

331 1350 481 1393 stituit.
542 1351 648 1394 Erat
670 1367 718 1392 eo
739 1359 925 1407 tempore
945 1352 1084 1394 valida
1103 1352 1219 1402 urbS,
1241 1363 1283 1394 et
1304 1351 1574 1394 multitudine
1594 1351 1748 1392 civium

329 1405 363 1430 ⁹⁴
374 1406 688 1464 incolarumque
732 1416 773 1454 et
817 1409 930 1450 omni
978 1409 1127 1450 bellico
1170 1409 1376 1465 adparatu
1420 1408 1635 1451 instructa.
1697 1408 1750 1448 In

330 1471 516 1520 tempore
547 1464 760 1515 Quinctio,
791 1480 878 1507 rem
910 1465 1025 1507 haud
1060 1465 1223 1507 facilem
1253 1464 1528 1521 adgredienti,
1557 1480 1630 1506 rex
1661 1465 1751 1505 Eu-

328 1535 467 1562 menes
488 1529 529 1562 et
551 1521 691 1562 classis
713 1521 978 1565 Rhodiorum
1010 1530 1351 1578 supervenerunt.
1382 1522 1527 1577 ingens
1556 1520 1748 1563 multitu-

328 1577 384 1619 do
418 1578 629 1619 navalium
665 1577 884 1628 sociorum,
917 1594 939 1620 e
974 1579 1110 1621 tribus
1144 1587 1357 1621 contracta
1387 1578 1601 1629 classibus,
1635 1578 1747 1619 intra

326 1649 483 1691 paucos
507 1635 596 1676 dies
621 1635 775 1685 omnia,
798 1651 894 1691 quae
914 1635 968 1677 ad
997 1636 1352 1692 obpugnationem
1376 1636 1492 1677 urbis
1522 1643 1633 1676 terra
1661 1650 1746 1676 ma-

326 1691 446 1747 rique
476 1691 650 1733 munitae
679 1691 868 1734 facienda
896 1707 1022 1748 opera
1050 1701 1182 1743 erant,
1204 1692 1350 1734 effecit.
1411 1693 1509 1734 Jam
1530 1690 1746 1733 ⁹⁵testudj-

325 1747 450 1789 nibus
470 1748 649 1790 admotis
678 1764 825 1789 murus
855 1749 1165 1790 subruebatur:
1192 1749 1281 1805 jam
1312 1748 1510 1790 arietibus
1531 1748 1746 1804 quatieba-

325 1812 407 1846 tur.
471 1806 624 1868 Itaque
655 1821 740 1846 una
768 1806 923 1847 crebris
954 1805 1107 1847 ictibus
1137 1821 1278 1848 eversa
1298 1814 1359 1847 est
1380 1806 1522 1855 turris,
1544 1804 1744 1861 quodque

323 1861 432 1902 circa
451 1877 561 1903 muri
584 1871 688 1912 erat,
710 1878 807 1904 casu
828 1863 919 1919 ejus
949 1871 1230 1918 prostratum:
1263 1871 1304 1904 et
1327 1863 1507 1904 Romani
1527 1861 1560 1887 ⁹⁶
1574 1861 1697 1902 simul
1717 1876 1743 1902 a

324 1926 486 1975 portux,
509 1919 621 1961 unde
650 1919 790 1962 aditus
819 1919 982 1976 planior
1006 1928 1110 1969 erat,
1130 1919 1166 1946 ⁹⁷
1178 1927 1227 1961 ut
1247 1919 1531 1961 distenderent
1552 1919 1605 1960 ab
1625 1932 1742 1974 aper-

728 2023 744 2040 u
757 2025 869 2059 portam
886 2019 976 2051 Crev.

365 2125 405 2155 89
430 2125 536 2155 Eodem
563 2136 618 2165 quo
648 2126 744 2164 pridie
773 2131 929 2164 eruperant
960 2130 1008 2154 tn-

321 2168 420 2197 multu.
442 2190 451 2198 .
474 2191 481 2199 .
507 2191 516 2199 .
537 2168 711 2209 erumpunt]
750 2168 883 2199 Videtur
911 2166 1007 2198 insiti-

323 2209 399 2240 tium
416 2220 481 2241 esse
496 2211 531 2242 τό
543 2218 714 2250 eruperant.
736 2211 952 2242 Guomovms.

365 2253 563 2294 90⁸⁸Rectoe]
594 2254 696 2284 Recta
721 2253 819 2284 fronte
845 2252 903 2284 sibi
931 2253 1009 2284 invi—

322 2304 390 2326 cem
405 2296 564 2338 opposita).

363 2339 403 2370 91
430 2340 532 2370 Minus
557 2340 664 2380 infida]
701 2340 853 2380 Suspecta
879 2345 926 2370 est
950 2349 1007 2369 vox

321 2382 431 2423 infida:
468 2381 566 2424 magis
607 2382 744 2424 placeret
780 2383 883 2424 effirsa.
938 2381 1010 2413 Nisi

322 2424 398 2456 forte
422 2425 587 2456 recidenda
616 2425 742 2457 omnino
767 2432 813 2457 est
838 2435 910 2457 cum
938 2435 1010 2466 par-

321 2467 418 2500 ticula
442 2479 487 2499 ac.
531 2468 675 2499 Andreas
701 2467 795 2505 enim,
823 2473 854 2499 et
883 2478 963 2499 unus
992 2478 1010 2499 e

321 2511 418 2542 MSS.
434 2511 574 2548 Hearnii,
599 2517 632 2542 et
656 2511 773 2544 Victor.
800 2517 930 2552 utraque
953 2511 1010 2542 illa

323 2564 398 2585 voce
413 2561 529 2585 carent.

363 2598 434 2628 92*
445 2597 631 2637 Frequentis]
661 2596 749 2627 vicis
771 2595 1006 2637 hominibusque

320 2640 517 2680 frequentati.

361 2684 402 2714 93
427 2683 546 2714 Portam
575 2682 738 2722 excedente]
778 2681 1007 2712 Revocavimus

318 2725 484 2768 priscorum
518 2725 671 2758 editorum
704 2723 877 2759 lectionem,
909 2735 1004 2765 quam

317 2775 349 2800 et
380 2769 441 2800 duo
473 2780 491 2800 e
524 2769 618 2800 MSS.
647 2767 789 2802 Hearnii.
819 2773 851 2799 et
885 2767 1004 2798 Victor.

318 2817 449 2844 tuentur.
466 2812 570 2854 Vulgo
583 2818 680 2851 porta.
694 2811 744 2842 Sic
758 2816 791 2841 et
803 2810 825 2841 l.
839 2810 1003 2841 xxvnl.

318 2865 345 2884 υ.
365 2856 412 2885 14.
438 2854 488 2885 ubi
502 2855 592 2886 edere
616 2858 776 2886 assuerunt
797 2855 899 2886 casm-is
919 2863 1001 2894 egre-

1106 2021 1123 2040 ¹
1135 2025 1221 2059 porta
1237 2019 1334 2050 Gron.

1051 2126 1146 2162 ditur,
1165 2124 1342 2156 notavimus
1362 2133 1380 2154 e
1402 2122 1486 2154 vict.
1506 2122 1610 2154 codice
1634 2127 1741 2154 castra.

1053 2167 1122 2198 Nec
1148 2167 1271 2199 insolita
1296 2172 1343 2197 est
1371 2166 1437 2196 haec
1467 2165 1611 2207 loquendi
1639 2165 1737 2196 forma

1053 2210 1136 2252 apud
1153 2211 1275 2241 Livium
1292 2216 1324 2240 et
1338 2209 1468 2251 optimos
1482 2209 1654 2251 scriptores.

1095 2252 1361 2294 94‘17100larum]
1391 2252 1514 2282 Nomen
1540 2252 1635 2281 incola
1658 2260 1740 2291 saepe

1052 2294 1165 2327 dicitur
1194 2296 1233 2327 de
1263 2307 1300 2327 eo
1328 2296 1506 2337 quicunque
1539 2293 1645 2324 incolit
1672 2292 1738 2323 sive

1052 2337 1172 2371 habitat
1206 2340 1339 2379 aliquem
1374 2338 1486 2370 locum.
1531 2336 1575 2366 At
1610 2335 1738 2366 arctiore

1054 2392 1146 2414 sensu
1161 2382 1303 2423 designat
1314 2391 1385 2412 eum
1398 2380 1451 2421 qui
1472 2389 1533 2410 non
1549 2379 1580 2410 in
1602 2389 1657 2410 suo
1680 2378 1736 2410 ha-

1053 2425 1144 2462 bitat,
1161 2425 1214 2467 qui
1230 2435 1299 2456 eam
1313 2424 1421 2456 urbem
1436 2422 1543 2453 incolit
1558 2422 1648 2463 cujus
1663 2420 1739 2453 civis

1053 2478 1114 2500 non
1129 2475 1186 2500 est.

1094 2513 1136 2542 95
1162 2509 1379 2550 Testudinibus]
1403 2507 1477 2540 Vid.
1502 2512 1564 2538 not.
1588 2508 1638 2539 12.
1662 2507 1703 2538 ad
1716 2506 1738 2539 1.

1052 2554 1136 2628 V·9c6:
1149 2566 1253 2627 ²,Simul
1271 2607 1290 2626 α
1311 2593 1414 2634 portu]
1444 2593 1605 2625 Hactenus
1618 2592 1733 2624 edeba-

1050 2645 1099 2670 tur
1120 2652 1136 2670 a
1162 2644 1256 2679 pov-ta.
1277 2638 1296 2669 J
1300 2647 1346 2668 ac.
1363 2636 1537 2668 Gronovius
1556 2646 1593 2667 ex
1607 2635 1731 2668 Thuan.

1049 2681 1118 2713 cod.
1133 2682 1164 2713 id
1188 2680 1291 2714 attulit
1305 2679 1386 2721 quod
1410 2679 1506 2710 habes
1529 2679 1558 2709 in
1573 2684 1734 2712 contextu.

1049 2724 1212 2756 Consentit
1228 2724 1312 2755 Vict.
1326 2728 1358 2754 et
1371 2722 1504 2753 Andreae
1520 2721 1624 2752 editio.

1088 2768 1157 2799 97·
1173 2767 1211 2797 Ut
1236 2768 1429 2798 distenderent
1449 2767 1485 2796 ab
1507 2766 1649 2804 apertiore
1672 2764 1731 2794 loco

1047 2810 1149 2850 hosta]
1183 2810 1227 2841 Ut
1248 2809 1361 2844 hostes,
1377 2807 1409 2840 iu
1424 2807 1508 2840 varia
1529 2807 1598 2839 loca
1613 2807 1730 2849 disper-

1046 2852 1102 2884 tire
1130 2853 1208 2884 vires
1235 2862 1306 2885 suas
1334 2856 1468 2888 coactos,
1491 2856 1661 2883 averterent
1687 2849 1726 2880 ab
