1947 3222
533 91 595 130 LI
614 93 652 130 Β.
684 91 769 129 XL.
815 94 895 130 CA
919 94 959 132 P.
988 94 1136 132 XLVI.
1476 102 1552 141 497

148 214 261 243 verso
272 202 427 255 populo
442 201 628 242 Romano
646 200 818 242 moribus
837 203 986 242 nostris
996 205 1236 256 praepositos
1256 219 1356 246 esse.-
1388 212 1426 247 et
1446 221 1515 248 nos
1534 222 1561 248 a
1574 217 1616 248 U.
1632 217 1668 249 C.
1683 217 1756 249 573.

151 259 260 299 vohis
280 266 317 300 et
337 260 556 307 admoneri,
575 265 612 299 et
633 259 732 312 regi,
752 272 831 299 non
851 273 918 299 vos
938 274 963 298 a
985 259 1098 299 nobis
1117 261 1271 304 debere.
1302 263 1561 305 indicandum
1573 261 1614 291 A.
1631 260 1669 292 C.
1688 261 1758 291 179.

150 321 284 356 tamen
306 322 376 365 est,
398 317 497 370 quid
523 330 655 356 omnes
683 316 804 357 bonos
832 317 875 356 in
903 315 1012 356 vobis
1041 323 1113 356 aut
1131 317 1335 371 obfendat,
1356 329 1429 360 aut
1458 328 1563 362 certe

149 379 342 414 mutatum
376 374 531 414 malint.
591 373 776 426 Singulos
811 387 924 426 quum
959 375 1171 422 intuemur,
1208 375 1270 415 M.
1300 377 1465 428 AEmili,
1495 380 1560 420 M.

149 430 285 478 Fulvi,
308 431 499 471 neminem
519 431 637 470 bodie
657 432 701 470 in
721 431 888 471 civitate
917 430 1114 480 babemus,
1138 445 1262 484 quem,
1284 434 1320 472 si
1339 449 1562 476 revocemur

149 487 195 526 in
214 485 469 542 siffogium,
491 489 652 528 velimus
672 487 780 528 vobis
802 489 1019 540 praelatum
1049 503 1144 529 esse.
1174 488 1288 528 ambo
1309 504 1423 543 quum
1444 494 1562 533 simul

149 545 404 597 adspicimus,
427 559 505 584 non
528 559 733 597 possumus
753 559 832 584 non
853 546 997 594 vereri,
1020 559 1068 585 ne
1089 546 1192 586 male
1211 549 1438 599 comparati
1455 550 1558 598 sitis,

149 615 220 640 nec
239 608 393 642 tantum
415 602 646 655 reipublicoe
661 603 812 654 prosit,
835 603 941 656 quod
960 602 1137 643 omnibus
1158 603 1269 643 nobis
1295 605 1453 657 egregie
1468 607 1562 657 pla-

147 659 261 709 cetis,
291 673 423 712 quam,
446 661 552 712 quod
571 661 675 699 alter
704 660 829 699 alteri
848 659 1082 712 displicens,
1106 667 1255 700 noceat.
1320 661 1562 703 Inimicitias

137 729 220 767 per
239 730 367 757 annos
388 718 529 757 multos
548 716 656 756 vobis
677 717 776 769 ipsis
792 731 938 769 graves
959 723 995 756 et
1017 724 1170 757 atroces
1184 718 1352 771 geritis:
1385 733 1473 772 quae
1486 734 1560 772 pe·

146 773 315 813 riculum
336 779 405 822 est,
423 787 471 813 ne
492 788 540 813 ex
558 774 635 813 lzac
655 774 717 814 die
738 775 850 814 nobis
871 781 908 814 et
930 774 1172 827 reipublicae,
1191 789 1308 828 quam
1329 776 1450 826 vobis,
1462 791 1560 830 gra-

142 830 414 883 viores‘fi'ant.
475 831 545 871 De
565 831 705 884 quibus
733 832 882 872 caussis
904 832 977 871 lzoc
1004 832 1223 881 timeamus,
1246 833 1371 873 multa
1400 834 1560 874 subcur-

145 893 253 938 runt,
275 901 364 941 quoe
393 888 620 928 dicerentur
627 911 642 934 ‚·
673 887 707 911 ⁶⁸
720 890 800 929 nisi
813 891 934 942 forte
954 888 1219 941 inplacabiles
1245 896 1386 930 vestrae
1406 891 1477 931 irae
1498 892 1560 931 in-

138 944 386 997 plicaverint
412 947 568 986 animos
592 952 750 987 vestros.
811 946 909 986 Has
934 952 978 986 ut
1004 946 1134 994 leodic,
1158 953 1201 986 ut
1226 946 1267 986 in
1295 948 1371 987 islo
1399 950 1557 1001 templo,

130 1001 300 1054 finiatis
318 1003 554 1052 simultates,
577 1016 792 1056 quaesumus
822 1016 891 1043 vos
917 1004 1097 1043 universi
1104 1025 1117 1049 ;
1151 1009 1202 1052 et,
1225 1018 1323 1057 quos
1349 1004 1558 1058 conjunxi!

140 1059 346 1113 suffragiis
364 1060 446 1100 suis
459 1061 632 1113 populus
646 1062 867 1110 Romanus,
884 1061 960 1100 hac
980 1061 1100 1100 etiam
1118 1061 1442 1102 reconciliatione
1456 1077 1558 1116 gra-

140 1116 214 1155 tice
232 1116 422 1171 conjungi
441 1132 467 1156 a
487 1117 599 1157 uobis
617 1118 776 1157 sinatis.
843 1118 934 1157 Uno
955 1117 1106 1166 animo,
1128 1131 1207 1157 uno
1226 1119 1393 1158 consilio
1413 1119 1559 1173 legatis

139 1180 333 1224 senatum,
355 1175 506 1227 equites
534 1175 786 1223 recenseatis,
807 1175 944 1228 agatis
970 1188 1137 1224 censum,
1159 1175 1325 1214 lustrum
1355 1177 1558 1217 condatis:

140 1232 248 1283 quod
266 1232 310 1270 z'n
331 1231 509 1271 omnibus
521 1233 621 1284 fiere
634 1231 938 1283 precationibus
958 1231 1242 1284 nuncupabitis
1262 1231 1403 1282 verbis,
1427 1233 1490 1274 Ut
1510 1249 1558 1274 ea

140 1300 206 1327 res
226 1287 327 1328 mihi
354 1287 608 1343 collegaeque
634 1303 726 1329 meo
752 1288 857 1328 bene
887 1298 928 1330 et
954 1287 1131 1329 feliciter
1158 1289 1335 1339 eveniat,
1358 1290 1404 1329 id
1432 1291 1493 1330 ita
1513 1297 1558 1331 ut

140 1357 245 1394 vere,
267 1351 311 1385 ut
341 1359 390 1385 ex
419 1346 555 1385 animo
578 1346 712 1386 velitis
733 1346 912 1385 evenire.-
943 1345 1214 1400 efficiatisque,
1237 1352 1294 1395 ut,
1317 1347 1424 1400 quod
1446 1348 1558 1389 Deos

131 1403 297 1452 precati
317 1402 443 1451 eritis,
466 1402 512 1442 id
531 1416 596 1443 vos
616 1403 715 1443 velle
735 1403 856 1443 etiam
877 1403 1052 1443 homines
1071 1403 1284 1454 credamus.
1334 1404 1365 1444 Ἰ
1369 1404 1382 1443 ’.
1411 1404 1558 1446 Tatius

139 1463 179 1498 et
198 1459 405 1509 Romulus,
424 1460 467 1499 in
487 1459 596 1512 cujus
617 1459 727 1500 urbis
747 1461 875 1500 medio
878 1460 982 1514 ¹foro
1003 1461 1091 1499 acie
1110 1460 1237 1500 hostes
1252 1467 1553 1511 concurrerant,

136 1514 197 1569 ibi
215 1517 425 1556 concordes
442 1523 678 1570 regnarunt.
738 1517 835 1556 Non
856 1518 968 1556 modo
986 1518 1220 1566 simultates,
1241 1518 1310 1557 sed
1331 1518 1434 1558 bella
1459 1533 1554 1572 quo-

136 1586 213 1626 que
220 1573 438 1626 finiuntur.
470 1588 520 1613 ea*
539 1571 696 1626 infestis
711 1573 886 1614 hostibus
903 1575 1132 1627 plerumque
1150 1574 1248 1614 socii
1247 1575 1412 1626 fideles,
1430 1575 1554 1615 inter-

136 1631 232 1670 dum
251 1632 373 1671 etiam
394 1632 496 1672 cives
497 1632 627 1683 flunt.
688 1631 857 1681 Albani,
879 1632 1018 1672 diruta
1041 1631 1162 1681 Alba,
1187 1631 1355 1672 Romam
1375 1633 1554 1673 traducti

135 1693 249 1728 sunt.-
282 1687 444 1738 Latini,
476 1688 622 1729 Sabini
652 1689 695 1728 in
725 1690 928 1729 civitatem
959 1689 1125 1741 accepti.
1191 1688 1404 1743 Vulgatum
1434 1690 1551 1740 illud,

134 1745 234 1798 quia
265 1759 397 1786 verum
427 1752 531 1795 erat,
554 1747 598 1786 in
621 1746 876 1798 proverbium
898 1747 1025 1786 venit.-
1058 1746 1279 1786 Amicitias
1303 1747 1550 1797 inmortales,

136 1802 378 1843 inimicitias
392 1804 577 1843 mortales
596 1803 736 1843 debere
750 1818 843 1844 csse.
890 1802 1102 1843 Fremitus
1117 1810 1234 1844 ortus
1247 1818 1342 1844 cum
1358 1803 1550 1853 adsensu,

135 1858 287 1900 deinde
307 1859 594 1901 universorum
611 1875 731 1900 voces
751 1860 861 1901 idem
881 1859 1128 1915 petentium,
1145 1860 1329 1901 confusae
1344 1860 1389 1900 in
1404 1875 1550 1910 unum,

135 1915 364 1957 orationem
384 1916 718 1972 interpellarunt.
762 1916 868 1958 Inde
890 1916 1089 1957 AEmilius
1105 1924 1280 1972 questus
1301 1932 1433 1972 quum
1456 1916 1550 1966 alia,

135 1979 228 2013 tum
247 1972 312 2013 bis
333 1988 358 2013 a
379 1973 442 2013 M.
467 1972 615 2013 Fulvio
643 1989 684 2014 se
705 1981 817 2014 certo
847 1973 1065 2014 consulatu
1090 1972 1310 2028 dejectum.
1372 1972 1551 2014 Fulvius

136 2036 281 2069 contra
312 2029 446 2085 queri,
476 2045 518 2070 se
542 2030 594 2071 ab
625 2045 673 2070 eo
704 2045 864 2086 semper
893 2029 1145 2079 lacessitum,
1166 2028 1248 2070 ⁶9et
1277 2030 1321 2070 in
1348 2030 1548 2085 probrum

135 2099 260 2126 suum
288 2086 548 2141 sponsionem
577 2087 743 2129 factam.
778 2095 916 2128 tamen
947 2086 1069 2127 ambo
1103 2085 1347 2141 significare,
1380 2085 1413 2126 si
1445 2086 1551 2127 alter

135 2141 275 2192 vellet,
298 2158 339 2183 se
359 2143 403 2183 in
422 2151 628 2199 potestate
656 2151 719 2185 tot
739 2143 976 2199 principum
1001 2143 1181 2184 civitatis
1211 2142 1390 2183 futuros.
1453 2143 1551 2183 Om-

133 2198 259 2239 nibus
289 2198 556 2250 instantibus,
587 2201 662 2255 qui
693 2200 879 2250 aderant,
913 2200 1106 2241 dexteras
1136 2198 1345 2254 fidemque
1381 2199 1547 2249 dedere,
1565 2216 1714 2246 Censores

131 2255 298 2296 mittere
314 2271 409 2296 vere
426 2271 472 2296 ac
491 2256 610 2297 finire
626 2256 782 2297 odium.
815 2256 994 2306 Deinde,
1011 2255 1358 2296 conlaudantibus
1373 2255 1547 2306 cunctis,
1562 2258 1667 2306 positis
1685 2258 1763 2306 qdiis

134 2311 306 2353 deducti
323 2321 419 2354 sunt
436 2312 478 2353 in
501 2313 769 2368 Capitolium.
813 2314 873 2354 Et
889 2328 990 2354 cura
1006 2328 1130 2369 super
1146 2312 1219 2354 tali
1236 2327 1281 2353 re
1296 2311 1546 2368 principum,
1561 2311 1733 2375 ’ἴξῆξξῖἒᾶὲ

133 2375 176 2408 et
202 2368 378 2411 facilitas
408 2384 624 2410 censorum
645 2369 809 2425 egregie
840 2370 1109 2425 comprobata
1137 2369 1191 2409 ab
1222 2376 1366 2409 senatu
1395 2377 1437 2409 et
1462 2369 1549 2409 lau-
1562 2393 1629 2418 unt.

133 2423 233 2466 data
269 2434 344 2469 est.
406 2427 660 2468 Censoribus
706 2426 856 2467 deinde
904 2426 1231 2483 postulantibuS,
1273 2433 1322 2466 ut
1361 2425 1549 2481 pecuniae

176 2579 217 2611 68
263 2581 331 2611 Nisi
360 2583 445 2624 forte
487 2584 679 2623 implacabiles
721 2589 820 2614 vestrae
853 2582 988 2624 factam]
1043 2583 1112 2613 Hoc
1141 2580 1323 2624 oportuisset
1352 2580 1462 2621 exponi
1486 2579 1549 2610 cla-

130 2624 203 2664 ὑπ’]
249 2624 350 2655 Vetus
393 2627 549 2669 exemplar
591 2625 718 2657 habuit:
764 2627 820 2656 nisi
863 2626 935 2662 rius,
961 2626 985 2656 si
1014 2636 1077 2656 rem
1106 2625 1237 2665 intelligi
1262 2624 1368 2654 Livius
1394 2622 1550 2653 voluisset.

121 2666 207 2708 forte
228 2667 420 2705 implacabiles
437 2669 564 2710 fueritis
591 2666 816 2709 implicaverint.
864 2668 1023 2699 Discimus
1045 2674 1166 2699 tantum
1194 2678 1230 2698 ex
1260 2667 1308 2696 his
1329 2665 1429 2696 verbis
1458 2675 1548 2712 spon-

134 2710 213 2740 Haec
242 2719 298 2751 pro
325 2709 493 2752 desperatis
518 2711 720 2753 relinquenda
748 2718 820 2742 sunt
862 2712 977 2742 sionem
993 2711 1099 2741 fecisse
1120 2711 1169 2740 M.
1187 2709 1361 2743 AEmilium,
1378 2707 1409 2737 ni
1425 2707 1550 2738 Fulvius

132 2751 246 2793 potiuS,
268 2762 363 2793 quam
390 2752 534 2784 inanibus
554 2754 738 2796 conjecturis
760 2755 820 2786 sol-
864 2754 981 2795 aliquid
1007 2753 1170 2793 indignum
1193 2752 1255 2782 viro
1280 2752 1360 2781 bono
1382 2750 1413 2779 in
1440 2760 1472 2780 se
1494 2749 1549 2779 ad-

132 2793 294 2825 licitanda.
864 2797 1007 2826 misisset.
1054 2796 1103 2825 De
1119 2794 1280 2835 sponsione
1296 2792 1357 2823 vid.
1374 2798 1436 2822 not.
1455 2793 1484 2822 4.
1499 2801 1548 2821 su-

137 2839 157 2868 9
195 2837 235 2867 Et
262 2839 293 2867 in
327 2835 463 2875 probrum
508 2846 593 2869 suum
629 2841 811 2879 sponsionem
864 2849 920 2880 pra.
935 2838 1012 2869 adl.
1027 2837 1092 2868 III.
1108 2847 1135 2867 c.
1152 2837 1205 2866 24.

140 2894 235 2921 voL.
261 2893 330 2920 111.
910 2894 937 2920 K
960 2880 987 2921 k
