1947 3222
432 121 552 159 LIB.
579 120 779 158 XXXIII.
819 121 953 158 CAP.
984 121 1222 160 XXXVIII.
1460 128 1530 161 128

123 245 171 271 ac
201 229 416 287 juventuti
450 230 650 280 fidebant,
686 228 801 270 haud
835 228 1056 270 difficulter
1090 230 1245 286 jugum
1281 239 1531 288 accepturas.
1546 243 1586 275 U.
1599 243 1635 275 C.
1650 243 1724 274 556.

127 288 305 343 Smyrna
334 296 376 328 et
406 286 662 342 Lampsacus
696 286 931 327 libertatem
965 287 1248 342 usurpabant:
1286 290 1535 342 periculum-
1546 287 1586 317 A.
1601 288 1637 318 C·
1655 286 1724 316 196.

124 359 207 399 que
228 351 330 394 erat,
347 358 412 393 ne,
429 343 462 383 si
483 357 720 384 concessum
740 343 806 383 his
825 343 948 393 foret,
969 342 1003 366 ⁹4
1015 358 1120 398 quos
1140 343 1182 383 in
1206 343 1375 384 Thebat
1397 346 1536 401 Smyr-

124 415 220 441 nam
249 400 291 440 in
312 399 481 440 AEolide
505 399 722 456 Ioniaque,
745 400 1023 456 Lampsacum
1059 400 1102 440 in
1134 399 1423 455 Hellesponto,
1445 403 1535 443 aliae

124 458 248 498 urbes
278 465 560 512 sequerentur.
623 457 763 513 Igitur
787 465 828 498 et
857 458 947 512 ipse
977 456 1030 498 ab
1050 456 1220 512 Epheso
1240 457 1294 497 ad
1318 458 1535 512 Smyrnam

122 513 391 554 obsidendam
411 512 546 554 misit:
580 521 635 562 et,
653 528 748 568 quae
765 513 913 570 Abydi
933 513 1063 569 copiae
1084 521 1215 563 erant,
1231 513 1428 569 praesidio
1448 522 1537 555 tan-

123 578 214 611 tum
253 569 416 610 modico
454 569 613 620 relicto,
655 570 752 611 duci
792 570 846 611 ad
887 571 1166 626 Lampsacum
1206 570 1536 625 obpugnandum

114 627 253 682 jussit.
314 627 403 667 Nec
442 627 484 667 vi
524 635 689 668 tantum
724 627 930 668 terrebat:
974 627 1059 677 sed,
1089 642 1165 683 per
1198 626 1356 682 legatos
1390 627 1538 673 leniter

119 683 384 739 adloquendo
404 683 729 739 castigandoque
750 684 1025 725 temeritatem
1046 691 1087 724 et
1116 683 1400 739 pertinaciam,
1423 699 1537 739 spem

118 740 347 781 conabatur
361 740 511 790 facere,
524 740 655 790 brevi,
670 756 766 796 quae
786 749 989 797 peterent,
1006 740 1247 787 habituros;
1270 740 1303 763 ⁹⁵
1317 740 1386 781 sed
1404 756 1537 795 quum

119 796 218 837 satis
238 805 279 838 et
299 796 413 853 ipsis,
431 805 472 838 et
492 796 686 838 omnibus
707 797 796 838 aliis
816 797 1048 853 adpareret,
1070 797 1123 838 ab
1152 812 1249 852 rege
1273 796 1536 852 impetratam

120 867 189 894 eos
223 853 474 904 libertatem,
502 868 585 894 non
619 869 694 909 per
722 853 975 895 occasionem
1010 862 1188 909 raptam,
1219 854 1384 894 habere.
1445 854 1537 894 Ad-

119 925 262 951 versus
283 926 379 965 quae
408 910 728 966 respondebant,
750 911 876 950 Nihil
904 924 1029 963 neque
1057 912 1217 958 mirari,
1240 925 1364 964 neque
1383 925 1537 951 succen-

118 981 204 1008 sere
217 968 454 1008 Antiochum
471 967 623 1016 debere,
637 968 674 1007 sz'
688 981 794 1020 spem
814 967 1018 1007 libertatis
1028 967 1191 1022 dgff'erri
1211 981 1289 1007 non
1305 968 1405 1008 satis
1423 981 1537 1021 aequo

120 1025 258 1064 animo
269 1030 525 1077 paterentur.
586 1025 683 1079 Ipse
703 1023 823 1065 initio
843 1023 964 1074 veris,
981 1024 1158 1065 navibus
1178 1023 1230 1064 ab
1252 1023 1422 1079 Epheso
1441 1039 1536 1080 pro-

119 1081 269 1131 fectus,
302 1081 624 1136 Hellespontum
658 1080 788 1136 petit:
836 1089 1051 1121 terrestres
1086 1080 1224 1136 copias
1258 1080 1291 1104 96
1306 1080 1534 1136 BIadytum

120 1138 287 1193 trajicit,
331 1137 575 1179 Chersonesi
624 1138 794 1178 urbem:
846 1137 1032 1178 terrestri
1074 1137 1262 1178 navalem
1306 1137 1533 1178 exercitum
1546 1150 1717 1181 Chersone-

113 1194 269 1248 junxit.
302 1202 358 1244 et,
391 1193 493 1250 quia
526 1194 758 1235 clauserant
792 1203 949 1250 portas,
983 1193 1258 1235 circumdedit
1289 1194 1442 1235 moenia
1471 1211 1534 1236 ar-
1545 1204 1612 1224 5¹1¹ss
1627 1203 1716 1224 occu-

118 1252 254 1302 matis,
276 1250 311 1277 9⁷
322 1260 364 1293 et
387 1252 477 1308 jam
507 1266 634 1307 opera
661 1251 915 1301 admoventi,
937 1250 1097 1293 deditio
1117 1258 1178 1292 est
1210 1251 1344 1292 facta:
1376 1250 1410 1274 9⁸
1422 1251 1533 1292 idem
1545 1243 1610 1279 pat.

117 1316 254 1348 metus
281 1316 373 1349 tum
405 1308 628 1349 incolentes
657 1308 756 1349 alias
779 1307 1024 1349 Chersonesi
1056 1308 1182 1349 urbes
1211 1308 1256 1348 in
1280 1307 1534 1349 deditionem

116 1364 246 1406 dedit.
309 1364 619 1421 Lysimachiam
648 1364 745 1406 inde
769 1364 961 1406 omnibus
989 1364 1113 1405 simul
1142 1365 1360 1406 navalibus
1389 1373 1536 1406 terres-

115 1421 336 1477 tribusque
375 1423 505 1478 copiis
539 1422 664 1462 venit.
711 1437 838 1477 quam
873 1436 1005 1477 quum
1041 1421 1246 1462 desertam
1280 1437 1326 1462 ac
1362 1429 1535 1463 stratam

116 1493 247 1534 prope
281 1479 413 1519 ruinis
447 1478 683 1528 invenisset,
716 1480 929 1534 (ceperant
963 1486 1120 1528 autem,
1151 1478 1441 1534 direptamque
1472 1479 1535 1519 in-

117 1534 340 1576 cenderant
377 1535 563 1576 Thraces
601 1534 715 1590 pacis
749 1543 845 1576 ante
879 1534 1015 1589 annis)
1047 1533 1201 1590 cupido
1235 1550 1330 1575 eum
1365 1535 1533 1576 restitu-

117 1591 214 1632 endi
248 1591 429 1632 nobilem
457 1592 618 1639 urbem,
642 1599 683 1632 et
717 1591 807 1632 loco
837 1591 958 1632 sitam
987 1598 1239 1647 opportuno,
1262 1590 1383 1647 cepit.
1446 1592 1532 1632 Ita-

118 1663 200 1703 que
220 1649 333 1689 omni
360 1663 461 1689 cura
479 1648 602 1689 simul
633 1658 694 1689 est
724 1648 944 1704 adgressus
963 1655 1005 1688 et
1025 1656 1149 1697 tecta,
1170 1663 1395 1703 murosque
1415 1648 1532 1689 resti-

117 1713 250 1753 tuere,
272 1713 313 1746 et
339 1704 493 1761 partim
516 1704 718 1745 redimere
740 1704 962 1745 servientes
982 1703 1355 1759 Lysimachi'enses,
1376 1704 1530 1760 partim
1543 1717 1684 1758 Lysima-

115 1762 219 1817 fuga
246 1776 406 1817 sparsos
434 1776 510 1817 per
531 1761 854 1817 Hellespontum
877 1761 1266 1816 Chersonesumque
1287 1761 1530 1816 conquirere
1542 1760 1643 1808 chiam
1658 1759 1743 1792 resti-

116 1819 465 1874 contrahereque:
516 1817 669 1874 partim
708 1833 837 1859 novos
876 1817 1054 1867 colonos,
1097 1833 1168 1873 spe
1217 1818 1530 1859 commodorum
1542 1809 1609 1833 ‘¹¹¹¹‘

113 1875 341 1931 proposita,
371 1874 618 1925 adscribere,
650 1883 689 1916 et
720 1875 832 1915 omni
866 1874 990 1915 modo
1019 1874 1295 1930 frequentare.
1329 1874 1451 1915 simul
1481 1883 1530 1916 ut

117 1932 333 1973 Thracum
369 1932 684 1973 submoveretur
717 1940 868 1981 metus,
903 1932 992 1987 ipse
1023 1940 1142 1987 parte
1176 1931 1350 1972 dimidia
1384 1939 1531 1972 terres-

113 1988 243 2029 trium
263 1989 477 2045 copiarum
497 1988 551 2029 ad
571 1988 913 2044 depopulandum
932 1988 1123 2042 proxima
1141 1987 1333 2028 Thraciae
1354 1997 1415 2028 est
1435 2003 1530 2043 pro-

111 2043 270 2086 fectus:
303 2054 464 2101 partem
493 2045 742 2101 navalesque
763 2046 893 2086 socios
911 2060 1052 2086 omnes
1079 2044 1249 2100 reliquit
1270 2045 1313 2085 in
1334 2045 1529 2100 operibus

114 2101 346 2143 reficiendae
366 2102 495 2144 urbis.

569 2171 579 2192 t
596 2173 626 2202 in
645 2172 737 2202 Theba
752 2172 774 2203 l.
791 2173 951 2209 metuebam
977 2172 1074 2204 Gron.

159 2230 202 2260 94
232 2230 308 2264 Quos
335 2232 367 2260 in
397 2230 504 2270 Theba]
543 2231 645 2261 Locus
671 2229 798 2265 fractus,
842 2241 909 2261 ros:
934 2231 988 2261 sed
1010 2236 1076 2261 tum
1099 2230 1235 2266 demum,
1257 2239 1353 2271 quum
1376 2236 1528 2261 constaret

118 2271 168 2302 cui
182 2273 297 2303 mederi
311 2272 376 2304 sine
397 2272 482 2304 libris
505 2283 567 2303 non
581 2273 647 2315 opis
662 2279 707 2303 est
729 2283 798 2303 nos·
843 2284 912 2304 eam
934 2273 1130 2315 impetratam
1153 2274 1192 2304 ab
1216 2283 1297 2313 rege.
1323 2283 1384 2303 non
1406 2279 1527 2314 raptam

119 2320 191 2345 trae:
217 2316 350 2346 *recisis
372 2315 419 2346 his
441 2315 578 2351 vocibus,
596 2326 703 2346 sensus
726 2326 797 2346 con-

116 2363 188 2388 stat.
247 2359 541 2400 tRepraesentamus
578 2358 626 2389 hic
663 2364 799 2389 veterum

117 2400 268 2431 editorum
290 2401 464 2432 lectionem.
520 2401 649 2441 Vulgati
671 2401 798 2438 habent,

119 2454 186 2482 quos
209 2446 368 2474 metuebat:
403 2443 485 2485 quod
516 2444 555 2474 ab
584 2443 669 2474 inani
696 2444 799 2475 neseio

120 2486 206 2527 cujus
221 2487 396 2529 conjectura
417 2487 598 2528 profectum,
614 2497 710 2527 quum
730 2498 799 2528 pos-

122 2538 155 2558 se
175 2528 329 2560 videretur
352 2531 431 2561 falsa
455 2529 556 2571 specie
580 2530 720 2561 sanitatis
742 2530 798 2560 im-

120 2581 243 2611 ponere,
278 2573 393 2604 diutius
435 2573 484 2603 hic
527 2573 592 2614 pati
633 2573 799 2603 noluimus.

124 2613 295 2645 Gronovius
315 2616 488 2657 suspicatur
503 2617 584 2656 qnasi
608 2617 680 2651 tabe,
694 2616 727 2646 id
742 2621 798 2651 est,

122 2657 302 2697 contagione
323 2658 470 2699 quadam.
525 2659 648 2694 Utatur,
672 2658 725 2699 qui
746 2669 798 2689 vo-

122 2697 222 2729 luerit.
279 2701 379 2731 Nobis
406 2700 517 2731 durum
542 2701 614 2736 hoc,
643 2711 700 2731 nec
726 2702 800 2732 satis

123 2747 261 2781 apertum
275 2742 404 2773 videtur.

163 2785 204 2814 95
228 2785 282 2814 Sed
309 2797 395 2824 quum
422 2787 506 2827 satis]
540 2786 707 2817 Pollicetur
731 2787 797 2817 An-

121 2825 239 2856 tiochus
269 2827 496 2868 LampsaceniS,
524 2829 608 2859 brevi
643 2840 694 2859 eos
728 2840 797 2869 quae

121 2874 267 2910 pete1ent,
305 2880 413 2911 nempe
457 2871 639 2907 libertatem,
676 2871 796 2902 habitu-

842 2327 896 2358 per
924 2316 1128 2347 occasionem.
1174 2316 1302 2357 Vulgati
1329 2315 1398 2346 libri
1421 2316 1528 2346 vitiose

843 2359 968 2394 habent,
984 2365 1011 2389 et
1033 2365 1094 2389 tum
1109 2360 1188 2390 satis.
1234 2358 1410 2389 Lectionem
1432 2369 1526 2399 quam

843 2402 997 2442 sequimur
1018 2408 1136 2433 exstare
1158 2401 1201 2432 ait
1225 2401 1398 2432 Gronovius
1420 2401 1452 2431 in
1475 2412 1525 2432 co-

843 2444 911 2475 dice
926 2445 1123 2485 Mogunfino,
1140 2451 1170 2475 et
1185 2444 1303 2474 Aldina
1317 2443 1463 2474 editione.

885 2487 926 2517 96
949 2487 1126 2528 Madytum]
1172 2486 1222 2517 sic
1249 2486 1424 2518 emendavit
1449 2486 1525 2517 Gla-

843 2539 964 2565 reanus,
990 2540 1086 2570 quum
1114 2530 1195 2560 male
1221 2529 1294 2560 olim
1316 2530 1466 2570 legeretur
1487 2529 1525 2558 ad

842 2574 988 2612 Abydum.

884 2617 924 2646 97
950 2615 1079 2656 Etjam]
1112 2615 1228 2646 Melius
1249 2615 1296 2645 sed
1309 2616 1388 2654 jam.
1432 2613 1525 2644 Gno-

844 2669 981 2689 NOVIUS·

884 2702 925 2732 98
948 2700 1030 2730 Idem
1058 2707 1148 2730 metus
1175 2707 1238 2730 ium
1263 2697 1429 2737 incolentes]
1463 2697 1524 2742 La·

842 2750 905 2774 tere
920 2742 1040 2773 videtur
1059 2743 1185 2783 aliquod
1200 2742 1307 2772 vitium
1329 2741 1361 2770 in
1375 2738 1422 2769 his
1443 2749 1524 2769 voci-

843 2786 900 2817 bus
916 2793 975 2816 tum
994 2787 1156 2821 incolentes,
1172 2795 1239 2825 quae
1263 2790 1293 2814 et
1315 2782 1419 2813 otiosae
1441 2788 1523 2818 sunt,

842 2835 873 2859 et
888 2829 1088 2869 inelegantes.
