1947 3222
465 97 587 136 LIB.
617 94 817 133 XXXIII.
863 95 993 132 CAP.
1023 95 1197 134 XXVII.
1463 101 1531 135 111

119 205 297 249 vinciam
340 206 485 248 eodem
528 204 714 246 exercitu
757 202 945 245 obtinere
979 203 1147 260 jussus:
1199 204 1459 261 ²1imperium
1499 206 1536 248 ei
1551 217 1591 249 U.
1602 217 1640 248 C.
1654 217 1730 248 556.

117 272 392 320 prorogatum
414 263 512 304 satis
527 263 616 318 jam
637 267 733 302 ante
753 259 886 301 videri
907 264 1026 301 essee.
1549 261 1592 292 A·
1605 260 1643 291 C·
1656 260 1728 290 196.

179 322 356 361 XXVI.
389 321 595 360 Praetores
625 317 774 358 deinde
805 317 1038 373 provincias
1071 316 1221 368 sortiti,
1254 318 1305 358 L.
1329 319 1539 374 Apustius

122 378 248 419 Fullo
287 377 489 418 urbanam
524 374 874 432 jurisdictionem,
909 375 984 414 Μ’.
1019 373 1185 414 Acilius
1222 374 1397 415 Glabrio
1431 376 1539 417 inter

118 435 230 476 cives
263 441 304 476 et
338 432 591 489 peregrinos,
630 432 678 482 Q.
709 431 869 472 Fabius
905 432 1044 472 Buteo
1080 431 1330 487 Hispaniam
1371 431 1540 473 ulterio-

120 506 224 542 rem,
247 492 296 540 Q.
321 489 539 530 Minucius
571 488 783 529 Thermus
813 487 1060 539 citeriorem,
1084 488 1131 528 C.
1156 488 1315 530 Laelius
1342 488 1539 539 Siciliam,

124 549 194 588 Ti.
219 547 489 603 Sempronius
511 546 686 601 Longus
710 544 954 586 Sardiniam.
998 546 1046 595 Q.
1071 545 1203 587 Fabio
1228 544 1409 587 Buteoni
1431 553 1472 586 et
1491 547 1539 595 Q.

121 603 328 654 lVIinucio,
363 602 519 659 quibus
556 601 774 658 Hispaniae
814 601 1040 657 provinciae
1080 610 1316 652 evenerant,
1353 601 1543 644 consules

120 661 302 717 legiones
332 659 516 716 singulas
545 675 596 701 ex
628 667 813 715 quatuor
842 659 895 700 ab
918 674 959 700 se
980 659 1158 714 scriptis,
1181 674 1287 715 quas
1312 658 1542 709 videretur,

120 718 183 759 uti
204 717 368 767 darent,
383 717 597 758 decretum
619 724 707 764 est3
733 715 892 756 socium
913 731 960 756 ac
976 715 1152 757 nominis
1175 715 1316 757 Latini
1339 723 1545 771 quaterna

119 774 251 815 millia
269 773 477 830 peditum,
499 781 685 815 trecenos
706 773 892 828 equites:
925 773 1054 828 hique
1074 773 1209 828 primo
1240 788 1411 828 quoque
1441 780 1545 813 tem-

119 846 220 888 pore
249 831 293 872 in
323 830 557 887 provincias
586 830 646 871 ire
671 829 790 885 jussi.
850 829 1060 870 ²2Bellum
1084 830 1127 870 in
1157 829 1367 887 Hispania
1393 829 1544 885 quinto

119 896 214 944 post
236 903 344 929 anno
365 895 559 929 exortum
580 895 657 936 est,
679 901 807 941 quam
829 886 953 926 simul
973 901 1069 926 cum
1092 886 1254 927 Punico
1273 886 1384 927 bello
1403 887 1542 928 fuerat

119 945 299 986 finitum.
361 944 615 999 Priusquam
642 943 687 983 hi
707 950 908 998 praetores
937 942 993 983 ad
1021 941 1179 983 bellum
1208 958 1340 999 prope
1370 958 1543 995 novum,

120 1002 223 1057 quia
253 1009 343 1043 tum
374 1001 558 1057 primum
588 1015 664 1040 suo
694 999 876 1049 nomine,
907 998 1024 1040 nullo
1056 999 1217 1041 Punico
1250 1000 1436 1042 exercitu
1469 1008 1544 1042 aut

120 1058 242 1109 duce,
264 1058 319 1099 ad
346 1073 461 1098 arma
488 1058 637 1106 ierant,
659 1056 1035 1112 proficiscerentur,
1057 1064 1130 1097 aut
1162 1056 1241 1112 ipsi
1272 1056 1460 1098 consules
1490 1057 1544 1098 ab

120 1115 225 1156 urbe
254 1121 493 1161 moverent;
525 1128 764 1169 procurare,
786 1121 837 1153 ut
865 1112 1042 1164 adsolet,
1072 1113 1280 1169 prodigia,
1312 1129 1409 1170 quae
1438 1129 1545 1154 nun-
1558 1125 1716 1168 Prodigia.

118 1171 352 1222 ciabantur,
378 1170 497 1227 jussi.
560 1170 610 1211 L.
635 1169 779 1210 Julius
802 1169 1052 1226 Sequestris,
1084 1170 1126 1210 in
1158 1170 1332 1212 Sabinos
1359 1170 1545 1226 proficis-

118 1243 229 1279 cens,
251 1228 426 1269 fulmine
454 1228 543 1283 ipse
564 1242 784 1282 equusque
805 1226 1030 1268 exanimati
1057 1226 1250 1268 fuerant:
1284 1227 1394 1269 aedes
1416 1229 1545 1268 Fero-

117 1284 199 1326 niae
228 1286 273 1326 in
306 1286 518 1341 Capenate
545 1284 597 1325 de
630 1283 735 1324 coelo
765 1291 879 1325 tacta
909 1291 1022 1325 erat:
1060 1284 1114 1325 ad
1143 1285 1331 1326 Monetae
1362 1284 1544 1325 duarum

117 1342 332 1384 hastarum
355 1341 516 1398 spicula
535 1349 745 1382 arserant:
778 1341 920 1397 lupus,
939 1340 1163 1396 Esquilina
1178 1349 1302 1397 porta
1316 1342 1542 1397 ingressus,

117 1399 456 1455 frequentissima
496 1407 615 1454 parte
658 1397 787 1447 urbis,
828 1413 962 1453 quum
1008 1398 1052 1438 in
1091 1398 1230 1440 forum
1276 1399 1542 1449 decurrisset,

121 1457 265 1497 Tusco
295 1455 386 1497 vico
405 1455 575 1511 ²⁵atque
608 1454 843 1505 Intemelio,
865 1470 941 1510 per
970 1463 1133 1510 portam
1169 1456 1381 1511 Capenam
1411 1470 1543 1511 prope

119 1512 304 1554 intactus
343 1520 542 1553 evaserat.
609 1512 716 1552 Haec
756 1511 949 1566 prodigia
987 1511 1216 1567 majoribus
1255 1512 1403 1553 hostiis
1443 1520 1542 1553 sunt

120 1580 356 1625 procurata.

179 1626 384 1666 XXVII.
407 1624 564 1666 Iisdem
586 1625 734 1666 diebus
757 1626 833 1666 Cn.
859 1624 1078 1666 Cornelius
1100 1625 1325 1675 Lentulus,
1348 1625 1423 1681 qui
1445 1634 1541 1668 ante
1554 1637 1708 1669 Lentulus

122 1683 414 1738 Sempronium
446 1682 711 1723 Tuditanum
742 1682 973 1723 citeriorem
1006 1681 1255 1737 Hispaniam
1284 1682 1538 1734 obtinuerat,
1553 1681 1670 1729 urbem·

116 1738 285 1796 ?⁴ovans
314 1755 367 1781 ex
398 1739 756 1780 senatusconsulto
786 1739 934 1780 urbem
964 1747 1026 1780 est
1055 1738 1297 1794 ingressusf.
1327 1740 1428 1781 tulit
1451 1756 1539 1796 prae
1552 1734 1711 1808 gssgffiff'

159 1856 175 1874 ⁰
192 1864 247 1884 esse
262 1853 325 1884 del.
340 1853 437 1884 Gron.
453 1853 544 1885 Crev.

119 1895 210 1927 Eaed.

686 1849 700 1873 f
713 1864 778 1883 cum
794 1864 826 1883 ex
842 1853 1086 1883 senatusconsulto
1100 1864 1186 1884 orans
1199 1854 1299 1884 urbem
1314 1860 1381 1884 esset
1395 1855 1541 1896 ingressus

117 1995 224 2026 otiosae
268 2000 351 2032 sunt,
388 2006 483 2038 quum
528 2002 675 2038 sequatur
713 1998 808 2028 codem

117 2040 256 2073 exercitu.
308 2039 391 2070 Sane
426 2038 575 2081 suspicari
608 2040 677 2080 quis
712 2040 808 2082 possit

118 2092 172 2112 eas
194 2081 226 2112 in
249 2081 384 2113 alienum
404 2081 509 2113 locum
532 2082 699 2114 translatas
721 2093 787 2113 esse
799 2094 807 2121 ;

893 1998 934 2028 22
960 1997 1077 2027 Bellum
1103 1998 1135 2027 in
1165 1997 1311 2035 Hispania
1341 2019 1350 2028 .
1379 2019 1388 2028 .
1411 2005 1541 2030 emortum

850 2041 906 2081 est]
931 2040 1057 2071 Bellum
1080 2040 1291 2075 memorabile,
1314 2040 1432 2072 bellum
1457 2042 1541 2083 quod

852 2083 958 2124 aliqua
992 2082 1108 2124 majore
1144 2093 1220 2114 cura
1261 2083 1541 2116 administrandum

120 2124 270 2156 excidisse
293 2130 398 2156 autem
425 2125 544 2166 aliquot
569 2126 672 2162 verba,
696 2126 809 2166 quibus
852 2132 943 2157 esset.
1002 2126 1088 2156 Nam
1115 2126 1231 2156 bellum
1260 2126 1384 2167 quidem
1417 2129 1542 2159 omnino

119 2167 267 2200 docuerat
289 2167 416 2198 fortasse
438 2167 557 2204 Livius,
572 2167 648 2209 quid
666 2168 714 2199 his
729 2169 806 2199 dua-

117 2210 177 2241 bus
221 2211 393 2252 legionibus
436 2210 501 2241 fieri
544 2212 807 2243 senatusaevellet.

120 2254 264 2290 Quatuor
278 2255 359 2285 enim
383 2253 556 2285 scribuntur
573 2254 721 2295 legiones,
738 2255 808 2285 duae

117 2296 290 2334 mittendae,
314 2307 375 2338 quo
396 2303 523 2328 senatus
545 2296 733 2328 censuisset:
759 2298 810 2339 (in

119 2338 305 2381 Hispaniam
327 2339 437 2371 missas
459 2350 496 2370 ex
519 2350 547 2370 c.
571 2350 636 2380 seq.
663 2341 808 2382 apparet)

119 2381 251 2413 duarum
280 2382 468 2424 reliquarum
499 2393 573 2413 usus
599 2393 661 2414 non
688 2383 807 2414 indica-

119 2429 179 2455 tur.
225 2425 390 2467 Colligitur
411 2436 450 2457 ex
465 2437 494 2458 c.
509 2427 561 2457 36.
583 2424 676 2463 infra,
692 2437 745 2458 eas
768 2426 809 2458 ad

120 2467 227 2498 urbem
242 2468 403 2500 mansisse.

162 2511 202 2540 21
238 2511 399 2551 Imperium
440 2513 468 2543 ei
508 2518 698 2554 prorogatum
741 2513 811 2543 satis

112 2552 181 2591 jam
205 2560 273 2584 ante
299 2555 407 2595 videri]
448 2555 546 2585 Videt-z·
568 2555 703 2596 reposuit
729 2556 809 2586 Gro-

122 2595 230 2626 novius
252 2607 305 2638 pro
328 2599 466 2635 dividere,
487 2597 572 2639 quod
593 2598 725 2639 praefert,
743 2599 808 2629 Ge-

121 2637 202 2668 lenio
226 2643 316 2674 teste,
339 2640 448 2676 codex,
475 2641 562 2671 nullo
585 2651 686 2672 sensu.
731 2641 811 2673 Vult

122 2685 247 2710 senatus
269 2683 393 2714 minime
417 2694 541 2715 necesse
567 2693 634 2715 esse
655 2685 811 2726 prorogari

124 2721 254 2759 Quintio
278 2723 450 2767 imperium,
474 2737 569 2768 quum
597 2726 629 2757 id
650 2728 717 2768 jam
744 2728 808 2758 fac-

123 2770 189 2795 tum
218 2765 409 2808 intelligatur
438 2769 562 2800 decreto
590 2769 697 2811 prioris
725 2770 809 2806 anni,

124 2818 186 2848 quo
216 2817 410 2850 prorogatum
437 2812 467 2842 ei
502 2812 602 2844 fuerat
636 2812 810 2856 imperium,

121 2850 221 2891 ,donec
237 2862 391 2884 successor
405 2854 549 2886 venisset.

851 2168 883 2198 in
899 2169 1055 2211 Hispania
1077 2169 1197 2199 nullum
1220 2168 1312 2200 fuisse
1336 2181 1355 2200 a
1377 2169 1462 2201 finito
1479 2173 1542 2202 Pu-

852 2212 921 2243 nico
948 2211 1031 2243 bello
1067 2211 1129 2242 dici
1159 2222 1221 2242 non
1250 2218 1362 2255 potest,
1389 2224 1485 2254 quum
1515 2226 1543 2245 c.

852 2265 917 2296 seq.
941 2255 1001 2286 Cn.
1026 2254 1201 2292 Cornelius,
1225 2266 1317 2297 quem
1339 2262 1449 2296 quarto
1473 2263 1544 2288 ante

854 2308 936 2329 anno
962 2298 995 2329 in
1021 2298 1207 2340 Hispaniam
1233 2299 1360 2329 missum
1388 2310 1455 2330 esse
1478 2311 1544 2331 me-

853 2340 985 2372 moravit
1020 2341 1128 2372 Livius
1161 2342 1183 2372 l.
1214 2342 1338 2372 XXXI.
1367 2352 1395 2372 c.
1423 2343 1544 2379 ultimo,

852 2394 958 2419 ovans,
982 2389 1018 2416 ut
1044 2384 1152 2425 legunt.
1177 2384 1287 2415 merito
1314 2385 1489 2417 Glareanus
1513 2392 1546 2417 et

853 2426 995 2469 Pighius,
1017 2426 1208 2468 ingrediatur
1231 2428 1350 2458 urbem.
1394 2429 1457 2460 Sed
1477 2429 1543 2459 bel—

852 2470 885 2500 la
899 2480 968 2511 quae
983 2480 1039 2511 per
1053 2470 1109 2500 hos
1131 2480 1228 2501 annos
1242 2470 1273 2501 in
1288 2471 1443 2512 Hispania
1458 2478 1546 2512 gesta

854 2518 926 2543 sunt
947 2512 1029 2543 levia
1050 2511 1156 2550 fuisse,
1179 2518 1361 2555 argumento
1382 2519 1429 2544 est
1452 2515 1543 2545 silen—

854 2556 933 2586 tium
947 2555 986 2587 de
1001 2555 1038 2587 iis
1053 2555 1147 2587 Livii.

893 2600 935 2630 23
958 2600 1054 2640 Atque
1081 2600 1148 2629 inde
1175 2600 1280 2640 Melio]
1319 2599 1418 2631 Vico:
1455 2599 1546 2641 cujus

853 2642 995 2684 quamvis
1010 2641 1098 2672 nulla
1113 2642 1175 2673 alia
1189 2648 1288 2673 exstet
1303 2642 1386 2684 apud
1403 2643 1546 2682 antiquos

854 2685 980 2720 mentio,
998 2695 1060 2715 non
1073 2684 1144 2715 ideo
1166 2685 1224 2716 hoc
1249 2695 1359 2715 nornen
1383 2684 1545 2725 repudiare

854 2728 1014 2761 debemus,
1030 2733 1062 2758 et
1085 2733 1262 2769 suspectum
1284 2726 1388 2757 mendi
1411 2727 1542 2758 habere:

854 2771 937 2812 quod
967 2771 1066 2802 secere
1094 2770 1237 2812 Sigonius
1265 2775 1296 2800 et
1321 2772 1395 2801 Jac.
1423 2768 1544 2802 Grono-

855 2824 934 2845 vnis,

898 2858 939 2886 24
979 2856 1079 2890 Quum
1115 2867 1148 2885 er
1182 2856 1426 2886 senatusconsulto
1461 2867 1547 2887 ovans
