<?xml version="1.0" encoding="UTF-8"?>
<!DOCTYPE html PUBLIC "-//W3C//DTD XHTML 1.0 Transitional//EN"
    "http://www.w3.org/TR/xhtml1/DTD/xhtml1-transitional.dtd">
<html xmlns="http://www.w3.org/1999/xhtml" xml:lang="en" lang="en">
 <head>
  <title>
</title>
<meta http-equiv="Content-Type" content="text/html;charset=utf-8" />
  <meta name='ocr-system' content='tesseract 3.04.00' />
  <meta name='ocr-capabilities' content='ocr_page ocr_carea ocr_par ocr_line ocrx_word'/>
</head>
<body>
  <div class='ocr_page' id='page_1' title='image "./historiarumaburb03livyuoft_0517.png"; bbox 0 0 1947 3222; ppageno 0'>
   <div class='ocr_carea' id='block_1_1' title="bbox 527 77 1529 122">
    <p class='ocr_par' dir='ltr' id='par_1_1' title="bbox 527 77 1529 122">
     <span class='ocr_line' id='line_1_1' title="bbox 527 77 1529 122; baseline 0 -5"><span class='ocrx_word' id='word_1_1' title='bbox 527 78 645 117; x_wconf 86' lang='lat' dir='ltr'>LIB.</span> <span class='ocrx_word' id='word_1_2' title='bbox 674 78 760 115; x_wconf 88' lang='lat' dir='ltr'>XL.</span> <span class='ocrx_word' id='word_1_3' title='bbox 798 79 875 116; x_wconf 80' lang='lat' dir='ltr'>CA</span> <span class='ocrx_word' id='word_1_4' title='bbox 890 78 931 115; x_wconf 90' lang='lat' dir='ltr'>P.</span> <span class='ocrx_word' id='word_1_5' title='bbox 959 77 1110 116; x_wconf 85' lang='lat' dir='ltr'>LVIII.</span> <span class='ocrx_word' id='word_1_6' title='bbox 1454 81 1529 122; x_wconf 82' lang='lat'>507</span> 
     </span>
    </p>
   </div>
   <div class='ocr_carea' id='block_1_2' title="bbox 110 185 1748 2294">
    <p class='ocr_par' dir='ltr' id='par_1_2' title="bbox 112 185 1720 358">
     <span class='ocr_line' id='line_1_2' title="bbox 114 185 1720 247; baseline -0.002 -14"><span class='ocrx_word' id='word_1_7' title='bbox 114 192 201 233; x_wconf 83' lang='lat' dir='ltr'>³⁹ut</span> <span class='ocrx_word' id='word_1_8' title='bbox 238 188 461 247; x_wconf 79' lang='lat' dir='ltr'>Philippus</span> <span class='ocrx_word' id='word_1_9' title='bbox 493 191 744 246; x_wconf 60' lang='lat' dir='ltr'>praestarety.</span> <span class='ocrx_word' id='word_1_10' title='bbox 785 186 830 228; x_wconf 87' lang='lat' dir='ltr'>id</span> <span class='ocrx_word' id='word_1_11' title='bbox 864 194 913 228; x_wconf 89' lang='lat' dir='ltr'>ut</span> <span class='ocrx_word' id='word_1_12' title='bbox 947 186 1083 227; x_wconf 83' lang='lat' dir='ltr'>facere</span> <span class='ocrx_word' id='word_1_13' title='bbox 1123 194 1275 243; x_wconf 86' lang='lat' dir='ltr'>posset,</span> <span class='ocrx_word' id='word_1_14' title='bbox 1310 185 1527 243; x_wconf 81' lang='lat' dir='ltr'>regionum</span> <span class='ocrx_word' id='word_1_15' title='bbox 1544 199 1585 231; x_wconf 87' lang='lat' dir='ltr'>U.</span> <span class='ocrx_word' id='word_1_16' title='bbox 1599 197 1636 231; x_wconf 92' lang='lat' dir='ltr'>c.</span> <span class='ocrx_word' id='word_1_17' title='bbox 1647 196 1720 230; x_wconf 84' lang='lat'><strong>573.</strong></span> 
     </span>
     <span class='ocr_line' id='line_1_3' title="bbox 113 242 1718 306; baseline -0.002 -17"><span class='ocrx_word' id='word_1_18' title='bbox 113 248 320 306; x_wconf 82' lang='lat' dir='ltr'>principes</span> <span class='ocrx_word' id='word_1_19' title='bbox 348 246 467 289; x_wconf 90' lang='lat' dir='ltr'>donis</span> <span class='ocrx_word' id='word_1_20' title='bbox 497 245 695 294; x_wconf 90' lang='lat' dir='ltr'>coluerat,</span> <span class='ocrx_word' id='word_1_21' title='bbox 726 243 808 285; x_wconf 84' lang='lat' dir='ltr'>fide</span> <span class='ocrx_word' id='word_1_22' title='bbox 844 258 920 284; x_wconf 88' lang='lat' dir='ltr'>sua</span> <span class='ocrx_word' id='word_1_23' title='bbox 951 242 1152 298; x_wconf 87' lang='lat' dir='ltr'>obligata,</span> <span class='ocrx_word' id='word_1_24' title='bbox 1181 251 1331 299; x_wconf 85' lang='lat' dir='ltr'>pacato</span> <span class='ocrx_word' id='word_1_25' title='bbox 1364 245 1530 300; x_wconf 82' lang='lat' dir='ltr'>agmine</span> <span class='ocrx_word' id='word_1_26' title='bbox 1542 242 1718 274; x_wconf 86' lang='lat' dir='ltr'>A.c.179.</span> 
     </span>
     <span class='ocr_line' id='line_1_4' title="bbox 112 300 1531 358; baseline -0.004 -11"><span class='ocrx_word' id='word_1_27' title='bbox 112 306 358 347; x_wconf 85' lang='lat' dir='ltr'>transituros</span> <span class='ocrx_word' id='word_1_28' title='bbox 389 305 623 345; x_wconf 84' lang='lat' dir='ltr'>Bastarnas.</span> <span class='ocrx_word' id='word_1_29' title='bbox 684 301 979 342; x_wconf 81' lang='lat' dir='ltr'>Dardanorum</span> <span class='ocrx_word' id='word_1_30' title='bbox 1012 307 1179 355; x_wconf 86' lang='lat' dir='ltr'>gentem</span> <span class='ocrx_word' id='word_1_31' title='bbox 1214 300 1350 342; x_wconf 90' lang='lat' dir='ltr'>delere</span> <span class='ocrx_word' id='word_1_32' title='bbox 1379 315 1531 358; x_wconf 84' lang='lat' dir='ltr'>propo-</span> 
     </span>
    </p>

    <p class='ocr_par' dir='ltr' id='par_1_3' title="bbox 110 355 1573 531">
     <span class='ocr_line' id='line_1_5' title="bbox 113 355 1573 416; baseline -0.003 -13"><span class='ocrx_word' id='word_1_33' title='bbox 113 362 239 403; x_wconf 83' lang='lat' dir='ltr'>situm</span> <span class='ocrx_word' id='word_1_34' title='bbox 270 370 372 409; x_wconf 87' lang='lat' dir='ltr'>erat,</span> <span class='ocrx_word' id='word_1_35' title='bbox 409 360 536 416; x_wconf 89' lang='lat' dir='ltr'>inque</span> <span class='ocrx_word' id='word_1_36' title='bbox 565 373 710 400; x_wconf 90' lang='lat' dir='ltr'>eorum</span> <span class='ocrx_word' id='word_1_37' title='bbox 745 373 846 414; x_wconf 89' lang='lat' dir='ltr'>agro</span> <span class='ocrx_word' id='word_1_38' title='bbox 879 356 1036 398; x_wconf 77' lang='lat' dir='ltr'>²⁰sedes</span> <span class='ocrx_word' id='word_1_39' title='bbox 1070 355 1270 396; x_wconf 85' lang='lat' dir='ltr'>fundarez</span> <span class='ocrx_word' id='word_1_40' title='bbox 1303 358 1528 400; x_wconf 74' lang='lat' dir='ltr'>Bastarnis.</span> <span class='ocrx_word' id='word_1_41' title='bbox 1571 402 1573 408; x_wconf 45' lang='grc'>,</span> 
     </span>
     <span class='ocr_line' id='line_1_6' title="bbox 110 412 1530 475; baseline -0.002 -16"><span class='ocrx_word' id='word_1_42' title='bbox 110 418 271 475; x_wconf 86' lang='lat' dir='ltr'>duplex</span> <span class='ocrx_word' id='word_1_43' title='bbox 302 417 398 459; x_wconf 90' lang='lat' dir='ltr'>inde</span> <span class='ocrx_word' id='word_1_44' title='bbox 428 429 515 459; x_wconf 88' lang='lat' dir='ltr'>erat</span> <span class='ocrx_word' id='word_1_45' title='bbox 546 415 811 457; x_wconf 85' lang='lat' dir='ltr'>commodum</span> <span class='ocrx_word' id='word_1_46' title='bbox 841 414 1051 464; x_wconf 88' lang='lat' dir='ltr'>futurum,</span> <span class='ocrx_word' id='word_1_47' title='bbox 1074 412 1107 453; x_wconf 85' lang='lat' dir='ltr'>si</span> <span class='ocrx_word' id='word_1_48' title='bbox 1134 420 1176 454; x_wconf 87' lang='lat' dir='ltr'>et</span> <span class='ocrx_word' id='word_1_49' title='bbox 1203 413 1408 464; x_wconf 82' lang='lat' dir='ltr'>Dardani,</span> <span class='ocrx_word' id='word_1_50' title='bbox 1429 429 1530 470; x_wconf 90' lang='lat' dir='ltr'>gens</span> 
     </span>
     <span class='ocr_line' id='line_1_7' title="bbox 113 469 1531 531; baseline -0.003 -15"><span class='ocrx_word' id='word_1_51' title='bbox 113 490 275 531; x_wconf 78' lang='lat' dir='ltr'>semper</span> <span class='ocrx_word' id='word_1_52' title='bbox 303 475 568 515; x_wconf 87' lang='lat' dir='ltr'>infestissima</span> <span class='ocrx_word' id='word_1_53' title='bbox 604 472 880 521; x_wconf 78' lang='lat' dir='ltr'>Macedoniae,</span> <span class='ocrx_word' id='word_1_54' title='bbox 911 469 1254 526; x_wconf 83' lang='lat' dir='ltr'>temporibusque</span> <span class='ocrx_word' id='word_1_55' title='bbox 1284 469 1437 525; x_wconf 87' lang='lat' dir='ltr'>iniquis</span> <span class='ocrx_word' id='word_1_56' title='bbox 1469 487 1531 512; x_wconf 92' lang='lat' dir='ltr'>re-</span> 
     </span>
    </p>

    <p class='ocr_par' dir='ltr' id='par_1_4' title="bbox 114 525 1532 645">
     <span class='ocr_line' id='line_1_8' title="bbox 114 525 1532 587; baseline -0.004 -14"><span class='ocrx_word' id='word_1_57' title='bbox 114 548 214 587; x_wconf 84' lang='lat' dir='ltr'>gum</span> <span class='ocrx_word' id='word_1_58' title='bbox 243 532 461 581; x_wconf 82' lang='lat' dir='ltr'>inminens,</span> <span class='ocrx_word' id='word_1_59' title='bbox 483 530 723 577; x_wconf 81' lang='lat' dir='ltr'>tolleretur3</span> <span class='ocrx_word' id='word_1_60' title='bbox 757 537 798 570; x_wconf 84' lang='lat' dir='ltr'>et</span> <span class='ocrx_word' id='word_1_61' title='bbox 830 530 1059 577; x_wconf 76' lang='lat' dir='ltr'>Bastarnae,</span> <span class='ocrx_word' id='word_1_62' title='bbox 1081 526 1234 568; x_wconf 89' lang='lat' dir='ltr'>relictis</span> <span class='ocrx_word' id='word_1_63' title='bbox 1254 525 1297 566; x_wconf 92' lang='lat' dir='ltr'>in</span> <span class='ocrx_word' id='word_1_64' title='bbox 1318 527 1532 568; x_wconf 87' lang='lat' dir='ltr'>Dardania</span> 
     </span>
     <span class='ocr_line' id='line_1_9' title="bbox 116 583 1530 645; baseline -0.004 -15"><span class='ocrx_word' id='word_1_65' title='bbox 116 589 365 645; x_wconf 82' lang='lat' dir='ltr'>conjugibus</span> <span class='ocrx_word' id='word_1_66' title='bbox 394 588 634 644; x_wconf 89' lang='lat' dir='ltr'>liberisque,</span> <span class='ocrx_word' id='word_1_67' title='bbox 656 586 710 627; x_wconf 90' lang='lat' dir='ltr'>ad</span> <span class='ocrx_word' id='word_1_68' title='bbox 730 584 1013 642; x_wconf 86' lang='lat' dir='ltr'>populandam</span> <span class='ocrx_word' id='word_1_69' title='bbox 1033 583 1201 626; x_wconf 89' lang='lat' dir='ltr'>Italiam</span> <span class='ocrx_word' id='word_1_70' title='bbox 1221 591 1388 640; x_wconf 88' lang='lat' dir='ltr'>possent</span> <span class='ocrx_word' id='word_1_71' title='bbox 1407 584 1530 625; x_wconf 80' lang='lat' dir='ltr'>mitti.</span> 
     </span>
    </p>

    <p class='ocr_par' dir='ltr' id='par_1_5' title="bbox 116 640 1534 694">
     <span class='ocr_line' id='line_1_10' title="bbox 116 640 1534 694; baseline -0.004 -7"><span class='ocrx_word' id='word_1_72' title='bbox 116 647 199 687; x_wconf 83' lang='lat' dir='ltr'>Per</span> <span class='ocrx_word' id='word_1_73' title='bbox 229 647 456 687; x_wconf 74' lang='lat' dir='ltr'>Scordiscos</span> <span class='ocrx_word' id='word_1_74' title='bbox 487 646 566 685; x_wconf 81' lang='lat' dir='ltr'>iter</span> <span class='ocrx_word' id='word_1_75' title='bbox 600 658 680 685; x_wconf 85' lang='lat' dir='ltr'>esse</span> <span class='ocrx_word' id='word_1_76' title='bbox 715 645 770 683; x_wconf 81' lang='lat' dir='ltr'>ad</span> <span class='ocrx_word' id='word_1_77' title='bbox 799 657 911 683; x_wconf 83' lang='lat' dir='ltr'>mare</span> <span class='ocrx_word' id='word_1_78' title='bbox 942 642 1239 682; x_wconf 81' lang='lat' dir='ltr'>Hadriaticum</span> <span class='ocrx_word' id='word_1_79' title='bbox 1270 640 1534 694; x_wconf 80' lang='lat' dir='ltr'>Italiamque.</span> 
     </span>
    </p>

    <p class='ocr_par' dir='ltr' id='par_1_6' title="bbox 116 696 1535 753">
     <span class='ocr_line' id='line_1_11' title="bbox 116 696 1535 753; baseline -0.003 -11"><span class='ocrx_word' id='word_1_80' title='bbox 116 705 203 743; x_wconf 82' lang='lat' dir='ltr'>alia</span> <span class='ocrx_word' id='word_1_81' title='bbox 234 705 302 744; x_wconf 86' lang='lat' dir='ltr'>via</span> <span class='ocrx_word' id='word_1_82' title='bbox 335 703 496 743; x_wconf 80' lang='lat' dir='ltr'>traduci</span> <span class='ocrx_word' id='word_1_83' title='bbox 523 702 735 743; x_wconf 70' lang='lat' dir='ltr'>exercitum</span> <span class='ocrx_word' id='word_1_84' title='bbox 767 714 845 740; x_wconf 79' lang='lat' dir='ltr'>non</span> <span class='ocrx_word' id='word_1_85' title='bbox 873 713 1002 753; x_wconf 80' lang='lat' dir='ltr'>posse.</span> <span class='ocrx_word' id='word_1_86' title='bbox 1015 699 1156 753; x_wconf 83' lang='lat' dir='ltr'>facile</span> <span class='ocrx_word' id='word_1_87' title='bbox 1179 696 1401 739; x_wconf 73' lang='lat' dir='ltr'>Bastarnis</span> <span class='ocrx_word' id='word_1_88' title='bbox 1421 698 1535 739; x_wconf 87' lang='lat' dir='ltr'>Scor-</span> 
     </span>
    </p>

    <p class='ocr_par' dir='ltr' id='par_1_7' title="bbox 114 755 1537 1041">
     <span class='ocr_line' id='line_1_12' title="bbox 115 755 1535 810; baseline -0.002 -10"><span class='ocrx_word' id='word_1_89' title='bbox 115 762 243 802; x_wconf 80' lang='lat' dir='ltr'>discos</span> <span class='ocrx_word' id='word_1_90' title='bbox 264 762 343 801; x_wconf 80' lang='lat' dir='ltr'>iter</span> <span class='ocrx_word' id='word_1_91' title='bbox 363 762 540 800; x_wconf 80' lang='lat' dir='ltr'>daturos.</span> <span class='ocrx_word' id='word_1_92' title='bbox 561 758 671 798; x_wconf 70' lang='lat' dir='ltr'>21nec</span> <span class='ocrx_word' id='word_1_93' title='bbox 691 758 797 798; x_wconf 83' lang='lat' dir='ltr'>enim</span> <span class='ocrx_word' id='word_1_94' title='bbox 817 764 888 798; x_wconf 84' lang='lat' dir='ltr'>aut</span> <span class='ocrx_word' id='word_1_95' title='bbox 908 758 1052 810; x_wconf 82' lang='lat' dir='ltr'>lingua</span> <span class='ocrx_word' id='word_1_96' title='bbox 1071 761 1143 796; x_wconf 81' lang='lat' dir='ltr'>aut</span> <span class='ocrx_word' id='word_1_97' title='bbox 1169 755 1343 796; x_wconf 81' lang='lat' dir='ltr'>moribus</span> <span class='ocrx_word' id='word_1_98' title='bbox 1361 757 1535 809; x_wconf 80' lang='lat' dir='ltr'>oequales</span> 
     </span>
     <span class='ocr_line' id='line_1_13' title="bbox 114 814 1536 870; baseline -0.003 -14"><span class='ocrx_word' id='word_1_99' title='bbox 114 818 330 858; x_wconf 77' lang='lat' dir='ltr'>abhorrere</span> <span class='ocrx_word' id='word_1_100' title='bbox 339 840 353 864; x_wconf 88' lang='lat'>,-</span> <span class='ocrx_word' id='word_1_101' title='bbox 387 823 423 858; x_wconf 84' lang='lat' dir='ltr'>ct</span> <span class='ocrx_word' id='word_1_102' title='bbox 455 818 560 870; x_wconf 75' lang='lat' dir='ltr'>ipsos</span> <span class='ocrx_word' id='word_1_103' title='bbox 580 815 837 869; x_wconf 66' lang='lat' dir='ltr'>adiuncturos</span> <span class='ocrx_word' id='word_1_104' title='bbox 856 829 910 865; x_wconf 84' lang='lat' dir='ltr'>se,</span> <span class='ocrx_word' id='word_1_105' title='bbox 932 828 1049 868; x_wconf 81' lang='lat' dir='ltr'>quum</span> <span class='ocrx_word' id='word_1_106' title='bbox 1079 814 1136 853; x_wconf 82' lang='lat' dir='ltr'>ad</span> <span class='ocrx_word' id='word_1_107' title='bbox 1157 814 1343 866; x_wconf 78' lang='lat' dir='ltr'>praedam</span> <span class='ocrx_word' id='word_1_108' title='bbox 1374 814 1536 866; x_wconf 75' lang='lat' dir='ltr'>opulen-</span> 
     </span>
     <span class='ocr_line' id='line_1_14' title="bbox 116 870 1534 928; baseline -0.004 -13"><span class='ocrx_word' id='word_1_109' title='bbox 116 876 280 915; x_wconf 78' lang='lat' dir='ltr'>tissz&#39;moe</span> <span class='ocrx_word' id='word_1_110' title='bbox 313 875 448 928; x_wconf 84' lang='lat' dir='ltr'>gentis</span> <span class='ocrx_word' id='word_1_111' title='bbox 485 873 587 914; x_wconf 55' lang='lat' dir='ltr'>wire</span> <span class='ocrx_word' id='word_1_112' title='bbox 626 874 830 914; x_wconf 80' lang='lat' dir='ltr'>vidissent.</span> <span class='ocrx_word' id='word_1_113' title='bbox 907 872 1013 912; x_wconf 89' lang='lat' dir='ltr'>Inde</span> <span class='ocrx_word' id='word_1_114' title='bbox 1052 870 1096 911; x_wconf 88' lang='lat' dir='ltr'>in</span> <span class='ocrx_word' id='word_1_115' title='bbox 1135 885 1297 911; x_wconf 88' lang='lat' dir='ltr'>omnem</span> <span class='ocrx_word' id='word_1_116' title='bbox 1339 878 1534 911; x_wconf 89' lang='lat' dir='ltr'>eventum</span> 
     </span>
     <span class='ocr_line' id='line_1_15' title="bbox 114 926 1536 973; baseline -0.003 0"><span class='ocrx_word' id='word_1_117' title='bbox 114 931 324 973; x_wconf 74' lang='lat' dir='ltr'>&#39;²³consilia</span> <span class='ocrx_word' id='word_1_118' title='bbox 360 931 746 972; x_wconf 81' lang='lat' dir='ltr'>commodabantur.</span> <span class='ocrx_word' id='word_1_119' title='bbox 799 929 884 970; x_wconf 88' lang='lat' dir='ltr'>sive</span> <span class='ocrx_word' id='word_1_120' title='bbox 924 928 1018 969; x_wconf 88' lang='lat' dir='ltr'>caesi</span> <span class='ocrx_word' id='word_1_121' title='bbox 1058 927 1112 969; x_wconf 85' lang='lat' dir='ltr'>ab</span> <span class='ocrx_word' id='word_1_122' title='bbox 1154 926 1354 968; x_wconf 87' lang='lat' dir='ltr'>Romanis</span> <span class='ocrx_word' id='word_1_123' title='bbox 1397 927 1536 969; x_wconf 87' lang='lat' dir='ltr'>forent</span> 
     </span>
     <span class='ocr_line' id='line_1_16' title="bbox 119 984 1537 1041; baseline -0.004 -12"><span class='ocrx_word' id='word_1_124' title='bbox 119 990 348 1039; x_wconf 79' lang='lat' dir='ltr'>Bastarnae,</span> <span class='ocrx_word' id='word_1_125' title='bbox 383 988 603 1029; x_wconf 87' lang='lat' dir='ltr'>Dardanos</span> <span class='ocrx_word' id='word_1_126' title='bbox 639 995 778 1028; x_wconf 88' lang='lat' dir='ltr'>tamen</span> <span class='ocrx_word' id='word_1_127' title='bbox 814 985 1014 1035; x_wconf 88' lang='lat' dir='ltr'>sublatos,</span> <span class='ocrx_word' id='word_1_128' title='bbox 1050 984 1322 1041; x_wconf 79' lang='lat' dir='ltr'>praedamque</span> <span class='ocrx_word' id='word_1_129' title='bbox 1357 999 1409 1024; x_wconf 87' lang='lat' dir='ltr'>ex</span> <span class='ocrx_word' id='word_1_130' title='bbox 1444 984 1537 1024; x_wconf 89' lang='lat' dir='ltr'>reli-</span> 
     </span>
    </p>

    <p class='ocr_par' dir='ltr' id='par_1_8' title="bbox 115 1040 1538 1101">
     <span class='ocr_line' id='line_1_17' title="bbox 115 1040 1538 1101; baseline -0.004 -14"><span class='ocrx_word' id='word_1_131' title='bbox 115 1046 227 1101; x_wconf 83' lang='lat' dir='ltr'>quiis</span> <span class='ocrx_word' id='word_1_132' title='bbox 259 1047 573 1095; x_wconf 83' lang='lat' dir='ltr'>Bastarnarum,</span> <span class='ocrx_word' id='word_1_133' title='bbox 603 1052 645 1086; x_wconf 89' lang='lat' dir='ltr'>et</span> <span class='ocrx_word' id='word_1_134' title='bbox 675 1043 971 1100; x_wconf 88' lang='lat' dir='ltr'>possessionem</span> <span class='ocrx_word' id='word_1_135' title='bbox 1001 1041 1174 1083; x_wconf 84' lang='lat' dir='ltr'>liberam</span> <span class='ocrx_word' id='word_1_136' title='bbox 1206 1040 1446 1090; x_wconf 86' lang='lat' dir='ltr'>Dardaniae,</span> <span class='ocrx_word' id='word_1_137' title='bbox 1475 1057 1538 1082; x_wconf 88' lang='lat' dir='ltr'>so-</span> 
     </span>
    </p>

    <p class='ocr_par' dir='ltr' id='par_1_9' title="bbox 116 1097 1536 1214">
     <span class='ocr_line' id='line_1_18' title="bbox 116 1097 1535 1157; baseline -0.003 -14"><span class='ocrx_word' id='word_1_138' title='bbox 116 1103 218 1144; x_wconf 90' lang='lat' dir='ltr'>latio</span> <span class='ocrx_word' id='word_1_139' title='bbox 257 1103 369 1143; x_wconf 86' lang='lat' dir='ltr'>fore:</span> <span class='ocrx_word' id='word_1_140' title='bbox 422 1102 506 1143; x_wconf 88' lang='lat' dir='ltr'>sive</span> <span class='ocrx_word' id='word_1_141' title='bbox 545 1116 741 1157; x_wconf 85' lang='lat' dir='ltr'>prospere</span> <span class='ocrx_word' id='word_1_142' title='bbox 780 1099 1016 1156; x_wconf 81' lang='lat' dir='ltr'>gessissent,</span> <span class='ocrx_word' id='word_1_143' title='bbox 1058 1097 1260 1138; x_wconf 83' lang='lat' dir='ltr'>Romanis</span> <span class='ocrx_word' id='word_1_144' title='bbox 1302 1097 1455 1139; x_wconf 88' lang='lat' dir='ltr'>aversis</span> <span class='ocrx_word' id='word_1_145' title='bbox 1493 1097 1535 1139; x_wconf 90' lang='lat' dir='ltr'>in</span> 
     </span>
     <span class='ocr_line' id='line_1_19' title="bbox 119 1153 1536 1214; baseline -0.004 -14"><span class='ocrx_word' id='word_1_146' title='bbox 119 1160 418 1200; x_wconf 83' lang='lat' dir='ltr'>Bastarnarum</span> <span class='ocrx_word' id='word_1_147' title='bbox 438 1158 609 1207; x_wconf 87' lang='lat' dir='ltr'>bellum,</span> <span class='ocrx_word' id='word_1_148' title='bbox 626 1164 973 1214; x_wconf 87' lang='lat' dir='ltr'>recuperaturum</span> <span class='ocrx_word' id='word_1_149' title='bbox 995 1170 1037 1196; x_wconf 89' lang='lat' dir='ltr'>se</span> <span class='ocrx_word' id='word_1_150' title='bbox 1058 1154 1100 1196; x_wconf 89' lang='lat' dir='ltr'>in</span> <span class='ocrx_word' id='word_1_151' title='bbox 1123 1153 1302 1206; x_wconf 84' lang='lat' dir='ltr'>Graecia,</span> <span class='ocrx_word' id='word_1_152' title='bbox 1318 1169 1417 1210; x_wconf 90' lang='lat' dir='ltr'>quae</span> <span class='ocrx_word' id='word_1_153' title='bbox 1436 1155 1536 1195; x_wconf 83' lang='lat' dir='ltr'>ami-</span> 
     </span>
    </p>

    <p class='ocr_par' dir='ltr' id='par_1_10' title="bbox 117 1213 1008 1271">
     <span class='ocr_line' id='line_1_20' title="bbox 117 1213 1008 1271; baseline -0.003 -15"><span class='ocrx_word' id='word_1_154' title='bbox 117 1216 245 1257; x_wconf 82' lang='lat' dir='ltr'>sisset.</span> <span class='ocrx_word' id='word_1_155' title='bbox 307 1217 413 1256; x_wconf 88' lang='lat' dir='ltr'>Haec</span> <span class='ocrx_word' id='word_1_156' title='bbox 436 1214 621 1271; x_wconf 86' lang='lat' dir='ltr'>Philippi</span> <span class='ocrx_word' id='word_1_157' title='bbox 642 1213 811 1255; x_wconf 87' lang='lat' dir='ltr'>consilia</span> <span class='ocrx_word' id='word_1_158' title='bbox 830 1214 1008 1254; x_wconf 84' lang='lat' dir='ltr'>fuerant.</span> 
     </span>
    </p>

    <p class='ocr_par' dir='ltr' id='par_1_11' title="bbox 116 1267 1748 2294">
     <span class='ocr_line' id='line_1_21' title="bbox 177 1267 1720 1327; baseline -0.001 -14"><span class='ocrx_word' id='word_1_159' title='bbox 177 1273 350 1313; x_wconf 88' lang='lat' dir='ltr'>LVIII.</span> <span class='ocrx_word' id='word_1_160' title='bbox 374 1272 557 1327; x_wconf 90' lang='lat' dir='ltr'>Ingressi</span> <span class='ocrx_word' id='word_1_161' title='bbox 579 1279 676 1313; x_wconf 89' lang='lat' dir='ltr'>sunt</span> <span class='ocrx_word' id='word_1_162' title='bbox 697 1280 845 1327; x_wconf 87' lang='lat' dir='ltr'>pacato</span> <span class='ocrx_word' id='word_1_163' title='bbox 865 1270 1044 1325; x_wconf 84' lang='lat' dir='ltr'>agmine,</span> <span class='ocrx_word' id='word_1_164' title='bbox 1066 1268 1149 1310; x_wconf 84' lang='lat' dir='ltr'>fide</span> <span class='ocrx_word' id='word_1_165' title='bbox 1172 1267 1363 1309; x_wconf 89' lang='lat' dir='ltr'>Cottonis</span> <span class='ocrx_word' id='word_1_166' title='bbox 1383 1275 1424 1309; x_wconf 89' lang='lat' dir='ltr'>et</span> <span class='ocrx_word' id='word_1_167' title='bbox 1446 1269 1536 1309; x_wconf 92' lang='lat' dir='ltr'>An-</span> <span class='ocrx_word' id='word_1_168' title='bbox 1548 1280 1720 1313; x_wconf 79' lang='lat' dir='ltr'>Thracibus</span> 
     </span>
     <span class='ocr_line' id='line_1_22' title="bbox 117 1323 1748 1384; baseline -0.002 -14"><span class='ocrx_word' id='word_1_169' title='bbox 117 1329 263 1384; x_wconf 75' lang='lat' dir='ltr'>tigoni.</span> <span class='ocrx_word' id='word_1_170' title='bbox 295 1329 368 1370; x_wconf 91' lang='lat' dir='ltr'>sed</span> <span class='ocrx_word' id='word_1_171' title='bbox 397 1329 513 1369; x_wconf 83' lang='lat' dir='ltr'>haud</span> <span class='ocrx_word' id='word_1_172' title='bbox 540 1328 674 1369; x_wconf 91' lang='lat' dir='ltr'>multo</span> <span class='ocrx_word' id='word_1_173' title='bbox 703 1335 797 1384; x_wconf 87' lang='lat' dir='ltr'>post</span> <span class='ocrx_word' id='word_1_174' title='bbox 825 1327 979 1368; x_wconf 83' lang='lat' dir='ltr'>famam</span> <span class='ocrx_word' id='word_1_175' title='bbox 1009 1325 1155 1367; x_wconf 88' lang='lat' dir='ltr'>mortis</span> <span class='ocrx_word' id='word_1_176' title='bbox 1188 1324 1373 1381; x_wconf 87' lang='lat' dir='ltr'>Philippi</span> <span class='ocrx_word' id='word_1_177' title='bbox 1399 1340 1535 1381; x_wconf 90' lang='lat' dir='ltr'>neque</span> <span class='ocrx_word' id='word_1_178' title='bbox 1547 1323 1650 1356; x_wconf 83' lang='lat' dir='ltr'>infesti</span> <span class='ocrx_word' id='word_1_179' title='bbox 1665 1329 1748 1356; x_wconf 69' lang='lat'>⁵⁰⁰¹·</span> 
     </span>
     <span class='ocr_line' id='line_1_23' title="bbox 119 1383 1537 1439; baseline -0.003 -12"><span class='ocrx_word' id='word_1_180' title='bbox 119 1387 307 1427; x_wconf 87' lang='lat' dir='ltr'>Thraces</span> <span class='ocrx_word' id='word_1_181' title='bbox 328 1385 572 1426; x_wconf 86' lang='lat' dir='ltr'>commercio</span> <span class='ocrx_word' id='word_1_182' title='bbox 592 1384 732 1425; x_wconf 85' lang='lat' dir='ltr'>faciles</span> <span class='ocrx_word' id='word_1_183' title='bbox 752 1392 884 1434; x_wconf 87' lang='lat' dir='ltr'>erant,</span> <span class='ocrx_word' id='word_1_184' title='bbox 906 1398 1043 1439; x_wconf 89' lang='lat' dir='ltr'>neque</span> <span class='ocrx_word' id='word_1_185' title='bbox 1066 1383 1281 1424; x_wconf 87' lang='lat' dir='ltr'>Bastarnae</span> <span class='ocrx_word' id='word_1_186' title='bbox 1302 1390 1413 1424; x_wconf 86' lang='lat' dir='ltr'>emto</span> <span class='ocrx_word' id='word_1_187' title='bbox 1441 1397 1537 1423; x_wconf 91' lang='lat' dir='ltr'>con-</span> 
     </span>
     <span class='ocr_line' id='line_1_24' title="bbox 118 1438 1536 1498; baseline -0.002 -14"><span class='ocrx_word' id='word_1_188' title='bbox 118 1442 222 1484; x_wconf 85' lang='lat' dir='ltr'>tenti</span> <span class='ocrx_word' id='word_1_189' title='bbox 253 1458 340 1483; x_wconf 85' lang='lat' dir='ltr'>esse</span> <span class='ocrx_word' id='word_1_190' title='bbox 369 1450 577 1498; x_wconf 87' lang='lat' dir='ltr'>poterant,</span> <span class='ocrx_word' id='word_1_191' title='bbox 599 1450 671 1483; x_wconf 91' lang='lat' dir='ltr'>aut</span> <span class='ocrx_word' id='word_1_192' title='bbox 700 1441 743 1482; x_wconf 90' lang='lat' dir='ltr'>in</span> <span class='ocrx_word' id='word_1_193' title='bbox 774 1441 939 1497; x_wconf 89' lang='lat' dir='ltr'>agmine</span> <span class='ocrx_word' id='word_1_194' title='bbox 967 1439 1182 1490; x_wconf 88' lang='lat' dir='ltr'>contineri,</span> <span class='ocrx_word' id='word_1_195' title='bbox 1203 1455 1255 1480; x_wconf 91' lang='lat' dir='ltr'>ne</span> <span class='ocrx_word' id='word_1_196' title='bbox 1283 1438 1536 1482; x_wconf 82' lang='lat' dir='ltr'>decederent</span> 
     </span>
     <span class='ocr_line' id='line_1_25' title="bbox 117 1495 1538 1554; baseline 0 -16"><span class='ocrx_word' id='word_1_197' title='bbox 117 1499 194 1539; x_wconf 85' lang='lat' dir='ltr'>via.</span> <span class='ocrx_word' id='word_1_198' title='bbox 226 1499 322 1539; x_wconf 92' lang='lat' dir='ltr'>inde</span> <span class='ocrx_word' id='word_1_199' title='bbox 342 1499 506 1554; x_wconf 85' lang='lat' dir='ltr'>injuriae</span> <span class='ocrx_word' id='word_1_200' title='bbox 535 1498 648 1540; x_wconf 91' lang='lat' dir='ltr'>ultro</span> <span class='ocrx_word' id='word_1_201' title='bbox 667 1498 856 1554; x_wconf 89' lang='lat' dir='ltr'>citroque</span> <span class='ocrx_word' id='word_1_202' title='bbox 877 1497 989 1538; x_wconf 89' lang='lat' dir='ltr'>fieri:</span> <span class='ocrx_word' id='word_1_203' title='bbox 1023 1511 1203 1553; x_wconf 88' lang='lat' dir='ltr'>quarum</span> <span class='ocrx_word' id='word_1_204' title='bbox 1223 1496 1265 1537; x_wconf 90' lang='lat' dir='ltr'>in</span> <span class='ocrx_word' id='word_1_205' title='bbox 1291 1496 1379 1537; x_wconf 90' lang='lat' dir='ltr'>dies</span> <span class='ocrx_word' id='word_1_206' title='bbox 1408 1495 1538 1538; x_wconf 90' lang='lat' dir='ltr'>incre-</span> 
     </span>
     <span class='ocr_line' id='line_1_26' title="bbox 116 1552 1536 1609; baseline 0 -14"><span class='ocrx_word' id='word_1_207' title='bbox 116 1564 258 1597; x_wconf 91' lang='lat' dir='ltr'>mento</span> <span class='ocrx_word' id='word_1_208' title='bbox 288 1555 445 1596; x_wconf 88' lang='lat' dir='ltr'>bellum</span> <span class='ocrx_word' id='word_1_209' title='bbox 477 1556 645 1597; x_wconf 88' lang='lat' dir='ltr'>exarsit.</span> <span class='ocrx_word' id='word_1_210' title='bbox 719 1557 937 1596; x_wconf 85' lang='lat' dir='ltr'>Postremo</span> <span class='ocrx_word' id='word_1_211' title='bbox 973 1554 1175 1604; x_wconf 88' lang='lat' dir='ltr'>Thraces,</span> <span class='ocrx_word' id='word_1_212' title='bbox 1205 1568 1340 1609; x_wconf 88' lang='lat' dir='ltr'>quum</span> <span class='ocrx_word' id='word_1_213' title='bbox 1374 1552 1459 1594; x_wconf 82' lang='lat' dir='ltr'>vim</span> <span class='ocrx_word' id='word_1_214' title='bbox 1489 1569 1536 1595; x_wconf 87' lang='lat' dir='ltr'>ac</span> 
     </span>
     <span class='ocr_line' id='line_1_27' title="bbox 117 1610 1538 1667; baseline 0 -15"><span class='ocrx_word' id='word_1_215' title='bbox 117 1612 431 1653; x_wconf 86' lang='lat' dir='ltr'>multitudinem</span> <span class='ocrx_word' id='word_1_216' title='bbox 463 1612 663 1654; x_wconf 89' lang='lat' dir='ltr'>sustinere</span> <span class='ocrx_word' id='word_1_217' title='bbox 693 1612 876 1653; x_wconf 88' lang='lat' dir='ltr'>hostium</span> <span class='ocrx_word' id='word_1_218' title='bbox 906 1626 988 1652; x_wconf 91' lang='lat' dir='ltr'>non</span> <span class='ocrx_word' id='word_1_219' title='bbox 1018 1618 1201 1667; x_wconf 83' lang='lat' dir='ltr'>possent,</span> <span class='ocrx_word' id='word_1_220' title='bbox 1237 1610 1392 1651; x_wconf 88' lang='lat' dir='ltr'>relictis</span> <span class='ocrx_word' id='word_1_221' title='bbox 1429 1625 1538 1652; x_wconf 89' lang='lat' dir='ltr'>cam-</span> 
     </span>
     <span class='ocr_line' id='line_1_28' title="bbox 118 1667 1535 1724; baseline -0.001 -14"><span class='ocrx_word' id='word_1_222' title='bbox 118 1670 328 1724; x_wconf 88' lang='lat' dir='ltr'>pestribus</span> <span class='ocrx_word' id='word_1_223' title='bbox 362 1669 476 1717; x_wconf 88' lang='lat' dir='ltr'>vicis‚</span> <span class='ocrx_word' id='word_1_224' title='bbox 513 1669 556 1709; x_wconf 92' lang='lat' dir='ltr'>in</span> <span class='ocrx_word' id='word_1_225' title='bbox 589 1677 772 1710; x_wconf 87' lang='lat' dir='ltr'>montem</span> <span class='ocrx_word' id='word_1_226' title='bbox 807 1667 987 1724; x_wconf 87' lang='lat' dir='ltr'>ingentis</span> <span class='ocrx_word' id='word_1_227' title='bbox 1022 1667 1258 1709; x_wconf 86' lang='lat' dir='ltr'>altitudinis</span> <span class='ocrx_word' id='word_1_228' title='bbox 1294 1668 1535 1719; x_wconf 89' lang='lat' dir='ltr'>(Donucam</span> 
     </span>
     <span class='ocr_line' id='line_1_29' title="bbox 118 1724 1535 1780; baseline 0.001 -15"><span class='ocrx_word' id='word_1_229' title='bbox 118 1728 287 1780; x_wconf 84' lang='lat' dir='ltr'>vocant)</span> <span class='ocrx_word' id='word_1_230' title='bbox 328 1734 628 1768; x_wconf 89' lang='lat' dir='ltr'>concesserunt.</span> <span class='ocrx_word' id='word_1_231' title='bbox 707 1725 842 1776; x_wconf 64' lang='grc' dir='ltr'>94ῼυο</span> <span class='ocrx_word' id='word_1_232' title='bbox 881 1725 954 1766; x_wconf 90' lang='lat' dir='ltr'>ubi</span> <span class='ocrx_word' id='word_1_233' title='bbox 992 1725 1053 1765; x_wconf 90' lang='lat' dir='ltr'>ire</span> <span class='ocrx_word' id='word_1_234' title='bbox 1103 1725 1318 1765; x_wconf 78' lang='lat' dir='ltr'>Bastarnae</span> <span class='ocrx_word' id='word_1_235' title='bbox 1366 1724 1535 1775; x_wconf 88' lang='lat' dir='ltr'>vellent,</span> 
     </span>
     <span class='ocr_line' id='line_1_30' title="bbox 116 1781 1538 1840; baseline -0.001 -17"><span class='ocrx_word' id='word_1_236' title='bbox 116 1781 272 1838; x_wconf 63' lang='lat' dir='ltr'>²⁵quali</span> <span class='ocrx_word' id='word_1_237' title='bbox 304 1791 550 1840; x_wconf 84' lang='lat' dir='ltr'>tempestate</span> <span class='ocrx_word' id='word_1_238' title='bbox 582 1782 725 1824; x_wconf 89' lang='lat' dir='ltr'>Gallos</span> <span class='ocrx_word' id='word_1_239' title='bbox 756 1781 978 1839; x_wconf 87' lang='lat' dir='ltr'>spoliantes</span> <span class='ocrx_word' id='word_1_240' title='bbox 1009 1781 1197 1837; x_wconf 86' lang='lat' dir='ltr'>Delphos</span> <span class='ocrx_word' id='word_1_241' title='bbox 1220 1781 1333 1822; x_wconf 86' lang='lat' dir='ltr'>fama</span> <span class='ocrx_word' id='word_1_242' title='bbox 1362 1788 1424 1822; x_wconf 83' lang='lat' dir='ltr'>est</span> <span class='ocrx_word' id='word_1_243' title='bbox 1444 1797 1538 1837; x_wconf 82' lang='lat' dir='ltr'>per-</span> 
     </span>
     <span class='ocr_line' id='line_1_31' title="bbox 117 1836 1538 1895; baseline -0.001 -15"><span class='ocrx_word' id='word_1_244' title='bbox 117 1848 249 1881; x_wconf 87' lang='lat' dir='ltr'>emtos</span> <span class='ocrx_word' id='word_1_245' title='bbox 278 1856 390 1888; x_wconf 87' lang='lat' dir='ltr'>esse;</span> <span class='ocrx_word' id='word_1_246' title='bbox 424 1840 518 1881; x_wconf 89' lang='lat' dir='ltr'>talis</span> <span class='ocrx_word' id='word_1_247' title='bbox 539 1848 630 1882; x_wconf 90' lang='lat' dir='ltr'>tum</span> <span class='ocrx_word' id='word_1_248' title='bbox 652 1841 889 1890; x_wconf 85' lang='lat' dir='ltr'>Bastarnas,</span> <span class='ocrx_word' id='word_1_249' title='bbox 910 1839 1199 1895; x_wconf 85' lang='lat' dir='ltr'>nequidquam</span> <span class='ocrx_word' id='word_1_250' title='bbox 1219 1838 1274 1879; x_wconf 87' lang='lat' dir='ltr'>ad</span> <span class='ocrx_word' id='word_1_251' title='bbox 1294 1836 1403 1894; x_wconf 75' lang='lat' dir='ltr'>juga</span> <span class='ocrx_word' id='word_1_252' title='bbox 1422 1853 1538 1879; x_wconf 87' lang='lat' dir='ltr'>mon-</span> 
     </span>
     <span class='ocr_line' id='line_1_32' title="bbox 118 1895 1536 1953; baseline -0.001 -17"><span class='ocrx_word' id='word_1_253' title='bbox 118 1896 223 1937; x_wconf 87' lang='lat' dir='ltr'>tium</span> <span class='ocrx_word' id='word_1_254' title='bbox 246 1896 644 1953; x_wconf 86' lang='lat' dir='ltr'>adpropinquanteS,</span> <span class='ocrx_word' id='word_1_255' title='bbox 663 1896 880 1953; x_wconf 87' lang='lat' dir='ltr'>obpressit.</span> <span class='ocrx_word' id='word_1_256' title='bbox 912 1911 1047 1952; x_wconf 91' lang='lat' dir='ltr'>neque</span> <span class='ocrx_word' id='word_1_257' title='bbox 1067 1896 1177 1936; x_wconf 90' lang='lat' dir='ltr'>enim</span> <span class='ocrx_word' id='word_1_258' title='bbox 1207 1895 1340 1936; x_wconf 87' lang='lat' dir='ltr'>imbre</span> <span class='ocrx_word' id='word_1_259' title='bbox 1371 1902 1536 1936; x_wconf 89' lang='lat' dir='ltr'>tantum</span> 
     </span>
     <span class='ocr_line' id='line_1_33' title="bbox 119 1952 1536 2009; baseline -0.001 -16"><span class='ocrx_word' id='word_1_260' title='bbox 119 1953 252 1994; x_wconf 85' lang='lat' dir='ltr'>effuso</span> <span class='ocrx_word' id='word_1_261' title='bbox 287 1954 383 1995; x_wconf 88' lang='lat' dir='ltr'>dein</span> <span class='ocrx_word' id='word_1_262' title='bbox 418 1953 666 1995; x_wconf 88' lang='lat' dir='ltr'>creberrima</span> <span class='ocrx_word' id='word_1_263' title='bbox 694 1953 896 2009; x_wconf 85' lang='lat' dir='ltr'>grandine</span> <span class='ocrx_word' id='word_1_264' title='bbox 925 1953 1067 1994; x_wconf 87' lang='lat' dir='ltr'>obruti</span> <span class='ocrx_word' id='word_1_265' title='bbox 1103 1959 1215 2002; x_wconf 88' lang='lat' dir='ltr'>sunt,</span> <span class='ocrx_word' id='word_1_266' title='bbox 1251 1967 1346 1992; x_wconf 91' lang='lat' dir='ltr'>cum</span> <span class='ocrx_word' id='word_1_267' title='bbox 1376 1952 1536 2007; x_wconf 87' lang='lat' dir='ltr'>ingenti</span> 
     </span>
     <span class='ocr_line' id='line_1_34' title="bbox 119 2008 1539 2067; baseline -0.001 -17"><span class='ocrx_word' id='word_1_268' title='bbox 119 2009 284 2065; x_wconf 88' lang='lat' dir='ltr'>fragore</span> <span class='ocrx_word' id='word_1_269' title='bbox 319 2010 411 2051; x_wconf 90' lang='lat' dir='ltr'>coeli</span> <span class='ocrx_word' id='word_1_270' title='bbox 446 2010 755 2067; x_wconf 88' lang='lat' dir='ltr'>tonitribusque</span> <span class='ocrx_word' id='word_1_271' title='bbox 790 2018 831 2052; x_wconf 89' lang='lat' dir='ltr'>et</span> <span class='ocrx_word' id='word_1_272' title='bbox 865 2009 1107 2066; x_wconf 86' lang='lat' dir='ltr'>fulguribus</span> <span class='ocrx_word' id='word_1_273' title='bbox 1145 2008 1539 2065; x_wconf 85' lang='lat' dir='ltr'>praestringentibus</span> 
     </span>
     <span class='ocr_line' id='line_1_35' title="bbox 121 2065 1534 2121; baseline -0.001 -15"><span class='ocrx_word' id='word_1_274' title='bbox 121 2067 249 2107; x_wconf 87' lang='lat' dir='ltr'>aciem</span> <span class='ocrx_word' id='word_1_275' title='bbox 279 2067 521 2116; x_wconf 69' lang='lat' dir='ltr'>oculorum,</span> <span class='ocrx_word' id='word_1_276' title='bbox 555 2068 626 2109; x_wconf 89' lang='lat' dir='ltr'>sed</span> <span class='ocrx_word' id='word_1_277' title='bbox 647 2067 824 2109; x_wconf 89' lang='lat' dir='ltr'>fulmina</span> <span class='ocrx_word' id='word_1_278' title='bbox 853 2068 977 2108; x_wconf 87' lang='lat' dir='ltr'>etiam</span> <span class='ocrx_word' id='word_1_279' title='bbox 1007 2066 1064 2107; x_wconf 88' lang='lat' dir='ltr'>sic</span> <span class='ocrx_word' id='word_1_280' title='bbox 1094 2065 1281 2121; x_wconf 90' lang='lat' dir='ltr'>undique</span> <span class='ocrx_word' id='word_1_281' title='bbox 1310 2065 1534 2115; x_wconf 89' lang='lat' dir='ltr'>micabant,</span> 
     </span>
     <span class='ocr_line' id='line_1_36' title="bbox 121 2121 1534 2181; baseline 0 -19"><span class='ocrx_word' id='word_1_282' title='bbox 121 2132 170 2165; x_wconf 90' lang='lat' dir='ltr'>ut</span> <span class='ocrx_word' id='word_1_283' title='bbox 205 2124 291 2178; x_wconf 90' lang='lat' dir='ltr'>peti</span> <span class='ocrx_word' id='word_1_284' title='bbox 321 2124 563 2165; x_wconf 88' lang='lat' dir='ltr'>viderentur</span> <span class='ocrx_word' id='word_1_285' title='bbox 598 2140 795 2181; x_wconf 89' lang='lat' dir='ltr'>corpora;</span> <span class='ocrx_word' id='word_1_286' title='bbox 843 2139 917 2166; x_wconf 90' lang='lat' dir='ltr'>nec</span> <span class='ocrx_word' id='word_1_287' title='bbox 947 2123 1081 2165; x_wconf 91' lang='lat' dir='ltr'>solum</span> <span class='ocrx_word' id='word_1_288' title='bbox 1110 2121 1276 2172; x_wconf 84' lang='lat' dir='ltr'>milites,</span> <span class='ocrx_word' id='word_1_289' title='bbox 1308 2122 1380 2163; x_wconf 88' lang='lat' dir='ltr'>sed</span> <span class='ocrx_word' id='word_1_290' title='bbox 1410 2122 1534 2162; x_wconf 88' lang='lat' dir='ltr'>etiam</span> 
     </span>
     <span class='ocr_line' id='line_1_37' title="bbox 120 2178 1536 2237; baseline -0.001 -17"><span class='ocrx_word' id='word_1_291' title='bbox 120 2180 342 2236; x_wconf 86' lang='lat' dir='ltr'>principes,</span> <span class='ocrx_word' id='word_1_292' title='bbox 375 2180 445 2222; x_wconf 91' lang='lat' dir='ltr'>icti</span> <span class='ocrx_word' id='word_1_293' title='bbox 480 2181 686 2222; x_wconf 86' lang='lat' dir='ltr'>caderent.</span> <span class='ocrx_word' id='word_1_294' title='bbox 732 2181 889 2237; x_wconf 89' lang='lat' dir='ltr'>itaque,</span> <span class='ocrx_word' id='word_1_295' title='bbox 925 2194 1058 2236; x_wconf 90' lang='lat' dir='ltr'>quum</span> <span class='ocrx_word' id='word_1_296' title='bbox 1093 2178 1298 2236; x_wconf 87' lang='lat' dir='ltr'>praecipiti</span> <span class='ocrx_word' id='word_1_297' title='bbox 1328 2179 1432 2234; x_wconf 87' lang='lat' dir='ltr'>fuga</span> <span class='ocrx_word' id='word_1_298' title='bbox 1462 2193 1536 2234; x_wconf 87' lang='lat' dir='ltr'>per</span> 
     </span>
     <span class='ocr_line' id='line_1_38' title="bbox 118 2235 1536 2294; baseline -0.001 -16"><span class='ocrx_word' id='word_1_299' title='bbox 118 2247 245 2294; x_wconf 84' lang='lat' dir='ltr'>rupes</span> <span class='ocrx_word' id='word_1_300' title='bbox 264 2236 458 2293; x_wconf 64' lang='lat' dir='ltr'>praealtas</span> <span class='ocrx_word' id='word_1_301' title='bbox 486 2236 695 2292; x_wconf 89' lang='lat' dir='ltr'>inprovidi</span> <span class='ocrx_word' id='word_1_302' title='bbox 726 2246 1007 2279; x_wconf 88' lang='lat' dir='ltr'>sternerentur</span> <span class='ocrx_word' id='word_1_303' title='bbox 1036 2244 1304 2292; x_wconf 89' lang='lat' dir='ltr'>ruerentque,</span> <span class='ocrx_word' id='word_1_304' title='bbox 1325 2235 1536 2278; x_wconf 87' lang='lat' dir='ltr'>instabant</span> 
     </span>
    </p>
   </div>
   <div class='ocr_carea' id='block_1_3' title="bbox 522 2344 1130 2377">
    <p class='ocr_par' dir='ltr' id='par_1_12' title="bbox 522 2344 1130 2377">
     <span class='ocr_line' id='line_1_39' title="bbox 522 2344 1130 2377; baseline 0 -3"><span class='ocrx_word' id='word_1_305' title='bbox 522 2348 540 2374; x_wconf 78' lang='grc' dir='ltr'><strong><em>Υ</em></strong></span> <span class='ocrx_word' id='word_1_306' title='bbox 552 2347 635 2376; x_wconf 84' lang='lat' dir='ltr'>daret</span> <span class='ocrx_word' id='word_1_307' title='bbox 650 2345 745 2377; x_wconf 81' lang='lat' dir='ltr'>Crev.</span> <span class='ocrx_word' id='word_1_308' title='bbox 914 2349 933 2365; x_wconf 81' lang='lat'>²·</span> <span class='ocrx_word' id='word_1_309' title='bbox 946 2346 982 2375; x_wconf 79' lang='lat' dir='ltr'>da</span> <span class='ocrx_word' id='word_1_310' title='bbox 988 2355 1017 2375; x_wconf 73' lang='lat' dir='ltr'>re</span> <span class='ocrx_word' id='word_1_311' title='bbox 1031 2344 1130 2375; x_wconf 89' lang='lat' dir='ltr'>Gron.</span> 
     </span>
    </p>
   </div>
   <div class='ocr_carea' id='block_1_4' title="bbox 122 2441 1536 2870">
    <p class='ocr_par' dir='ltr' id='par_1_13' title="bbox 122 2441 1536 2870">
     <span class='ocr_line' id='line_1_40' title="bbox 169 2441 1486 2486; baseline 0 -14"><span class='ocrx_word' id='word_1_312' title='bbox 169 2443 208 2473; x_wconf 88' lang='lat'>19</span> <span class='ocrx_word' id='word_1_313' title='bbox 234 2443 273 2473; x_wconf 81' lang='lat' dir='ltr'>Ut</span> <span class='ocrx_word' id='word_1_314' title='bbox 297 2445 455 2485; x_wconf 70' lang='lat' dir='ltr'>Philippus</span> <span class='ocrx_word' id='word_1_315' title='bbox 476 2445 575 2486; x_wconf 80' lang='lat' dir='ltr'>daret]</span> <span class='ocrx_word' id='word_1_316' title='bbox 604 2444 709 2485; x_wconf 86' lang='lat' dir='ltr'>Vulgo</span> <span class='ocrx_word' id='word_1_317' title='bbox 728 2455 806 2484; x_wconf 76' lang='lat' dir='ltr'>proe-</span> <span class='ocrx_word' id='word_1_318' title='bbox 851 2450 905 2476; x_wconf 83' lang='lat' dir='ltr'>aut</span> <span class='ocrx_word' id='word_1_319' title='bbox 917 2444 1055 2475; x_wconf 74' lang='lat' dir='ltr'>tollenda</span> <span class='ocrx_word' id='word_1_320' title='bbox 1068 2442 1199 2479; x_wconf 81' lang='lat' dir='ltr'>videtur,</span> <span class='ocrx_word' id='word_1_321' title='bbox 1216 2447 1269 2473; x_wconf 82' lang='lat' dir='ltr'>aut</span> <span class='ocrx_word' id='word_1_322' title='bbox 1283 2441 1486 2473; x_wconf 84' lang='lat' dir='ltr'>immutanda.</span> 
     </span>
     <span class='ocr_line' id='line_1_41' title="bbox 126 2486 1280 2530; baseline 0.002 -16"><span class='ocrx_word' id='word_1_323' title='bbox 126 2491 226 2521; x_wconf 70' lang='lat' dir='ltr'>staret,</span> <span class='ocrx_word' id='word_1_324' title='bbox 256 2492 361 2518; x_wconf 82' lang='lat' dir='ltr'>contra</span> <span class='ocrx_word' id='word_1_325' title='bbox 389 2487 494 2530; x_wconf 86' lang='lat' dir='ltr'>scripti</span> <span class='ocrx_word' id='word_1_326' title='bbox 523 2487 638 2519; x_wconf 89' lang='lat' dir='ltr'>codicis</span> <span class='ocrx_word' id='word_1_327' title='bbox 666 2492 697 2518; x_wconf 81' lang='lat' dir='ltr'>et</span> <span class='ocrx_word' id='word_1_328' title='bbox 733 2492 808 2518; x_wconf 87' lang='lat' dir='ltr'>vett.</span> <span class='ocrx_word' id='word_1_329' title='bbox 894 2487 1039 2528; x_wconf 72' lang='lat' dir='ltr'>22*Ire]</span> <span class='ocrx_word' id='word_1_330' title='bbox 1056 2486 1174 2517; x_wconf 90' lang='lat' dir='ltr'>Melius</span> <span class='ocrx_word' id='word_1_331' title='bbox 1188 2487 1237 2516; x_wconf 74' lang='lat' dir='ltr'>iri.</span> <span class='ocrx_word' id='word_1_332' title='bbox 1277 2506 1280 2508; x_wconf 37' lang='lat' dir='ltr'>v</span> 
     </span>
     <span class='ocr_line' id='line_1_42' title="bbox 122 2528 1536 2569; baseline 0 -12"><span class='ocrx_word' id='word_1_333' title='bbox 122 2528 275 2558; x_wconf 77' lang='lat' dir='ltr'>editorum</span> <span class='ocrx_word' id='word_1_334' title='bbox 289 2529 392 2566; x_wconf 84' lang='lat' dir='ltr'>fidem,</span> <span class='ocrx_word' id='word_1_335' title='bbox 405 2541 424 2561; x_wconf 81' lang='lat' dir='ltr'>a</span> <span class='ocrx_word' id='word_1_336' title='bbox 439 2531 596 2562; x_wconf 86' lang='lat' dir='ltr'>Gronovio</span> <span class='ocrx_word' id='word_1_337' title='bbox 609 2535 764 2561; x_wconf 79' lang='lat' dir='ltr'>testatam.</span> <span class='ocrx_word' id='word_1_338' title='bbox 892 2532 934 2561; x_wconf 81' lang='lat'>23</span> <span class='ocrx_word' id='word_1_339' title='bbox 949 2531 1074 2560; x_wconf 77' lang='lat' dir='ltr'>Consilia</span> <span class='ocrx_word' id='word_1_340' title='bbox 1082 2528 1349 2569; x_wconf 81' lang='lat' dir='ltr'>commodabantur]</span> <span class='ocrx_word' id='word_1_341' title='bbox 1367 2530 1451 2568; x_wconf 82' lang='lat' dir='ltr'>Lege</span> <span class='ocrx_word' id='word_1_342' title='bbox 1466 2536 1536 2557; x_wconf 87' lang='lat' dir='ltr'>cum</span> 
     </span>
     <span class='ocr_line' id='line_1_43' title="bbox 168 2571 1301 2615; baseline 0.002 -15"><span class='ocrx_word' id='word_1_343' title='bbox 168 2572 211 2601; x_wconf 89' lang='grc'>20</span> <span class='ocrx_word' id='word_1_344' title='bbox 233 2571 316 2601; x_wconf 78' lang='lat' dir='ltr'>Sedes</span> <span class='ocrx_word' id='word_1_345' title='bbox 341 2572 493 2614; x_wconf 69' lang='lat' dir='ltr'>fimdare]</span> <span class='ocrx_word' id='word_1_346' title='bbox 539 2574 706 2615; x_wconf 84' lang='lat' dir='ltr'>Exemplar</span> <span class='ocrx_word' id='word_1_347' title='bbox 738 2573 806 2603; x_wconf 89' lang='lat' dir='ltr'>uni·</span> <span class='ocrx_word' id='word_1_348' title='bbox 851 2573 986 2614; x_wconf 84' lang='lat' dir='ltr'>Sigonio,</span> <span class='ocrx_word' id='word_1_349' title='bbox 1003 2574 1301 2604; x_wconf 75' lang='lat' dir='ltr'>accommodabuntur.</span> 
     </span>
     <span class='ocr_line' id='line_1_44' title="bbox 126 2611 1536 2656; baseline -0.001 -13"><span class='ocrx_word' id='word_1_350' title='bbox 126 2624 197 2644; x_wconf 81' lang='lat' dir='ltr'>cum</span> <span class='ocrx_word' id='word_1_351' title='bbox 220 2613 329 2644; x_wconf 81' lang='lat' dir='ltr'>habuit</span> <span class='ocrx_word' id='word_1_352' title='bbox 353 2625 381 2645; x_wconf 85' lang='lat' dir='ltr'>se</span> <span class='ocrx_word' id='word_1_353' title='bbox 392 2615 539 2655; x_wconf 81' lang='lat' dir='ltr'>fundare.</span> <span class='ocrx_word' id='word_1_354' title='bbox 594 2616 674 2647; x_wconf 85' lang='lat' dir='ltr'>Inde</span> <span class='ocrx_word' id='word_1_355' title='bbox 697 2616 810 2648; x_wconf 81' lang='lat' dir='ltr'>effecta</span> <span class='ocrx_word' id='word_1_356' title='bbox 894 2618 936 2647; x_wconf 86' lang='lat'>24</span> <span class='ocrx_word' id='word_1_357' title='bbox 961 2616 1025 2650; x_wconf 81' lang='lat' dir='ltr'>Quo</span> <span class='ocrx_word' id='word_1_358' title='bbox 1049 2617 1100 2646; x_wconf 85' lang='lat' dir='ltr'>ubi</span> <span class='ocrx_word' id='word_1_359' title='bbox 1123 2616 1181 2656; x_wconf 86' lang='lat' dir='ltr'>ire]</span> <span class='ocrx_word' id='word_1_360' title='bbox 1217 2615 1319 2645; x_wconf 85' lang='lat' dir='ltr'>Recte</span> <span class='ocrx_word' id='word_1_361' title='bbox 1343 2611 1536 2644; x_wconf 69' lang='lat' dir='ltr'>Gronovius:</span> 
     </span>
     <span class='ocr_line' id='line_1_45' title="bbox 126 2656 1065 2701; baseline 0.002 -15"><span class='ocrx_word' id='word_1_362' title='bbox 126 2661 174 2687; x_wconf 84' lang='lat' dir='ltr'>est</span> <span class='ocrx_word' id='word_1_363' title='bbox 200 2657 326 2697; x_wconf 82' lang='lat' dir='ltr'>vulgata</span> <span class='ocrx_word' id='word_1_364' title='bbox 351 2656 443 2687; x_wconf 84' lang='lat' dir='ltr'>lectio</span> <span class='ocrx_word' id='word_1_365' title='bbox 467 2660 541 2689; x_wconf 78' lang='lat' dir='ltr'>sedes</span> <span class='ocrx_word' id='word_1_366' title='bbox 563 2661 644 2691; x_wconf 83' lang='lat' dir='ltr'>dare.</span> <span class='ocrx_word' id='word_1_367' title='bbox 688 2659 809 2690; x_wconf 88' lang='lat' dir='ltr'>Grono-</span> <span class='ocrx_word' id='word_1_368' title='bbox 852 2671 943 2701; x_wconf 73' lang='lat' dir='ltr'>quam</span> <span class='ocrx_word' id='word_1_369' title='bbox 957 2661 1065 2690; x_wconf 81' lang='lat' dir='ltr'>subire.</span> 
     </span>
     <span class='ocr_line' id='line_1_46' title="bbox 126 2696 1534 2741; baseline 0.009 -13"><span class='ocrx_word' id='word_1_370' title='bbox 126 2698 194 2728; x_wconf 88' lang='lat' dir='ltr'>vius</span> <span class='ocrx_word' id='word_1_371' title='bbox 214 2704 377 2740; x_wconf 87' lang='lat' dir='ltr'>utrumque</span> <span class='ocrx_word' id='word_1_372' title='bbox 395 2699 588 2741; x_wconf 85' lang='lat' dir='ltr'>jungendum</span> <span class='ocrx_word' id='word_1_373' title='bbox 614 2702 745 2738; x_wconf 85' lang='lat' dir='ltr'>censuit,</span> <span class='ocrx_word' id='word_1_374' title='bbox 770 2713 807 2733; x_wconf 85' lang='lat' dir='ltr'>ac</span> <span class='ocrx_word' id='word_1_375' title='bbox 892 2704 934 2733; x_wconf 85' lang='lat'>25</span> <span class='ocrx_word' id='word_1_376' title='bbox 960 2702 1051 2736; x_wconf 71' lang='lat' dir='ltr'>Quali</span> <span class='ocrx_word' id='word_1_377' title='bbox 1072 2706 1235 2739; x_wconf 57' lang='lat' dir='ltr'>tempestate</span> <span class='ocrx_word' id='word_1_378' title='bbox 1256 2698 1371 2739; x_wconf 58' lang='lat' dir='ltr'>Gallffi]</span> <span class='ocrx_word' id='word_1_379' title='bbox 1404 2697 1473 2727; x_wconf 69' lang='lat' dir='ltr'>Hac</span> <span class='ocrx_word' id='word_1_380' title='bbox 1496 2696 1534 2726; x_wconf 63' lang='lat' dir='ltr'>de</span> 
     </span>
     <span class='ocr_line' id='line_1_47' title="bbox 126 2739 1534 2784; baseline -0.001 -13"><span class='ocrx_word' id='word_1_381' title='bbox 126 2741 291 2781; x_wconf 83' lang='lat' dir='ltr'>legendum</span> <span class='ocrx_word' id='word_1_382' title='bbox 305 2753 383 2777; x_wconf 85' lang='lat' dir='ltr'>esse,</span> <span class='ocrx_word' id='word_1_383' title='bbox 398 2743 625 2784; x_wconf 77' lang='lat' dir='ltr'>sedesfundare.</span> <span class='ocrx_word' id='word_1_384' title='bbox 852 2755 884 2776; x_wconf 86' lang='lat' dir='ltr'>re</span> <span class='ocrx_word' id='word_1_385' title='bbox 906 2744 976 2775; x_wconf 87' lang='lat' dir='ltr'>vide</span> <span class='ocrx_word' id='word_1_386' title='bbox 1000 2746 1136 2775; x_wconf 84' lang='lat' dir='ltr'>Pausan.</span> <span class='ocrx_word' id='word_1_387' title='bbox 1163 2742 1194 2772; x_wconf 90' lang='lat' dir='ltr'>in</span> <span class='ocrx_word' id='word_1_388' title='bbox 1215 2741 1338 2777; x_wconf 84' lang='lat' dir='ltr'>Atticis,</span> <span class='ocrx_word' id='word_1_389' title='bbox 1364 2739 1534 2773; x_wconf 71' lang='lat' dir='ltr'>Justinum,</span> 
     </span>
     <span class='ocr_line' id='line_1_48' title="bbox 171 2784 1136 2827; baseline 0.003 -14"><span class='ocrx_word' id='word_1_390' title='bbox 171 2785 207 2813; x_wconf 85' lang='lat'>21</span> <span class='ocrx_word' id='word_1_391' title='bbox 238 2784 298 2813; x_wconf 76' lang='lat' dir='ltr'>Nec</span> <span class='ocrx_word' id='word_1_392' title='bbox 324 2787 401 2815; x_wconf 77' lang='lat' dir='ltr'>enim</span> <span class='ocrx_word' id='word_1_393' title='bbox 427 2791 480 2814; x_wconf 82' lang='lat' dir='ltr'>aut</span> <span class='ocrx_word' id='word_1_394' title='bbox 507 2786 620 2827; x_wconf 75' lang='lat' dir='ltr'>lingua,</span> <span class='ocrx_word' id='word_1_395' title='bbox 646 2794 700 2818; x_wconf 71' lang='lat' dir='ltr'>aut</span> <span class='ocrx_word' id='word_1_396' title='bbox 721 2789 807 2818; x_wconf 75' lang='lat' dir='ltr'>mori-</span> <span class='ocrx_word' id='word_1_397' title='bbox 852 2788 906 2819; x_wconf 89' lang='lat' dir='ltr'>lib.</span> <span class='ocrx_word' id='word_1_398' title='bbox 921 2787 1046 2819; x_wconf 82' lang='lat' dir='ltr'>XXIV.</span> <span class='ocrx_word' id='word_1_399' title='bbox 1060 2797 1090 2817; x_wconf 87' lang='lat' dir='ltr'>c.</span> <span class='ocrx_word' id='word_1_400' title='bbox 1106 2787 1136 2816; x_wconf 84' lang='grc'>8.</span> 
     </span>
     <span class='ocr_line' id='line_1_49' title="bbox 128 2827 810 2870; baseline 0.007 -15"><span class='ocrx_word' id='word_1_401' title='bbox 128 2827 180 2855; x_wconf 71' lang='lat' dir='ltr'>bus</span> <span class='ocrx_word' id='word_1_402' title='bbox 216 2828 339 2867; x_wconf 59' lang='lat' dir='ltr'>aquales</span> <span class='ocrx_word' id='word_1_403' title='bbox 373 2828 540 2869; x_wconf 76' lang='lat' dir='ltr'>abhorrere]</span> <span class='ocrx_word' id='word_1_404' title='bbox 580 2830 649 2860; x_wconf 84' lang='lat' dir='ltr'>Vox</span> <span class='ocrx_word' id='word_1_405' title='bbox 686 2831 810 2870; x_wconf 76' lang='lat' dir='ltr'>oequalcs</span> 
     </span>
    </p>
   </div>
   <div class='ocr_carea' id='block_1_5' title="bbox 13 108 68 3222">
    <p class='ocr_par' dir='ltr' id='par_1_14' title="bbox 13 108 68 3222">
     <span class='ocr_line' id='line_1_50' title="bbox 13 108 68 3222; baseline 0 0"><span class='ocrx_word' id='word_1_406' title='bbox 13 108 68 3222; x_wconf 95' lang='lat' dir='ltr'> </span> 
     </span>
    </p>
   </div>
  </div>
 </body>
</html>
