1947 3222
159 277 203 352 ?·S²

215 279 254 355 ΩΦ

263 280 283 354 —100

157 1349 274 1381 Classis
287 1360 341 1392 pa-

156 1398 250 1423 ratur.

157 2203 312 2245 Prodigia.

369 161 446 200 206
888 160 1029 200 TITI
1077 162 1245 200 LIVII

328 303 337 312 .
367 269 447 311 lius
476 268 619 311 consul
649 269 870 326 superioris
891 270 984 311 anni
1006 270 1240 313 habuisset:
1274 279 1314 312 et
1335 269 1532 311 ⁶⁶socifim
1561 284 1608 310 ac
1630 267 1771 308 Latini

328 346 336 354 ·
366 325 543 367 nominis
576 341 627 367 ex
667 326 810 367 eodem
846 322 1052 367 exercitu
1086 327 1323 390 quindecim
1356 327 1498 391 millia,
1534 334 1576 366 et
1611 325 1772 387 equites

366 382 597 438 quingenti.
658 384 706 433 Q.
731 383 921 423 Minucio
951 398 1043 423 cum
1081 383 1279 433 exercitu,
1312 399 1435 447 quem
1467 384 1508 423 in
1541 380 1772 437 Liguribus

366 439 561 489 habebat,
582 447 850 495 prorocratum
881 438 1113 493 imperium.
1145 439 1380 490 additum,
1373 455 1413 480 m
1436 439 1772 495 supplementum

366 505 415 537 ut
436 503 618 551 quatuor
638 473 766 536 11111113
789 495 979 556 peditum
1002 496 1285 558 Romanorum
1308 497 1598 560 scriberentur,
1621 501 1662 534 et
1682 508 1774 533 cen-

366 560 457 593 tum
489 552 796 607 quinquaginta
826 550 1012 606 equites;
1046 560 1086 592 et
1109 551 1225 592 sociis
1253 553 1394 593 eodem
1426 553 1614 616 quinque
1645 549 1773 590 millia

397 609 555 650 editum
583 609 900 663 imperarentur,
923 606 1091 648 ducenti
1123 607 1430 673 quinquaginta
1459 610 1632 663 equites.
1695 607 1771 646 Cn.

365 624 556 706 ijDomitio
591 672 709 704 extra
746 663 927 712 Italiam,
964 679 1049 718 quo
1084 672 1250 705 senatus
1285 666 1524 715 censuisset,
1560 662 1774 719 provincia

366 721 517 770 evenit,
550 721 600 760 L.
626 719 822 782 Quinctio
855 719 993 760 Gallia
1027 729 1068 760 et
1103 720 1268 761 comitia
1302 721 1505 761 habenda
1568 722 1773 761 Praetores

366 776 515 818 deinde
535 775 766 839 provincias
788 775 945 817 smtiti:
980 777 1042 816 M.
1062 776 1240 817 Fulvius
1263 777 1534 818 Centumalus
1556 777 1771 824 mbanam,

368 834 418 874 L.
451 832 690 874 Scribonius
732 832 839 873 Libo
873 833 1149 887 peregrinam,
1188 833 1238 873 L
1269 833 1457 874 Valerius
1490 835 1641 889 Tappo
1674 833 1774 872 Sici-

366 889 478 938 liam,
510 891 558 939 Q.
584 888 773 930 Salonius
806 889 929 929 Sama
957 889 1203 939 Sardiniam,
1236 890 1299 930 M.
1324 889 1492 930 Baebius
1524 888 1774 945 Tamphilus

369 946 616 1009 Hispaniam
637 945 881 995 citeriorem,
905 946 960 985 A.
979 945 1138 986 Atilius
1162 947 1362 987 Serranus
1383 945 1633 986 ulteriorem.
1694 944 1775 985 Sed

366 1002 431 1043 his
466 1002 633 1043 duobus
667 1002 849 1057 primum
877 1002 1257 1067 senatusconsulto,
1295 1002 1444 1043 deinde
1480 1001 1612 1059 plebis
1651 1001 1775 1042 etiam

368 1060 470 1100 scito
491 1066 740 1122 permutatae
769 1058 993 1114 provinciae
1025 1067 1132 1100 sunt.
1195 1059 1328 1101 Atilio
1358 1058 1496 1099 0135515
1517 1067 1557 1099 et
1580 1057 1777 1099 Macedo-

367 1115 449 1179 nia,
473 1115 617 1156 Baebio
640 1115 797 1156 Bruttii
827 1114 995 1156 decreti.
1056 1115 1261 1156 Flaminio
1293 1116 1529 1177 Fulvioque
1559 1115 1600 1155 in
1624 1114 1777 1169 Hispa-

367 1172 445 1213 niis
474 1180 746 1228 prorogatum
776 1172 1010 1226 imperium.
1073 1171 1217 1212 Baebio
1252 1172 1478 1227 Tamphilo
1508 1187 1550 1212 ln
1585 1171 1775 1212 Bruttios

367 1228 464 1269 duae
485 1228 665 1283 legiones
682 1227 873 1277 decietae,
891 1243 987 1282 quae
1007 1229 1144 1284 priore
1165 1243 1272 1269 anno
1287 1229 1459 1269 urbanae
1479 1228 1671 1268 fuissent·
1695 1226 1775 1267 ⁶⁷et

368 1292 440 1326 utg
460 1285 577 1326 sociis
598 1284 741 1325 eodeni
763 1283 892 1324 millia
911 1285 1101 1349 peditum
1132 1285 1370 1340 quindecim
1396 1285 1712 1349 imperarentur,
1734 1291 1776 1323 et

369 1341 588 1406 quingenti
609 1341 781 1396 equites.
842 1341 1012 1381 Atilius
1032 1342 1206 1396 triginta
1225 1357 1349 1382 naves
1370 1342 1691 1403 quinqueremes
1717 1340 1778 1380 fa-

369 1414 459 1439 cere
484 1399 642 1453 jussus,
664 1406 705 1438 et
727 1413 778 1438 ex
808 1397 1026 1438 navalibus
1055 1406 1214 1439 veteres
1244 1398 1461 1446 deducere,
1485 1413 1515 1437 51
1538 1412 1633 1452 quae
1654 1396 1777 1437 utiles

368 1464 518 1504 essent,
552 1463 592 1495 et
629 1454 806 1494 scribere
835 1454 1000 1494 navales
1035 1454 1174 1495 socios.
1236 1455 1295 1496 Et
1328 1454 1566 1517 consulibus
1601 1453 1776 1508 impera-

369 1520 475 1561 tum,
497 1519 545 1551 ut
567 1510 603 1550 ei
625 1510 710 1550 duo
730 1509 860 1550 millia
880 1510 1034 1551 socium
1061 1526 1107 1551 30
1133 1511 1272 1552 Latini
1292 1510 1481 1558 nominis,
1504 1518 1544 1551 et
1565 1509 1676 1550 mille
1705 1524 1778 1564 pe-

369 1568 477 1609 dites
497 1567 667 1608 darenth
690 1568 911 1607 Romanos.
973 1568 1033 1607 Hi
1064 1567 1150 1608 duo
1170 1575 1369 1622 praetores
1389 1575 1430 1608 et
1451 1566 1536 1607 duo
1557 1565 1778 1615 exercitus,

371 1623 576 1665 terrestris
596 1623 850 1678 navalisque,
873 1622 1071 1664 adversus
1093 1624 1247 1673 Nabin,
1269 1632 1410 1679 aperte
1425 1623 1513 1685 jam
1534 1623 1779 1678 obpugnan-

370 1689 452 1722 tem
492 1680 620 1721 socios
659 1679 804 1735 populi
847 1680 1039 1743 Romani,
1074 1680 1320 1721 dicebantur
1359 1695 1507 1736 parari.
1582 1681 1778 1720 Ceterum

369 1736 495 1800 legati
527 1736 579 1777 ad
605 1736 864 1777 Antiochum
895 1736 1006 1777 missi
1036 1738 1407 1792 exspectabantur·
1441 1737 1512 1785 et¹‚
1535 1735 1777 1791 priusquam

369 1809 397 1833 11
432 1793 648 1842 redissent,
679 1800 870 1834 vetuerat
908 1794 984 1833 Cn.
1008 1793 1244 1834 Domitium
1280 1793 1491 1833 consulem
1527 1800 1692 1833 senatus
1724 1792 1777 1832 ab

370 1851 475 1891 urbe
496 1849 718 1891 discedere.

429 1907 566 1947 XXI.
604 1906 858 1946 Praetoribus
899 1905 1052 1946 Fulvio
1092 1914 1133 1947 et
1171 1906 1400 1952 Scribonio,
1431 1905 1600 1961 quibus,
1633 1912 1681 1945 ut
1705 1904 1778 1960 jus

369 1963 552 2004 dicerent
582 1963 743 2010 Romae,
765 1962 981 2017 provincia
997 1970 1099 2012 erat,
1121 1962 1336 2018 negotium
1357 1962 1518 2011 datum,
1542 1970 1603 2024 ut,
1625 1970 1778 2017 praeter

369 2035 458 2060 eam
481 2020 664 2068 classem,
682 2019 749 2059 cui
766 2019 926 2059 Atilius
947 2019 1207 2075 praefuturus
1223 2027 1325 2067 erat,
1342 2027 1509 2060 centum
1530 2017 1780 2082 quinquere-

369 2091 455 2117 mes
489 2084 694 2139 pararent
757 2075 1008 2131 Priusquam
1043 2075 1186 2116 consul
1221 2084 1503 2131 praetoresque
1538 2089 1578 2115 111
1614 2074 1780 2130 proxin-

369 2133 451 2174 cias
486 2132 861 2188 proficiscerentur,
899 2132 1149 2188 supplicatio
1180 2132 1264 2173 fuit
1298 2132 1585 2194 prodigiorum
1621 2146 1776 2171 caussa.

370 2189 549 2245 Capram
581 2205 651 2229 sex
684 2188 830 2229 hoedos
861 2204 945 2229 uno
979 2189 1086 2230 foetu
1123 2188 1314 2238 edidisse,
1348 2204 1398 2230 ex
1432 2188 1583 2229 Piceno
1612 2186 1780 2228 nuncia-

370 2253 460 2286 tum
492 2253 576 2286 est:
615 2253 655 2286 et
687 2245 847 2286 Airetii
878 2260 1057 2300 puerum
1087 2254 1232 2286 natum
1264 2244 1530 2286 unimanum:
1570 2243 1779 2284 Amiterni

368 2301 519 2343 ⁶³terra
544 2301 722 2364 pluisse:
758 2302 935 2342 lormiis
965 2310 1130 2357 portam
1161 2317 1413 2357 mulumque
1435 2302 1486 2342 de
1509 2300 1612 2341 coelo
1643 2308 1775 2341 tacta:

368 2367 408 2400 et
429 2358 562 2413 (quod
578 2373 756 2399 maxime
778 2358 979 2411 teriebat)
1003 2358 1183 2399 consulis
1208 2359 1283 2399 Cn.
1301 2358 1476 2398 Domitii
1497 2357 1579 2397 box
1582 2371 1646 2397 0111
1666 2356 1778 2397 10011-

367 2422 473 2463 tum,
499 2429 586 2454 11οΜ
594 2429 620 2454 Α
645 2429 666 2454 c
673 2429 760 2454 Avi:
785 2428 892 2454 TIBI.
942 2416 1187 2455 Ceter01um
1209 2414 1498 2470 prodigiorum
1519 2428 1663 2453 caussa
1683 2428 1779 2468 sup-

366 2471 566 2527 plicatum
573 2479 668 2511 est:
695 2472 843 2512 bovem
860 2487 955 2512 cum
977 2486 1079 2512 cura
1094 2471 1247 2512 servari
1266 2471 1404 2526 alique
1420 2469 1629 2525 aruspices
1645 2471 1780 2525 jusse-

367 2581 450 2616 sins.
462 2587 569 2625 pedites
582 2586 679 2616 Gron.
695 2586 786 2616 Crev.
851 2589 866 2613 g
882 2592 915 2616 ut
930 2592 955 2617 et
973 2586 1059 2617 Eaed.
1126 2586 1141 2610 h
1158 2587 1391 2616 consuli—daret
1410 2584 1495 2615 Laed.
1557 2587 1565 2604 ¹
1580 2591 1604 2615 et
1619 2584 1680 2616 del.
1695 2584 1784 2616 Eaed.

408 2681 450 2710 66
472 2680 591 2710 Savium
611 2691 645 2709 ac
664 2679 764 2709 Latini
788 2681 908 2709 nominis
925 2703 932 2710 .
949 2703 956 2710 .
974 2703 981 2709 .
1001 2692 1048 2719 pe·
1136 2681 1175 2710 67
1204 2680 1243 2709 Ut
1270 2686 1296 2709 ct
1331 2679 1425 2720 sociis]
1470 2681 1546 2720 Lege
1582 2679 1683 2722 potius
1709 2689 1779 2710 cuin

365 2723 437 2753 dites
471 2724 632 2762 quindecim
666 2722 774 2762 millia]
824 2723 947 2756 sociam.
986 2723 1049 2753 sive
1095 2722 1456 2755 Gronovio.etutsnc1is.

365 2775 402 2795 cx
430 2765 529 2800 sociis,
555 2766 660 2804 pedites
688 2764 726 2794 ad
758 2765 918 2804 quindecim
946 2767 1050 2795 millia.
1136 2766 1176 2795 68
1217 2765 1305 2794 Tem-a
1341 2765 1459 2805 pluisse]
1507 2765 1594 2795 snus
1631 2776 1647 2795 e
1685 2765 1780 2796 MSS.

365 2807 415 2837 Sic
440 2807 521 2837 infra
546 2818 573 2837 0.
601 2808 653 2838 23.
683 2808 945 2837 tumultuariorum
976 2809 1053 2836 mili-
1099 2806 1246 2838 Gronovii
1281 2817 1351 2837 cum
1390 2807 1557 2841 Victorino.
1588 2814 1618 2838 et
1647 2807 1778 2838 Andreae

366 2856 427 2878 tum
451 2852 489 2879 ml
513 2851 661 2880 duodecim
685 2851 779 2880 millia
799 2852 917 2889 pedites.
934 2856 959 2880 ec
980 2861 1051 2890 qua·
1097 2849 1242 2881 editione.
1269 2856 1373 2879 ter-vum
1399 2851 1514 2889 pluisse.
1560 2851 1599 2881 Et
1621 2850 1663 2881 sic
1687 2850 1779 2880 inter-

365 2893 532 2931 dringnntos
547 2895 665 2932 equiles.
1099 2891 1172 2922 dum
1189 2892 1305 2922 Livius.
