1947 3222
554 101 673 140 LIB.
702 100 893 138 xxxlv.
929 101 1048 140 cAP.
1081 104 1133 141 ΙΙ.
1471 110 1541 143 135

129 212 301 267 quentia
330 211 551 252 mulierum
581 210 624 251 in
649 210 748 251 dies.
779 224 874 250 nam
904 209 1028 251 etiam
1058 226 1109 251 ex
1139 211 1304 267 oppidis
1324 213 1539 255 ⁶concilia-
1552 221 1731 298 {fag}

127 268 320 325 bulisque
355 267 686 309 conveniebanth.
747 267 844 308 Jam
877 275 918 307 et
955 266 1142 308 consules
1181 277 1463 326 praetoresque
1496 280 1537 314 et

127 324 228 366 alios
254 325 520 380 magistratus
540 323 654 364 adire
675 332 716 364 et
737 338 883 378 rogare
904 323 1126 365 audebant.
1158 333 1340 366 ceterum
1370 327 1537 369 minime

127 382 376 423 exorabilem
398 380 575 422 alterum
595 379 612 406 ⁷
627 380 774 435 utique
798 380 1007 421 consulem
1032 379 1094 421 M.
1118 381 1313 422 Porcium
1337 383 1536 425 Catonem

128 437 351 487 habebant,
373 437 447 492 qui
467 452 544 493 pro
564 437 669 493 lege,
690 452 786 492 quae
807 437 1102 492 abrogabatur,
1124 437 1183 478 ita
1203 437 1420 480 disseruit:

183 496 244 536 II.
276 496 324 536 Si
352 495 396 535 in
424 508 495 534 sua
518 495 680 547 quisque
701 493 874 534 nostrilm
895 500 1023 534 matre
1035 495 1234 548 familiae,
1261 494 1454 545 Quirites,
1462 497 1536 549 jus

124 558 162 592 et
187 551 430 605 majestatem
461 553 543 592 viri
572 551 768 591 ²³retinere
798 552 1048 600 instituisset,
1071 553 1199 592 minus
1227 566 1311 592 cum
1342 554 1537 595 universis

105 608 280 662 fiminis
300 610 451 663 negotii
477 608 718 649 haberemus.
749 622 852 647 nunc
872 609 975 648 domi
1003 609 1109 650 victa
1128 609 1293 650 libertas
1312 616 1448 650 nostra
1473 612 1535 650 in-

114 667 302 719 potentia
323 666 522 715 muliebri,
543 666 608 706 lzic
627 679 778 719 quoque
803 666 846 705 in
859 665 964 719 soro
985 665 1175 707 obteritur
1194 673 1233 706 et
1251 668 1451 708 calcatur.-
1481 675 1534 719 et,

120 723 216 776 quia
235 724 418 777 singulas
436 725 631 764 sustinere
651 737 730 762 non
743 724 962 775 potuimus,
979 724 1184 764 universas
1204 725 1417 765 horremus.
1476 727 1536 766 E-

119 780 276 833 quidem
292 781 484 834 fabulam
515 786 554 820 et
566 782 713 833 fictam
747 795 826 820 rem
859 780 1043 820 ducebam
1076 795 1168 830 esse,
1190 781 1393 822 9virorum
1424 797 1536 823 omne

113 851 240 891 genus
261 839 304 878 in
335 839 474 890 aliqua
506 839 639 878 insula
669 836 948 890 conjuratione
976 837 1161 878 muliebri
1180 838 1232 878 ab
1251 839 1377 891 stirpe
1401 839 1534 880 subla-

119 900 200 934 tum
231 909 323 936 esse.
383 894 483 936 ¹⁰Ab
513 896 622 935 nullo
647 908 794 948 genere
823 899 916 933 nonc
937 908 1122 934 summum
1146 896 1365 947 periculum
1397 904 1466 944 est,
1497 899 1535 938 si

118 957 252 1001 coetus,
275 959 313 992 et
332 953 517 998 concilia,
541 957 580 991 et
601 957 768 992 secretas
789 951 1098 991 consultationes
1118 966 1197 992 esse
1217 953 1341 993 sinas.
1401 960 1534 1007 Atque

119 1022 191 1063 ego
212 1010 281 1050 vix
299 1016 474 1050 statuere
493 1010 605 1061 opud
623 1009 797 1048 animum
820 1021 943 1048 meum
961 1022 1134 1060 possum,
1157 1015 1286 1049 utrum
1301 1009 1422 1063 pejor
1442 1012 1532 1063 ipsa

117 1079 193 1120 res,
215 1080 271 1106 an
294 1066 433 1120 pejore
452 1067 627 1118 exemplo
646 1071 809 1119 agatur.
873 1065 1046 1112 Quorum
1073 1067 1244 1106 alterum
1264 1068 1321 1106 acl
1349 1081 1419 1107 nos
1438 1081 1531 1107 con—

115 1122 217 1164 sules
241 1125 489 1176 reliquosque
518 1123 785 1176 magistratus,
810 1123 977 1162 alterum
1000 1123 1056 1162 ad
1083 1137 1161 1172 vos,
1188 1124 1381 1174 Quirites,
1403 1127 1532 1178 magis

106 1179 368 1232 pertineretd.
400 1194 493 1219 nam
517 1186 648 1220 ntmm
668 1194 689 1219 e
709 1179 911 1232 republica
929 1180 997 1228 sit,
1020 1194 1150 1227 necne,
1173 1181 1229 1229 id,
1253 1182 1358 1234 quod
1382 1183 1439 1221 ad
1467 1197 1531 1222 vos

97 1238 256 1290 firtur,
274 1243 406 1278 vestra
419 1238 662 1277 existimatio
677 1243 747 1286 est,
763 1236 830 1290 qui
851 1238 893 1277 in
909 1237 1143 1293 suffugium
1165 1239 1268 1278 ituri
1287 1239 1392 1279 estis.
1417 1239 1531 1282 Haec

115 1292 422 1335 uconsternatio
441 1294 652 1342 muliebris,
674 1295 757 1335 sive
775 1308 847 1335 sua
873 1301 1026 1347 sponte,
1048 1296 1132 1335 sive
1157 1295 1385 1336 auctoribus
1404 1296 1527 1347 vobis,

114 1350 181 1391 M.
204 1351 397 1392 Fundani
417 1358 454 1392 et
476 1351 529 1392 L.
558 1351 710 1400 Valeri,
716 1352 843 1405 facta
864 1357 936 1402 est,
958 1350 1106 1392 1²lzau<l
1133 1352 1271 1393 dubie²
1288 1354 1346 1392 ad
1372 1355 1528 1405 culpam

112 1409 417 1463 magistratuum
445 1410 670 1462 pertinens,
692 1409 823 1449 nescio
856 1408 977 1457 vobis,
1008 1409 1176 1458 tribuni,
1209 1424 1264 1449 an
1294 1411 1527 1459 consulibus,

114 1467 244 1520 magis
264 1468 318 1507 sit
348 1466 552 1520 deformis.
583 1466 703 1514 vobis,
725 1467 762 1506 si
778 1465 965 1519 seminas
994 1467 1051 1505 ad
1078 1468 1333 1507 concitandas
1352 1468 1527 1508 tribuni·

112 1523 198 1563 cias
225 1524 441 1563 seditiones
461 1522 555 1576 jam
586 1523 833 1564 adduxistis:
864 1522 989 1570 nobis,
1021 1524 1071 1572 si,
1092 1529 1136 1563 ut
1159 1524 1290 1576 plebis
1316 1525 1527 1578 quondam,

112 1579 170 1619 sic
190 1593 293 1619 nunc
313 1581 519 1620 mulierum
539 1581 752 1621 secessione
771 1581 879 1634 leges
898 1581 1145 1632 accipiendae
1163 1587 1266 1621 sunt.
1327 1582 1527 1634 Equidem

113 1650 193 1675 non
212 1637 300 1677 sine
319 1637 460 1677 rubore
480 1638 649 1691 quodam
664 1638 807 1689 paullo
827 1643 922 1677 ante
943 1651 1023 1689 per
1041 1638 1210 1677 medium
1231 1651 1372 1691 agmen
1394 1639 1527 1678 mulie-

111 1706 194 1733 rum
216 1694 260 1734 in
270 1694 415 1747 sorum
428 1696 609 1747 petveni.
675 1695 793 1741 Quod
819 1695 902 1734 nisi
931 1708 989 1733 me
1018 1696 1256 1735 verecundia
1277 1695 1526 1748 singularum

111 1751 242 1804 magis
274 1750 496 1804 majestatis
524 1757 564 1792 et
587 1751 770 1804 pudoris,
793 1765 909 1805 quam
938 1752 1227 1798 universarum,
1253 1753 1454 1802 tenuisset,
1478 1767 1527 1793 ne

110 1805 395 1860 ¹⁵compellatce
415 1823 440 1848 α
467 1810 624 1849 consule
653 1809 896 1856 viderentur,
920 1808 1124 1849 dixissem:
1163 1808 1245 1856 Qui
1273 1810 1339 1849 hic
1367 1824 1450 1850 mos
1469 1815 1527 1850 est

109 1864 154 1905 in
165 1865 368 1918 publicum
384 1866 665 1919 procurrendi,
687 1871 725 1906 et
743 1865 951 1907 obsidendi
969 1866 1069 1915 vias,
1091 1872 1130 1906 et
1149 1867 1256 1907 viros
1275 1867 1430 1907 alienos
1450 1868 1524 1907 ad-

155 1971 172 1995 b
186 1981 376 2005 convenerant
393 1974 490 2006 Gron.
507 1974 598 2006 Crev.
1067 1975 1082 1998 d
1095 1976 1220 2014 pertinet
1235 1974 1323 2006 Eaed.
1409 1980 1425 1996 θ
1437 1977 1524 2006 dubi.)

692 1978 706 1996 Ε
722 1986 778 2006 non
793 1987 873 2016 oeque
888 1974 974 2006 Eaed.

115 2015 212 2047 Gron.

156 2116 176 2146 6
201 2115 421 2158 conciliabulis]
446 2116 519 2147 vid.
536 2123 597 2148 not.
622 2117 661 2149 ad
690 2118 795 2149 XXV.
839 2117 976 2166 ci,·quod
990 2116 1069 2148 infra
1091 2128 1110 2148 a
1132 2117 1261 2148 tribunis
1284 2116 1436 2158 objicitur,
1454 2129 1520 2149 ora-

135 2181 200 2232 ⁰7·
215 2201 336 2243 Utique]
363 2202 465 2238 Certe,
481 2203 644 2244 praecipue.
668 2218 676 2223 ·
838 2167 1156 2234 torl-l'‘Cous-tertiatio
1190 2203 1353 2243 muliebris]
1405 2203 1521 2234 Seditio

155 2244 350 2276 8⁴⁵Re1inere
380 2245 561 2286 instituisset]
601 2246 639 2276 In
667 2255 703 2276 eo
731 2245 792 2288 pri·
835 2246 1080 2277 concurrentium
1095 2246 1268 2277 mulierum.
1298 2245 1374 2276 vid.
1387 2253 1451 2277 not.
1468 2248 1520 2278 97.

112 2296 198 2318 mum
232 2288 381 2329 posuisset
415 2299 539 2331 operam
573 2294 608 2318 ut
640 2288 792 2320 retineret.
835 2288 875 2320 ad
891 2290 985 2320 XXI.
998 2290 1051 2320 24.

153 2331 174 2361 9
200 2329 335 2361 Virorum
367 2343 448 2362 omne
478 2331 587 2374 genus]
624 2332 792 2362 Mulierum
880 2333 918 2362 12
940 2332 1035 2363 Haud
1065 2331 1175 2378 dubie]
1203 2331 1252 2362 Sic
1289 2331 1384 2362 habet
1417 2338 1518 2363 noster

111 2161 132 2190 5

112 2372 309 2404 Lemniamm
323 2374 442 2405 facinus
459 2374 615 2415 intelligit,
632 2385 700 2416 quae
714 2374 794 2405 viros

112 2425 217 2447 omnes
234 2416 461 2448 interfecerunt.
505 2418 588 2448 Rem
609 2416 674 2449 fuse
690 2424 795 2448 narrat

114 2457 144 2488 V
147 2458 187 2488 al.
203 2459 345 2496 Flaccus,
362 2460 479 2501 Argon.
492 2460 515 2490 1.
530 2460 577 2490 Π.

157 2501 196 2530 10
217 2503 261 2532 Ab
288 2504 371 2533 nullo
396 2514 501 2544 genere
531 2515 588 2533 non
613 2515 690 2545 oeque
714 2514 791 2534 sum-

112 2543 206 2584 mum]
239 2545 346 2586 Magis
369 2546 505 2587 placeret
531 2546 642 2587 legere,
669 2547 793 2578 sublata

113 2586 285 2626 negatione,
308 2590 344 2618 ab
369 2589 453 2619 nullo
478 2600 584 2630 genere
611 2601 688 2630 aeque
715 2600 790 2620 sum-

112 2638 202 2664 mum,
224 2628 257 2660 id
285 2636 341 2667 est,
366 2636 432 2662 tam
455 2641 603 2673 magnum
628 2633 792 2672 periculum

112 2676 164 2717 est,
190 2672 308 2713 supple,
338 2678 430 2715 atque
457 2684 476 2704 a
503 2675 692 2707 mulieribus.
742 2675 792 2706 Sic

113 2722 195 2743 emm
221 2719 252 2744 et
279 2715 389 2747 melius
415 2716 474 2747 sibi
501 2722 654 2749 constaret
683 2718 790 2754 oratio,

111 2764 216 2802 quum.
222 2766 312 2798 supra
327 2761 436 2799 agatur
449 2759 488 2790 de
509 2760 603 2791 atroci
624 2760 758 2792 facinore
773 2772 792 2792 a

113 2796 234 2828 feminis
258 2805 389 2840 patrato,
411 2806 443 2832 et
462 2802 560 2843 magis
581 2803 692 2834 decora
713 2809 793 2834 esset

114 2840 237 2877 Catoni,
255 2851 315 2871 non
329 2842 427 2873 solum
440 2844 535 2883 gravi,
551 2845 606 2876 sed
620 2846 714 2876 etiam
728 2852 790 2877 tru-

837 2375 867 2405 V
870 2374 953 2405 ictor.
966 2385 1026 2416 quo
1038 2384 1157 2405 rursum
1168 2374 1331 2416 incipimus
1343 2373 1398 2405 uti.
1421 2375 1517 2406 Totus

837 2417 918 2448 enim
931 2418 1008 2448 liber
1023 2417 1216 2448 xxxlllus.
1232 2417 1263 2447 in
1279 2427 1314 2447 eo
1329 2417 1443 2448 deficit.
1467 2418 1518 2448 Sic

836 2465 867 2491 et
883 2460 1035 2496 Andreas,
1052 2466 1084 2491 et
1101 2464 1210 2491 ceterae
1232 2460 1393 2496 editiones,
1409 2467 1520 2502 praeter

837 2503 1063 2541 Gronovianas,
1092 2503 1124 2534 in
1153 2503 1265 2544 quibus
1296 2503 1406 2544 legitur
1439 2504 1517 2532 haud

835 2547 930 2577 dubio.
1296 2550 1299 2551 ⁷

880 2589 1154 2630 13*Cnmpellatae]
1188 2589 1365 2628 Compellare
1385 2598 1445 2619 uon
1471 2592 1517 2617 est

835 2632 1011 2674 simpliciter
1041 2632 1166 2673 alloqui,
1193 2632 1247 2662 sed
1275 2642 1344 2662 cum
1378 2631 1516 2671 increpa-

834 2674 917 2707 tione
939 2676 1084 2717 quadam,
1109 2680 1163 2705 aut
1188 2681 1269 2705 certe
1293 2684 1328 2704 eo
1350 2672 1441 2704 modo
1464 2673 1518 2714 qui

834 2717 983 2759 pudorem
997 2718 1132 2759 aliquem
1147 2717 1276 2748 incutiat
1288 2716 1315 2746 ei
1329 2725 1420 2755 quem
1434 2725 1517 2748 com-

834 2761 1003 2802 pellamus:
1042 2761 1073 2791 id
1110 2761 1203 2801 quod*
1231 2758 1354 2789 Gallice
1389 2757 1518 2788 dicimus

834 2805 1025 2843 apostrophen

951 2900 976 2927 Κ
999 2894 1023 2927 4

1551 504 1657 535 Oratio
1673 507 1733 537 Ca-

1549 548 1627 578 tonis
1644 549 1716 580 Cos.

1548 600 1601 630 pro
1617 591 1684 631 lege

1540 632 1664 675 «Oppia.

1935 2831 1947 3222 &ath—*⁴4⁴
