1947 3222
172 193 213 266 ,³³5³

227 193 264 267 ,αφ

277 193 317 268 <ss

169 699 280 747 Pugna

169 748 308 789 commit-

168 790 251 818 titur-

170 1777 308 1807 Vincunt

170 1820 314 1853 Romani.

318 195 350 268 :03³⁵

385 75 461 109 304
889 38 1037 111 ἸΓΙΤΙ
1084 71 1263 110 LIVII

384 179 712 246 promontorium
746 189 878 231 erant,
904 196 1038 238 quum
1072 181 1231 223 hostem
1261 194 1520 243 conspexere.
1580 181 1640 222 Et
1675 181 1786 235 regia

384 237 551 302 classis,
563 236 671 278 binis
700 237 743 279 in
772 238 958 279 ordinem
988 239 1165 279 navibus
1198 238 1322 293 longo
1352 251 1515 292 agmme
1544 235 1724 286 veniens,
1745 244 1787 279 et

383 293 472 349 ipsa
491 293 618 334 aciem
649 294 863 335 adversam
893 294 1122 358 explicuit3
1155 302 1319 335 tantum
1350 293 1454 334 laevo
1475 300 1617 334 evecta
1643 307 1786 344 cornu,

383 358 431 390 ut
451 349 642 406 amplecti
671 359 713 392 et
744 352 959 391 circumlre
980 326 1200 391 (15Χ15111111
1229 366 1357 391 cornu
1382 350 1666 390 Romanorum
1694 360 1788 405 pos-

383 414 455 448 set.
487 407 601 462 quod
622 407 694 447 ubi
718 406 951 457 Eudamus,
973 406 1047 462 qui
1068 407 1240 462 cogebat
1261 421 1423 462 agmen,
1444 406 1565 456 vidit,
1586 421 1668 446 non
1695 420 1788 461 pos-

383 478 425 503 se
455 478 621 519 aequare
629 463 848 504 ““·ο1(11115111
881 464 1106 513 Romanos,
1127 471 1168 504 et
1198 471 1361 504 tantum
1391 478 1473 503 non
1498 477 1585 518 1am
1615 462 1788 503 circum-

380 519 431 560 iri
453 535 478 560 a
497 520 645 560 dextro
666 533 809 569 cornu,
831 518 864 542 ⁸⁹
876 519 1054 561 concitat
1083 534 1231 560 naves·
1223 551 1233 567 ,
1268 519 1336 571 (et'
1349 528 1464 560 erant
1487 519 1691 560 Rhodiae¹
1702 518 1788 559 lon-

380 592 432 632 ge
461 576 644 616 omnium
677 575 901 616 celerrimae
937 584 1026 617 tota
1054 576 1200 628 classe)
1231 583 1481 631 aequatoque
1510 591 1653 626 cornu,
1682 590 1790 631 prae-

381 633 499 673 toriae
515 632 625 681 navi,
646 632 690 672 in
711 647 795 687 qua
816 632 1097 688 Polyxenidas
1117 642 1220 683 erat,
1243 646 1359 673 suam
1378 633 1542 687 objecit.

439 688 598 729 XXX.
630 689 729 729 Jam
760 688 858 730 totis
886 689 1085 730 classibus
1119 689 1240 729 simul
1270 690 1322 730 ab
1352 689 1463 730 omni
1492 696 1612 745 parte
1645 703 1789 745 pugna

379 753 567 786 conserta
605 753 705 786 erat.
766 745 838 786 Ab
879 745 1079 786 Romanis
1117 746 1329 801 octoginta
1366 754 1490 786 naves
1527 746 1788 800 pugnabant,

379 815 430 843 ex
459 801 613 857 quibus
646 801 825 842 Rhodiae
855 802 951 843 duae
982 810 1023 844 et
1052 801 1202 858 viginti
1231 809 1359 843 erant.
1421 802 1621 842 Hostium
1651 802 1788 843 classis

380 858 718 914 undenonaginta
747 859 916 900 navium
946 859 1043 909 fuit,
1074 867 1115 900 et
1150 858 1342 900 maximae
1377 858 1522 899 formae
1550 872 1676 898 naves
1705 866 1789 899 tres

379 914 550 956 hexeres
578 915 773 964 habebat,
796 915 900 957 duas
920 916 1122 972 hepteres.
1185 916 1352 957 Robore
1372 916 1557 956 navium
1570 922 1616 956 et
1632 914 1789 956 virtute

379 971 562 1013 militum
581 971 801 1013 ⁹⁰Romani
832 972 954 1028 longe
980 973 1116 1030 regios
1145 973 1422 1036 praestabant·
1456 971 1635 1013 Rhodiae
1664 985 1789 1012 naves

379 1028 580 1084 agilitate,
603 1037 644 1070 et
665 1037 753 1070 arte
773 1030 1117 1093 gubernatorum,
1139 1037 1180 1070 et
1201 1029 1369 1070 scientia
1388 1029 1605 1083 remigum.
1650 1027 1790 1068 Maxi-

380 1100 447 1125 mo
475 1093 612 1126 tamen
642 1063 832 1126 hostibus
860 1085 1008 1127 terrori
1037 1086 1168 1136 fuere,
1191 1101 1286 1141 quae
1316 1085 1432 1141 ignes
1460 1100 1548 1141 prae
1578 1100 1620 1126 se
1649 1093 1790 1141 porta-

378 1142 504 1183 bant:
537 1149 593 1191 et,
615 1142 731 1198 quod
760 1157 891 1183 unum
920 1142 970 1183 iis
991 1142 1045 1183 ad
1067 1144 1321 1183 Panormum
1330 1120 1635 1183 circumventis
1665 1141 1789 1182 saluti

379 1198 473 1238 fuel
475 1206 531 1248 at,
553 1172 596 1239 id
618 1207 709 1240 tum
730 1199 959 1262 maximum
983 1207 1238 1241 momentum
1260 1199 1313 1239 ad
1333 1198 1547 1240 victoriam
1568 1198 1661 1239 fuit.
1693 1212 1789 1238 nam

379 1262 494 1296 metu
524 1254 631 1310 ignis
666 1254 828 1296 adversi
863 1255 989 1312 regiae
1023 1271 1163 1306 naves,
1193 1255 1225 1280 ⁹¹
1238 1271 1290 1296 ne
1323 1270 1449 1311 prora
1481 1262 1787 1304 concurrerent,

379 1326 512 1366 quum
545 1311 832 1362 declinassent,
867 1328 1002 1368 neque
1036 1312 1137 1368 ipsae
1171 1309 1293 1353 ferire
1327 1319 1460 1353 rostro
1498 1311 1658 1352 hostem
1698 1319 1790 1367 pot-

379 1376 510 1419 erant,
536 1376 579 1409 et
607 1368 798 1424 obliquas
833 1384 875 1410 se
908 1370 1010 1425 ipsae
1044 1369 1098 1409 ad
1131 1369 1240 1410 ictus
1274 1369 1527 1432 praebebant.
1559 1376 1614 1417 et,
1642 1367 1675 1408 si
1706 1382 1791 1422 qua

381 1433 658 1475 conculrerat,
695 1426 952 1467 obruebatur
984 1426 1123 1467 infuso
1161 1425 1274 1481 igni;
1307 1440 1522 1480 magisque
1561 1424 1615 1464 ad
1653 1423 1790 1464 incen-

383 1480 515 1531 dium,
544 1496 671 1536 quam
706 1481 759 1522 ad
789 1482 999 1538 proelium,
1030 1482 1307 1538 trepidabant.
1369 1482 1606 1522 Plurimum
1634 1488 1788 1530 tamen,

380 1553 478 1601 quae
509 1538 626 1589 solet,
647 1538 828 1580 militum
858 1540 993 1581 virtus
1022 1554 1064 1580 111
1093 1539 1204 1580 bello
1224 1538 1371 1580 valuit.
1400 1537 1578 1579 mediam
1608 1551 1788 1592 namque

381 1594 510 1635 aciem
550 1595 731 1636 hostium
775 1596 954 1636 Romani
994 1611 1126 1651 quum
1167 1596 1390 1652 rupissent,
1430 1594 1695 1636 circumvecti
1735 1593 1788 1634 ab

381 1658 500 1706 tergo
536 1651 822 1706 pugnantibus
857 1652 1055 1693 adve1sus
1085 1652 1275 1693 Rhodios
1308 1652 1433 1708 regiis
1462 1666 1547 1692 sese
1576 1651 1786 1713 objecere:

380 1715 674 1763 momentoque
705 1710 902 1764 temporis
930 1717 971 1750 et
1005 1709 1142 1750 media
1171 1709 1277 1749 acies
1304 1687 1516 1758 Antiochi,
1537 1715 1577 1748 et
1610 1707 1716 1747 laevo
1745 1721 1787 1747 m

380 1778 509 1804 cornu
530 1764 822 1807 circumventae
842 1781 966 1806 naves
996 1766 1301 1821 mergebantur.
1362 1766 1547 1806 Dextela
1569 1779 1665 1819 pars
1685 1763 1788 1803 inte-

379 1835 469 1874 gra,
499 1820 703 1862 sociorum
732 1822 864 1877 magis
894 1822 1023 1872 clade,
1050 1837 1176 1877 quam
1207 1837 1282 1863 suo
1316 1821 1529 1886 pericu10,
1539 1820 1784 1862 terrebatur.

380 1884 578 1927 ceterum,
614 1886 836 1933 postquam
874 1878 974 1919 alias
1013 1879 1327 1929 circumventas,
1362 1878 1599 1932 praetoriam
1639 1890 1787 1916 navem

383 1932 666 1988 Polyxenidae,
689 1934 839 1976 relictis
861 1935 993 1986 sociis,
1015 1935 1079 1976 vcl
1083 1951 1107 1976 a
1126 1935 1293 1976 dantem
1314 1935 1469 1986 videre,
1491 1933 1665 1975 sublatis
1694 1947 1788 1988 rap-

686 2025 705 2050 k
718 2039 868 2069 exaequare
884 2028 981 2059 Gron.
997 2029 1088 2060 Crev.
1173 2027 1182 2051 ¹
1197 2028 1270 2060 add.
1286 2040 1370 2060 naves
1385 2028 1475 2060 Eaed.

421 2112 461 2142 89
487 2112 563 2142 (scon
549 2114 620 2143 vitat
641 2124 746 2149 naves;
769 2114 813 2154 (et
836 2121 919 2144 erant
941 2115 1062 2145 Rhodia:
1104 2113 1287 2145 curavimus.
1331 2115 1369 2146 In
1391 2114 1428 2145 iis
1448 2124 1516 2156 quoe
1535 2113 1716 2162 praecedunt·
1732 2110 1784 2144 5κὲ

379 2154 478 2194 mnes]
506 2155 654 2186 Ultimam
665 2166 768 2187 vocem
783 2163 928 2198 respuunt
939 2158 965 2188 Ἰ
968 2158 1061 2188 huan-

378 2202 409 2226 et
430 2197 457 2227 V
461 2197 545 2227 ictor.
565 2198 704 2229 codices:
729 2204 759 2229 et
781 2199 902 2241 ingrata
924 2200 973 2231 hic
986 2200 1062 2245 ejus

379 2239 518 2280 repetitio
533 2245 588 2270 est.

421 2283 463 2311 90
488 2282 611 2313 Romani
641 2285 723 2325 Iunge
748 2295 795 2325 weg,
790 2288 839 2316 ios
865 2287 1060 2323 pret-stabunt,-

383 2324 503 2354 Rhodia:
538 2327 638 2367 nares]
686 2311 795 2357 Antee>
809 2327 976 2359 Gelenium
1012 2328 1060 2360 hic

381 2367 472 2407 vulgo
502 2367 675 2407 legebatur:
709 2370 832 2400 Romani
861 2371 927 2412 long
911 2383 942 2401 cre
970 2374 1062 2412 regis

378 2411 644 2457 7›1·ast‹11›5111t;⁷we
639 2413 686 2442 ἱνα·
709 2424 804 2443 mnes
850 2413 882 2443 Is
903 2424 939 2444 ex
955 2398 1060 2445 codice

381 2453 468 2493 Mog.
500 2451 616 2484 invexit
652 2464 721 2485 eam
760 2455 931 2493 lectionem,
967 2468 1060 2498 quam

380 2505 486 2526 omues
512 2501 580 2537 post
612 2507 683 2527 cum
713 2498 845 2539 amplcxl
874 2504 964 2537 sunt3
998 2500 1061 2531 sive

381 2538 482 2585 potius
518 2539 648 2570 restituit
683 2550 764 2575 earn,
793 2550 885 2581 quam
918 2524 1062 2573 A1’1dreas

376 2591 443 2620 iarn
477 2581 549 2611 olim
581 2588 785 2623 expresserat:
826 2583 949 2614 Romani
981 2586 1063 2624 lonae

387 2624 507 2653 Rhodios
547 2626 741 2672 prm-stabunt.-
802 2625 923 2656 Rhodia?
966 2639 1059 2658 nares.

387 2667 523 2707 Utraque
547 2667 636 2699 lectio
657 2667 725 2708 jure
750 2667 816 2697 visa
837 2674 882 2698 est
903 2669 1061 2700 Perizonio

381 2719 417 2737 ex
448 2715 532 2749 parte
560 2716 653 2745 recta,
676 2721 711 2741 ex
738 2716 822 2752 parte
848 2717 1000 2752 corrupt..)
1025 2723 1060 2743 ac

384 2751 507 2792 proinde
534 2753 725 2785 emendanda
748 2763 784 2785 eo
806 2753 907 2789 modo,
927 2765 988 2794 quo
1011 2755 1059 2785 edi

1105 2158 1206 2200 posuit
1239 2157 1357 2195 livius,
1385 2168 1519 2199 quanam
1554 2167 1586 2188 re
1617 2157 1786 2198 superiores

1105 2206 1207 2231 essent
1240 2200 1324 2242 regii,
1352 2211 1464 2242 nempe
1493 2210 1620 2231 numero
1647 2200 1784 2230 navium.

1107 2243 1168 2274 llic
1191 2243 1330 2274 observat
1354 2243 1462 2274 ceteris
1486 2242 1627 2274 omnibus
1650 2241 1783 2283 superio-

1104 2296 1167 2317 rem
1189 2286 1282 2317 fuisse
1305 2286 1446 2333 praetoris
1461 2286 1602 2320 classem,
1617 2295 1711 2325 quum
1736 2295 1782 2315 ro-

1104 2329 1176 2360 bore
1205 2329 1329 2359 navium
1361 2334 1393 2360 et
1418 2328 1530 2359 virtute
1556 2327 1687 2358 rnilitum
1718 2327 1784 2357 Ro-

1104 2371 1208 2410 mani3
1233 2371 1348 2402 Rhodii
1371 2371 1495 2402 navium
1517 2370 1655 2412 agilitate
1677 2376 1709 2401 et
1729 2380 1784 2412 pe

1104 2414 1173 2445 ritia
1188 2415 1425 2467 gubernatorum
1440 2413 1537 2455 regios
1551 2419 1741 2455 superarent.

1145 2458 1184 2487 91
1226 2456 1272 2487 Ne
1312 2467 1398 2496 piora
1432 2456 1652 2496 concur-went]
1699 2455 1784 2487 Vict.

1104 2499 1211 2533 codex.
1245 2499 1289 2530 Nc
1315 2509 1410 2547 prope.
1455 2499 1531 2530 Vult
1558 2508 1668 2541 nempe
1687 2509 1784 2538 prm-,e

1105 2542 1135 2572 id
1160 2548 1206 2573 est
1222 2544 1337 2583 (neque
1359 2541 1440 2572 enim
1459 2541 1491 2572 in
1513 2542 1566 2572 illo
1592 2542 1670 2573 libro
1692 2541 1783 2583 diph-

1105 2585 1285 2625 thongorum
1308 2589 1353 2614 est
1368 2584 1457 2625 usus)
1471 2596 1575 2624 pror-cr.
1622 2584 1666 2615 Ne
1685 2595 1783 2624 proroe

1103 2638 1176 2662 suae,
1204 2633 1234 2657 et
1262 2626 1386 2657 hostiles
1413 2626 1536 2667 ignibus
1563 2632 1687 2658 armatae
1715 2638 1781 2657 cnu-

1103 2675 1271 2700 tur-rerunt:
1309 2679 1346 2699 ne
1380 2680 1475 2710 prorae.
1504 2681 1566 2701 suae
1595 2670 1783 2701 incurrerent

1104 2713 1134 2743 in
1155 2722 1258 2754 proras
1280 2711 1434 2743 hostilium
1455 2714 1592 2750 navium,
1606 2723 1674 2754 quoe
1698 2713 1785 2752 ignes

1103 2767 1166 2796 pru:
1182 2765 1213 2786 se
1229 2755 1403 2795 portabant.
