1947 3222
340 167 415 199 230
863 159 1002 197 T-1T1
1052 158 1216 197 LIVII

133 280 173 311 Π.
190 280 226 311 C.
238 281 312 310 560.
345 269 540 319 cedoniae,
563 270 595 310 si
622 269 943 326 Amynandrum
970 268 1311 323 Athamanesque
1341 264 1553 306 Antiocho
1581 263 1751 318 conjun-

133 323 172 352 A.
191 324 228 353 C.
243 324 312 354 192.
346 327 484 368 xis-set.
516 335 557 368 et
579 341 626 367 ea
645 327 805 367 vanitas
835 326 1131 382 promissorum
1162 339 1243 364 non
1264 323 1378 379 apud
1401 321 1647 376 Philippum
1667 335 1752 360 mo-

347 384 415 433 do,
438 382 510 423 sed
530 382 653 424 etiam
674 383 788 439 apud
810 380 1147 438 Amynandrum,
1170 380 1313 421 valuit.

137 445 326 492 IfegattiAn-
406 439 627 480 XLVIII.
661 441 712 480 In
742 438 904 480 Achaia
932 437 1078 491 legatis
1106 437 1304 478 Antiochi
1330 436 1668 490 AEtolorumque,
1690 449 1756 475 co-

136 487 437 561 nqchoetffidspam
459 496 512 537 Τ,
537 496 747 546 Quinctio,
770 494 886 548 AEgii
912 494 1058 535 datum
1088 502 1149 534 est
1179 493 1409 534 concilium.
1471 491 1671 532 Antiochi
1702 490 1757 531 le-

137 538 301 606 }fcffgga
348 562 472 610 gatus
492 553 620 609 prior,
644 567 768 608 quam
792 546 937 600 AEtoli‚
959 559 1021 592 est
1042 550 1223 591 auditus.
1277 551 1335 600 Is,
1359 559 1406 592 ut
1426 549 1630 605 plerique,
1653 563 1759 603 quos

349 625 448 667 opes
477 609 601 665 regiae
631 609 763 657 alunt,
785 607 1048 662 vaniloquus,
1074 606 1203 648 maria
1233 615 1447 662 terrasque
1479 605 1590 646 inani
1621 603 1758 645 sonitu

351 667 573 708 verborum
613 664 845 720 complevit.
905 665 1100 718 Equitum
1140 664 1469 703 innumerabilem
1509 663 1587 703 vim
1623 660 1764 714 trajici

352 724 620 776 Hellesponto
651 723 694 762 in
716 722 939 774 Europam,
954 721 1112 774 partim
1142 722 1344 769 loricatos,
1367 734 1463 774 qnos
1482 720 1766 772 cataphractos

353 786 516 826 vocant,-
542 780 700 832 partim
730 779 896 832 sagittis
923 792 971 817 ex
998 792 1094 832 equo
1123 783 1288 826 utentes,
1311 783 1361 826 et,
1384 791 1410 816 a
1436 791 1512 831 quo
1539 777 1646 816 nihil
1665 776 1767 816 satis

354 838 449 878 tecti
471 838 538 884 sit,
561 850 720 877 aversos
749 836 973 890 reficgiente
992 849 1091 889 equo
1110 835 1258 875 certius
1269 834 1459 889 figentes.
1520 833 1602 873 His
1622 840 1768 888 eques-

357 895 491 936 tribus
531 894 659 949 copiis
695 907 950 949 quamquam
986 892 1052 933 vel
1091 892 1221 933 totius
1257 893 1443 948 Europae
1478 889 1684 930 exercitus
1721 888 1765 929 in

359 965 489 992 unum
509 951 640 991 coacti
661 949 783 991 obrui
812 958 994 1005 possent,
1016 948 1238 1006 adjiciebat
1259 948 1511 1004 multiplices
1541 946 1678 1002 copias
1699 960 1768 1000 pe-

358 1007 510 1058 ditum,
531 1016 573 1048 et
596 1006 833 1048 nominibus
853 1021 1022 1062 quoque
1051 1006 1240 1061 gentium
1264 1006 1334 1046 vix
1363 1004 1492 1046 fando
1513 1003 1667 1044 auditis
1688 1010 1769 1043 ter-

359 1065 501 1112 rebat3
536 1064 693 1114 Dahas,
717 1063 883 1113 Medos,
906 1063 1203 1120 Elymaeosque
1223 1070 1264 1103 et
1287 1061 1520 1103 Caddusios
1545 1058 1770 1116 adpellans.

364 1122 580 1162 Navalium
603 1135 694 1161 vero
714 1121 932 1173 copiarum,
956 1134 1054 1173 qaas
1083 1121 1188 1160 nulli
1209 1125 1354 1172 portus
1374 1134 1517 1172 capere
1539 1120 1582 1159 in
1607 1117 1775 1158 Graecz‘a

355 1185 529 1232 possent,
552 1179 733 1218 dextram
757 1191 878 1217 cornu
898 1178 1086 1219 Sidonios
1108 1183 1145 1217 et
1173 1177 1330 1231 Tyrios,
1353 1178 1559 1217 sinistrum
1582 1175 1774 1222 Aradios,

361 1242 400 1276 et
427 1250 475 1276 ex
496 1235 742 1290 Pamphylia
763 1235 923 1276 Sidetas
952 1240 1106 1280 tenere,·
1141 1248 1240 1288 quas
1268 1241 1407 1288 gentes
1438 1235 1560 1273 nulla>
1591 1245 1774 1286 umquam

363 1307 432 1333 nec
456 1298 558 1341 arte,
582 1307 652 1332 nec
681 1293 830 1333 virtute
859 1293 1001 1332 navali
1029 1298 1264 1345 aequassent.
1323 1292 1418 1334 Jam
1442 1291 1672 1344 pecuniam,
1681 1288 1776 1343 jam

363 1351 466 1391 alios
487 1350 582 1390 belli
601 1351 828 1402 adparatus
856 1348 1024 1404 referre,
1047 1363 1380 1401 supervacaneum
1403 1363 1493 1389 esse.
1524 1348 1627 1389 scire
1656 1348 1777 1400 ipsos,

364 1408 586 1448 abundasse
604 1420 756 1460 semper
775 1419 877 1446 auro
896 1419 1024 1460 regna
1046 1405 1168 1446 Asioe.
1202 1407 1344 1459 Itaque
1364 1420 1442 1446 nou
1458 1419 1542 1445 cam
1567 1405 1778 1456 Philippo,

365 1479 435 1504 nec
450 1464 694 1504 Hannibale
713 1478 795 1504 rem
799 1463 993 1516 futuram
1007 1463 1220 1511 Romanis,
1236 1464 1429 1515 principe
1444 1464 1570 1503 altero
1585 1462 1780 1511 civitatis,

366 1523 497 1562 altero
516 1521 776 1561 Macedoniae
795 1526 950 1560 tantum
971 1521 1090 1574 regni
1090 1519 1252 1574 finibus
1272 1520 1421 1560 incluso
1428 1543 1442 1566 ‚·
1472 1521 1543 1561 sed
1562 1534 1646 1561 cum
1667 1533 1780 1574 mag-

369 1593 420 1619 no
442 1578 556 1619 Asiae
584 1579 705 1619 totius
727 1578 942 1631 partisque
964 1577 1141 1632 Europoe
1169 1592 1275 1631 rege.
1334 1579 1441 1618 Eum
1471 1583 1617 1627 tamen,
1646 1590 1782 1631 quam-

369 1649 486 1689 quam
507 1635 558 1675 ab
579 1636 731 1675 ultimis
752 1635 922 1675 orientis
940 1635 1124 1675 terminis
1143 1636 1201 1675 ad
1222 1635 1474 1676 liberandam
1500 1635 1701 1675 Graeciam
1723 1648 1785 1675 ve-

369 1694 475 1743 niat,
497 1693 602 1733 nilzz't
624 1693 836 1746 postulare
859 1691 910 1731 ab
930 1691 1106 1742 Achaeis,
1128 1692 1171 1731 in
1202 1706 1279 1746 quo
1297 1693 1404 1745 fides
1433 1707 1564 1733 eornm
1596 1693 1786 1733 adversus

371 1751 590 1798 Romanos,
605 1750 768 1803 priores
787 1750 912 1790 socios
931 1755 1054 1802 atque
1072 1749 1231 1798 amicos,
1250 1750 1438 1790 laedatur.
1489 1749 1585 1790 Non
1607 1749 1725 1799 enim,
1742 1755 1786 1789 ut

371 1821 496 1848 secum
517 1808 706 1848 adversus
725 1820 789 1847 eos
809 1820 924 1846 arma
944 1807 1126 1859 capiant,
1149 1806 1220 1846 sed
1241 1812 1285 1846 ut
1304 1807 1440 1847 neutri
1458 1808 1581 1860 parti
1599 1820 1681 1847 sese
1697 1820 1788 1846 con-

358 1864 554 1918 jungant,
572 1871 723 1916 petere.
756 1864 904 1904 Pacem
925 1864 1086 1916 utrique
1100 1863 1229 1918 parti,
1247 1865 1354 1917 quod
1371 1864 1518 1904 medios
1537 1865 1673 1904 deceat
1688 1864 1788 1904 ami-

374 1935 450 1970 cos,
473 1927 629 1974 optent.-
661 1920 762 1961 bello
782 1934 823 1960 se
842 1933 922 1960 non
944 1921 1218 1973 interponant.
1271 1920 1390 1961 Idem
1410 1921 1540 1961 ferme
1561 1929 1601 1962 et
1625 1921 1789 1962 AEtolo-

374 1993 469 2019 rum
490 1977 654 2034 legatus
674 1976 958 2018 Archidamus
987 1977 1124 2033 petiit,
1145 1984 1208 2028 ut,
1231 1991 1328 2033 quae
1352 1977 1551 2018 facillima
1570 1986 1611 2019 et
1632 1976 1790 2019 tutissi-

376 2050 446 2076 ma
464 2042 582 2084 esset,
606 2035 791 2090 quietem
821 2041 1081 2089 praestarent,
1103 2041 1438 2090 spectatoresque
1467 2033 1581 2085 belli,
1603 2034 1791 2076 fortuna-

378 2107 472 2133 rum
496 2091 720 2133 ‘il-enarum
742 2098 937 2132 eventum
963 2089 1048 2132 sine
1078 2090 1164 2132 ullo
1185 2090 1420 2133 discrimine
1449 2106 1589 2132 rerum
1620 2105 1790 2132 suarum

379 2148 682 2204 opperirentur.
744 2149 974 2189 Provectus
1007 2147 1157 2189 deinde
1187 2156 1249 2189 est
1284 2147 1602 2205 intemperantia
1635 2147 1791 2204 linguae

381 2205 422 2245 in
452 2203 686 2255 maledicta,
714 2219 824 2245 nunc
854 2204 1129 2246 communiter
1161 2204 1462 2256 Romanorum,
1483 2219 1592 2246 nunc
1627 2203 1794 2260 proprie

380 2262 513 2317 ipsius
535 2262 963 2315 Quinctii:·ingratos
992 2261 1220 2318 adpellanS‚
1245 2268 1286 2303 et
1317 2263 1573 2318 exprobrans
1603 2273 1683 2301 non
1713 2261 1795 2302 vic-

382 2320 528 2359 toriam
550 2320 664 2358 modo
685 2320 733 2359 de
753 2319 953 2372 Philippo
972 2320 1120 2360 virtute
1141 2319 1367 2359 AEtolorum
1383 2325 1563 2372 partam,
1585 2319 1654 2359 sed
1674 2319 1796 2359 etiam

382 2376 570 2424 salntem;
600 2376 801 2430 ipsumque
821 2383 858 2416 et
879 2377 1093 2416 exercitum
1112 2390 1184 2416 saa
1217 2383 1340 2429 opera
1369 2382 1558 2416 servatos.
1590 2389 1667 2429 quo
1694 2376 1798 2417 enim

386 2434 496 2472 illum
518 2447 700 2486 umquam
723 2434 981 2486 imperatoris
984 2433 1178 2487 functum
1198 2433 1329 2489 afficio
1349 2447 1430 2474 esse
1443 2436 1464 2471 ,Ρ
1496 2431 1797 2485 Auspicantem,

386 2491 733 2543 inmolantemque,
755 2497 793 2530 et
820 2497 911 2531 vota
940 2496 1233 2544 nuncupantem
1253 2490 1471 2542 sacrificuli
1489 2490 1594 2530 vatis
1612 2491 1726 2531 modo
1755 2491 1801 2531 in

386 2548 474 2587 acie
503 2547 662 2597 vidisse,
685 2561 800 2601 quum
832 2548 916 2600 ipse
936 2561 1078 2600 corpus
1097 2561 1205 2589 snum
1236 2561 1315 2600 pro
1335 2561 1380 2588 eo
1400 2546 1488 2587 telis
1517 2547 1682 2588 hostium
1703 2547 1801 2602 obji-

389 2610 505 2645 ceret.
1550 2622 1554 2627 ·

186 2657 374 2702 ¹³01⁸P⁰¹¹⁵¹¹¹¹¹
447 2660 624 2701 XLIX.
659 2661 728 2701 Ad
763 2675 810 2701 ea
841 2661 1074 2710 Quinctius,
1106 2659 1139 2687 ⁵⁷
1154 2661 1300 2701 Coram
1334 2661 1474 2714 quibas
1508 2662 1650 2716 magis,
1681 2674 1800 2716 quam

180 2700 326 2735 Quinctii.

391 2777 481 2807 fertur
515 2786 612 2807 sermo
651 2774 824 2805 aetolorum
861 2780 893 2806 et
928 2774 1073 2804 Antiochi
1161 2775 1342 2804 57²*Cnram
1381 2775 1483 2814 quibus
1520 2797 1528 2805 .
1559 2797 1568 2805 .
1603 2776 1682 2814 apud
1717 2774 1799 2815 ιμωο]

391 2820 582 2851 abutentium
613 2818 721 2858 misero
750 2816 882 2859 Philippi
911 2827 1020 2851 errore,
1044 2823 1075 2847 et
1120 2816 1207 2847 Prius
1244 2817 1456 2858 intelliguntur
1493 2817 1584 2859 legati
1621 2817 1710 2859 regis.
1747 2817 1800 2859 qui

392 2862 430 2892 ml
458 2864 523 2903 ejus
547 2867 680 2894 mentem
705 2861 795 2892 verba
822 2871 878 2891 sua
902 2870 1072 2891 accommo-
1118 2859 1331 2890 tantunnnodo
1355 2868 1520 2900 psaesentes
1543 2859 1655 2891 adsunt
1677 2858 1803 2891 orationi

393 2904 541 2936 damnum.
1121 2903 1314 2943 *titulorum
1352 2903 1382 2933 in
1413 2903 1507 2935 altem
1539 2904 1674 2934 membro
1703 2901 1787 2939 desig
