1947 3222
538 118 652 155 LIB.
682 117 766 155 XL.
809 118 932 154 CAP.
963 118 1049 155 xv,
1423 120 1495 165 467

85 237 163 278 que
185 225 342 267 minime
361 225 489 267 malus
509 240 556 267 ac
575 226 760 276 suspicax
777 224 928 278 frater,
951 225 1069 266 Nihil
1098 227 1213 269 aliud
1243 229 1340 281 scio,
1362 230 1496 286 inquit,
1509 244 1550 276 U.
1564 243 1602 276 C.
1614 244 1686 275 570.

89 281 193 323 nihil
233 298 379 339 arguo,
420 283 496 324 nisi
535 282 652 338 quod
690 298 786 324 cum
826 283 937 324 ferro
976 282 1239 326 comissatum
1280 287 1596 329 venerunt.A·C·
1615 287 1684 317 182.

86 339 132 379 Si
161 354 351 393 quceram,
385 341 486 380 unde
511 340 552 379 id
579 340 708 390 ipsum
737 340 895 381 scieris?
926 353 1077 380 necesse
1106 341 1179 380 erit
1211 348 1247 381 te
1265 341 1407 393 fateri,
1430 352 1501 385 aut

87 397 375 447 speculatorum
403 404 552 437 tuorum
577 397 733 449 plenam
755 399 914 437 domum
926 395 1058 448 sitisse
1083 412 1226 447 meam,
1248 406 1316 439 aut
1337 401 1421 441 illos
1440 402 1519 442 ita'

91 460 225 505 aperte
243 455 425 495 sumsisse
438 453 611 506 serrum,
633 461 676 495 ut
696 469 831 495 omnes
858 455 1040 495 viderent.
1072 461 1124 502 et,
1146 469 1193 495 ne
1211 456 1306 509 quid
1332 457 1412 508 ipse
1432 465 1502 498 aut

86 511 198 561 prius
228 512 442 565 inquisisse,
473 518 541 552 aut
571 526 672 553 nunc
701 512 901 553 criminose
931 513 1202 566 argumentari
1229 513 1435 562 videretur,
1467 522 1503 554 te

92 581 266 621 quvaerere
295 583 343 608 ex
371 569 434 618 iis,
462 583 556 623 quos
587 569 840 618 nominasset,
865 568 1047 622 jubebat,
1082 583 1135 610 an
1158 568 1316 621 ferrum
1348 571 1503 611 habuis-

93 628 213 664 sent?
243 631 299 676 ut,
322 633 524 680 tamquam
555 627 592 665 in
621 641 664 667 re
691 627 823 675 dubia,
847 641 963 680 quum
989 627 1032 666 ‘id
1055 628 1274 680 quresisses,
1303 629 1407 681 quod
1435 628 1511 680 ipsi

82 679 286 733 fatentur,
316 697 388 734 pro
424 684 607 724 convictis
642 684 887 725 haberentur.
956 682 1061 732 Quin
1096 691 1135 724 tu
1168 685 1266 724 iilud
1300 685 1419 739 quaeri
1437 683 1509 740 ju-

91 739 169 788 bes,
193 753 286 780 num
309 741 366 780 tui
385 741 590 781 occidendi
617 755 758 781 caussa
776 740 937 793 ferrum
957 742 1194 781 sumserint?
1225 756 1317 782 num
1339 757 1400 782 me
1420 757 1510 783 auc-

91 801 176 837 tore
196 803 235 836 et
254 798 426 838 sciente?
458 798 557 838 Hoc
577 799 676 838 enim
707 799 830 839 videri
849 799 918 847 vis,
941 813 1017 838 non
1046 798 1161 849 iilud,
1183 800 1291 852 quod
1307 798 1510 852 fatentur,

92 859 131 892 et
149 854 286 906 palam
308 862 378 903 est,
401 854 476 895 ‘¹⁷et
496 856 558 895 sui
577 870 618 896 se
641 857 777 896 tuendi
797 870 936 897 caussa
963 856 1145 896 sumsisse
1166 856 1309 896 dicunt.
1370 857 1509 906 Recte,

91 925 146 950 an
164 925 369 964 perperam
389 910 575 964 fecerint,
597 913 673 965 ipsi
698 914 757 954 sui
775 912 1097 965 factitationem
1127 914 1307 954 reddent.
1368 914 1512 954 Meam

90 981 286 1017 caussam,
310 984 393 1023 quae
414 970 510 1010 nihii
536 985 579 1010 eo
598 968 719 1022 facto
750 971 1005 1025 contingitur,
1030 985 1078 1010 ne
1098 970 1317 1012 miscueris:
1350 977 1420 1014 aztt
1439 986 1510 1012 ex-

90 1024 211 1077 plica,
231 1033 364 1067 utrum
385 1034 534 1079 aperte,
552 1042 605 1067 an
628 1028 727 1068 ciam
751 1035 788 1068 te
808 1028 1037 1081 adgressuri
1045 1026 1256 1079 fuerimus.
1300 1027 1344 1068 Si
1357 1035 1507 1081 aperte,

91 1097 162 1122 cur
191 1097 268 1124 non
299 1098 430 1124 omnes
447 1083 604 1136 ferrum
638 1085 874 1125 habuimus?
922 1098 992 1124 cur
1019 1099 1130 1125 nemo
1157 1091 1300 1138 praeter
1332 1099 1410 1134 eos,
1443 1086 1510 1140 qui

96 1146 205 1181 tuum
233 1142 515 1193 speculatorem
541 1141 778 1194 pulsarunt?
807 1141 975 1190 siclam,
1000 1141 1082 1195 quis
1101 1142 1198 1181 ordo
1227 1143 1376 1182 consilii
1393 1140 1510 1194 ficit?

96 1197 282 1239 Convivia
321 1199 463 1246 soluto,
500 1213 619 1252 quum
654 1199 883 1239 comissator
922 1213 998 1253 ego
1033 1199 1309 1248 discessissem,
1342 1206 1512 1253 quatuor

91 1255 371 1307 substitissent,
403 1263 446 1296 ut
476 1256 643 1308 sopitum
676 1263 712 1296 te
744 1255 1084 1311 adgrederentur?
1122 1258 1313 1310 quomodo
1336 1256 1510 1309 fefellis-

95 1318 194 1363 sent,
216 1320 254 1353 et
282 1313 414 1361 alieni,
438 1320 477 1354 et
506 1314 594 1362 mei,
616 1320 654 1353 et
676 1313 846 1354 maxime
874 1314 1052 1365 suspecti,
1075 1314 1167 1366 quia
1194 1314 1328 1366 paullo
1358 1322 1451 1355 ante
1471 1315 1513 1354 in

93 1369 187 1410 rixa
205 1368 403 1421 fuerant?
434 1372 624 1424 quomodo
654 1377 802 1420 autem,
833 1371 1028 1411 trucidato
1060 1377 1110 1420 te,
1136 1371 1212 1422 ipsi
1241 1372 1397 1412 evasuri
1415 1370 1512 1424 fue-

93 1425 199 1467 rint?
224 1435 394 1481 quatuor
410 1428 563 1482 gladiis
582 1428 722 1468 domus
744 1434 812 1468 tua
833 1428 920 1480 capi
941 1435 979 1468 et
999 1429 1396 1482 eoepugnartpotait?

163 1484 263 1526 XV.
302 1485 408 1533 Quin,
445 1492 499 1533 tu,
533 1485 680 1526 omissa
713 1485 791 1525 ista
826 1491 1017 1526 nocturna
1040 1483 1206 1536 fabula,
1238 1487 1293 1526 ad
1321 1487 1376 1536 id,
1408 1487 1514 1540 quod

95 1540 219 1588 doles,
255 1544 358 1597 quod
388 1542 575 1583 invidiam
606 1543 698 1592 urit,
727 1542 964 1583 reverteris?
1010 1543 1089 1583 Cur
1117 1556 1283 1596 usquam
1312 1545 1425 1599 regni
1456 1544 1515 1584 tui

98 1599 242 1638 mentio
258 1599 327 1651 fit,
353 1600 563 1641 Demetri?
595 1614 661 1641 cur
681 1600 839 1653 dignior
853 1600 988 1653 patris
1005 1598 1186 1652 fortunae
1204 1615 1402 1641 successor
1430 1601 1514 1655 qui-

98 1655 265 1697 busdam
293 1657 454 1707 videris,
483 1670 604 1711 quarn
634 1660 738 1711 ego?
771 1671 839 1697 cur
866 1671 976 1710 spem
1005 1671 1148 1707 meam,
1177 1671 1278 1711 quae,
1300 1658 1335 1697 si
1366 1664 1408 1698 tu
1439 1672 1513 1698 non

97 1726 214 1763 esses,
227 1721 336 1755 certa
350 1722 450 1763 erat,
465 1714 628 1755 dubiam
644 1721 680 1755 et
692 1714 901 1754 sollicitam
906 1714 1050 1766 jacis?
1082 1715 1187 1756 Haec
1200 1715 1312 1755 sentit
1328 1716 1512 1764 Perseus,

96 1770 171 1810 etsi
200 1785 276 1811 non
304 1772 419 1813 dicit.-
451 1773 532 1812 haec
555 1772 670 1812 istum
699 1771 911 1820 inimicum,
936 1773 1017 1812 lzaec
1047 1778 1312 1813 accusatorem
1331 1770 1512 1824 faciunt:

98 1827 179 1868 haec
208 1830 380 1879 domum,
404 1830 484 1870 Iiaec
502 1843 669 1884 regnum
698 1835 805 1870 tuum
834 1829 1056 1870 criminibus
1084 1835 1123 1869 et
1151 1829 1433 1882 suspicionibus
1452 1844 1514 1871 re-

95 1884 220 1936 plent.
281 1888 378 1941 Ego
410 1893 558 1934 autem,
586 1892 714 1938 pater,
749 1888 1086 1940 quemadmodum
1119 1901 1189 1928 nec
1222 1901 1325 1927 nunc
1358 1901 1516 1939 sperare

99 1955 281 1995 regnum,
309 1959 379 1984 nec
408 1944 609 1998 ambigere
643 1957 833 1996 umquam
867 1944 916 1983 de
945 1959 989 1984 eo
1007 1941 1189 1995 forsitan
1218 1945 1394 1993 debeam,
1422 1945 1516 1997 quia

100 1999 229 2039 minor
253 2014 355 2052 sum,
376 2002 470 2054 quia
496 2007 538 2040 tu
564 2015 625 2040 me
654 1999 802 2054 majori
832 2001 966 2041 cedere
986 2001 1065 2046 vis,·
1098 2000 1155 2041 sic
1173 2000 1272 2041 illud
1301 2015 1370 2041 nec
1400 2002 1517 2041 debui

91 2053 248 2107 facere,
271 2072 341 2098 nec
371 2059 502 2105 debeo,
524 2057 608 2097 ‘¹⁸ut
632 2057 815 2111 indignus
844 2065 883 2097 te
905 2063 1028 2109 patre,
1050 2058 1236 2112 indignus
1265 2058 1440 2098 omnibus
1459 2058 1516 2098 vi-

101 2113 211 2155 dear.
244 2115 288 2156 id
308 2116 412 2156 enim
439 2115 547 2156 vitiis
569 2115 676 2163 meis,
699 2129 776 2154 non
796 2115 983 2162 cedendo,
1006 2114 1068 2155 cui
1085 2112 1158 2168 jus
1177 2112 1329 2168 sasque
1348 2121 1418 2165 est,
1438 2129 1517 2156 non

102 2172 310 2222 modestia,
333 2186 561 2226 consequar.
620 2172 823 2212 Romanos
843 2170 983 2225 objicis
1003 2172 1108 2220 mihi,
1131 2178 1167 2212 et
1187 2187 1250 2222 ea,
1272 2185 1362 2225 quse
1379 2173 1517 2226 gloriae

102 2242 187 2269 esse
205 2230 360 2279 debent,
382 2230 423 2270 in
446 2230 591 2270 crimen
619 2228 752 2270 vertis.
812 2229 920 2283 Ego,
942 2243 1012 2269 ¹nec
1037 2229 1146 2269 obses
1166 2229 1356 2270 Romanis
1376 2237 1418 2269 ut
1439 2236 1518 2269 tra-

874 2301 914 2331 48
948 2301 988 2331 Ut
1017 2303 1156 2342 indignus
1193 2308 1220 2332 te
1251 2308 1345 2341 patre,
1376 2303 1516 2342 indignus

831 2344 960 2373 omnibus
982 2345 1096 2384 videar]
1142 2345 1222 2375 Haec
1245 2343 1415 2385 depravata
1431 2350 1514 2374 sunt.

148 2300 189 2330 47
214 2301 254 2331 Et
279 2303 326 2331 sui
351 2312 378 2332 se
404 2302 505 2331 tuendi
529 2311 615 2330 causa
641 2302 789 2340 sumpsisse

106 2343 225 2384 dicunt]
272 2345 354 2385 Lege
382 2354 453 2374 cum
483 2342 651 2378 Gronovio,
680 2342 789 2373 deletis

107 2385 221 2416 vocula
235 2393 262 2416 et
285 2397 322 2417 ac
345 2387 437 2417 verbo
458 2389 574 2422 dicunt,
589 2388 634 2416 sui
645 2397 672 2416 se
687 2387 790 2416 tuendi

108 2438 198 2458 causa
222 2431 380 2469 sumpsisse.
424 2428 572 2460 ’Pendet
595 2438 705 2470 nempe
731 2427 789 2459 hoc

109 2471 281 2502 membrum
305 2473 343 2503 ab
369 2482 405 2503 eo
428 2472 511 2514 quod
533 2471 692 2513 praecedit,
715 2471 791 2501 illud

109 2514 185 2554 qaod
215 2514 359 2561 jutemur
393 2522 420 2545 et
459 2516 559 2555 palam
593 2521 644 2550 est,
675 2513 793 2544 scilicet

109 2565 274 2598 sumpslsse
297 2567 329 2587 se
351 2557 475 2598 quidem
498 2567 595 2593 arma,
611 2556 667 2588 sed
682 2556 728 2587 sui
742 2562 790 2586 tu—

110 2598 183 2628 endi
205 2608 311 2629 causa.
354 2601 446 2631 Porro
467 2603 513 2631 sui
535 2602 638 2630 tuendi
660 2599 709 2630 hic
728 2598 792 2629 dic-

111 2647 177 2671 tum
192 2646 238 2672 est
253 2641 512 2683 quemadmodum
529 2653 622 2685 supra
636 2642 727 2673 XXI.
742 2643 794 2673 41.

110 2686 200 2714 vestri
227 2685 412 2716 adhortandi.
455 2687 528 2718 †Ea
555 2696 624 2727 quae
652 2695 793 2716 resecan-

112 2731 174 2762 tur,
190 2732 261 2757 sunt
275 2726 382 2768 procul
405 2726 498 2757 dubio
519 2728 558 2758 ab
580 2728 720 2770 imperito
739 2727 794 2757 ali-

113 2779 175 2809 quo
200 2769 406 2804 emendatore,
429 2769 483 2810 qui
511 2770 692 2801 concinnam
715 2770 796 2801 hanc

111 2810 305 2848 brevitatem,
323 2811 409 2842 Livio
431 2821 578 2853 perquam
599 2813 793 2847 familiarem,

112 2854 235 2896 assequi
250 2854 408 2886 intellectu
423 2860 482 2886 non
497 2854 605 2896 potuit.

833 2385 1008 2416 Gronovius
1029 2386 1191 2417 emendat:
1218 2388 1357 2427 indignus
1379 2388 1441 2423 tibi,
1459 2398 1513 2426 pa-

833 2435 887 2464 ter,
904 2439 1025 2470 nempe,
1042 2440 1146 2469 regno.
1191 2429 1264 2459 Non
1279 2430 1341 2459 alia
1356 2429 1413 2460 fuit
1429 2440 1514 2460 mens

836 2470 926 2502 Livii.
971 2472 1151 2502 Demetrius
1174 2471 1248 2508 dicit
1270 2482 1302 2503 se
1324 2472 1451 2503 fortasse
1475 2472 1513 2502 de

836 2524 929 2554 regno
954 2524 1114 2555 nunquam
1141 2514 1295 2556 ambigere
1318 2515 1447 2546 debere:
1483 2520 1516 2545 at

835 2556 913 2588 illud
937 2560 1041 2587 tamen
1067 2556 1168 2588 facere
1192 2568 1254 2588 non
1279 2557 1401 2591 debere,
1424 2563 1457 2587 ut
1479 2567 1515 2586 eo

835 2598 981 2640 indignus
1006 2605 1037 2631 et
1064 2600 1156 2642 patri,
1182 2606 1214 2631 et
1239 2600 1347 2630 ceteris
1375 2599 1516 2629 omnibus

838 2642 986 2673 videatur.
1042 2642 1078 2674 Id
1102 2645 1189 2679 enim,
1220 2642 1331 2683 inquit,
1362 2642 1515 2673 nimirum.

837 2691 872 2715 ut
896 2684 1041 2726 indignus
1071 2696 1163 2726 regno
1195 2685 1310 2719 videar,
1342 2685 1418 2713 vitiis
1450 2685 1518 2712 meis

838 2738 1005 2766 consequar,
1034 2739 1091 2758 non
1115 2729 1249 2762 cedendo,
1276 2728 1326 2757 cai
1343 2729 1399 2764 jus
1411 2725 1519 2766 fasque

839 2776 890 2807 est,
914 2770 946 2800 id
970 2775 1027 2805 est,
1054 2769 1139 2800 fratri
1164 2769 1282 2810 majori,
1306 2780 1362 2799 non
1386 2769 1520 2798 modestia.

838 2823 873 2844 ac
889 2811 1096 2845 moderatione
1113 2811 1218 2842 animi.

902 2896 1018 2937 nh2
