1947 3222
131 693 170 726 U.
186 694 223 726 C.
234 695 305 726 559.

128 738 167 767 A.
185 737 223 767 C.
238 738 306 767 193.

130 779 196 810 Res
213 779 326 821 Hispa-

130 831 201 853 mae.

539 269 614 333 T.
669 268 939 334 LIVII
1015 266 1528 334 PATAVINI

763 425 1027 473 LIBER
1084 426 1305 474 XXXV.

340 678 677 732 PRINCIPIO
717 686 826 737 anni,
867 703 952 742 quo
991 687 1079 727 haec
1117 696 1235 742 gesta
1273 695 1383 737 sunt,
1422 687 1513 727 Sex.
1552 687 1737 742 Digitius

339 753 492 801 praetor
521 743 561 784 in
594 743 798 797 Hispania
827 743 1013 784 citeriore
1043 758 1135 784 cum
1167 743 1405 784 civitatibus
1435 743 1497 791 iis,
1520 759 1615 798 quae
1645 754 1738 799 post

340 800 636 857 profectionem
677 800 740 840 M.
774 800 944 841 Catonis
982 799 1201 856 permultae
1241 799 1553 848 rebellaverant,
1595 801 1738 841 crebra

342 857 485 913 magis,
517 872 643 912 quam
673 857 800 912 digna
834 856 964 906 dictu,
999 856 1146 911 proelia
1180 856 1292 905 fecit,
1329 863 1369 896 et
1404 856 1506 896 adeo
1541 855 1738 911 pleraque

341 913 527 964 adversa,
549 921 597 954 ut
626 912 696 954 vix
718 913 959 954 ¹dimidium
989 912 1183 962 militum,
1212 927 1338 968 quam
1368 912 1479 967 quod
1512 922 1738 967 acceperat,

341 970 563 1011 successori
593 970 823 1012 tradiderit.
883 970 971 1010 Nec
1001 969 1176 1010 dubium
1205 977 1280 1019 est,
1302 969 1406 1024 quin
1429 968 1561 1009 omnis
1589 968 1741 1024 Hispa-

341 1027 409 1067 nia
443 1026 659 1068 sublatura
692 1027 849 1067 animos
878 1026 1020 1076 fuerit,
1055 1026 1098 1066 ni
1128 1026 1231 1067 alter
1265 1034 1420 1082 praetor
1453 1025 1498 1065 P.
1523 1025 1739 1066 Cornelius

343 1084 418 1124 Cn.
447 1084 495 1123 F.
520 1083 657 1139 Scipio
687 1092 800 1125 trans
823 1083 990 1124 Iberum
1018 1082 1151 1124 multa
1180 1082 1359 1123 secunda
1387 1081 1534 1138 proelia
1553 1081 1738 1123 fecisset:

340 1155 427 1196 quo
447 1148 602 1181 terrore
622 1155 702 1180 non
725 1140 860 1180 minus
890 1138 1195 1195 quinquaginta
1218 1138 1373 1195 oppida
1392 1139 1444 1179 ad
1466 1153 1561 1179 eum
1582 1138 1740 1179 defece-

338 1204 450 1238 runt.
512 1198 673 1237 Praetor
711 1197 801 1237 haec
840 1205 1021 1252 gesserat
1064 1195 1211 1251 Scipio.
1274 1195 1392 1236 Idem
1431 1210 1508 1251 pro
1546 1203 1738 1250 praetore,

338 1253 578 1302 Lusitanos,
599 1261 835 1308 pervastata
856 1252 1040 1294 ulteriori
1061 1252 1283 1308 provincia,
1305 1267 1398 1292 cum
1420 1251 1576 1307 ingenti
1597 1251 1740 1307 praeda

336 1309 507 1350 domum
536 1309 770 1359 redeuntes,
791 1310 834 1350 in
862 1309 950 1365 ipso
979 1309 1126 1350 itinere
1155 1308 1374 1364 adgressus
1403 1309 1456 1349 ab
1487 1308 1587 1348 hora
1617 1308 1739 1348 tertia

337 1365 418 1406 diei
449 1366 501 1406 ad
529 1374 716 1407 octavam
746 1366 901 1407 incerto
931 1374 1081 1406 eventu
1111 1365 1329 1421 pugnavit,
1361 1380 1531 1405 numero
1561 1364 1741 1405 militum

336 1422 470 1478 inpar,
493 1422 679 1478 superior
699 1423 811 1463 aliis:
843 1437 938 1463 nani
959 1430 1000 1462 et
1021 1423 1106 1462 acie
1127 1421 1335 1477 frequenti
1356 1422 1524 1462 armatis
1544 1421 1740 1461 adversus

337 1478 508 1534 longum
535 1487 576 1519 et
606 1479 841 1534 inpeditum
873 1478 996 1519 turba
1025 1493 1220 1533 pecorum
1250 1493 1411 1533 agmen,
1434 1487 1474 1518 et
1494 1476 1647 1517 recenti
1668 1477 1742 1517 mi-

338 1534 409 1576 lite
430 1535 627 1576 adversus
657 1535 784 1576 fessos
803 1535 928 1590 longo
947 1534 1094 1575 itinere
1125 1543 1399 1575 concurrerat.
1462 1533 1609 1574 Tertia
1628 1548 1741 1573 nam-

338 1607 422 1647 que
444 1591 587 1647 vigilia
613 1591 797 1633 exierant
817 1591 978 1633 hostes:
1010 1591 1108 1632 huie
1129 1601 1332 1632 nocturno
1361 1590 1495 1632 itineri
1527 1598 1609 1631 tres
1630 1589 1743 1629 diur-

339 1663 404 1689 nae
437 1648 551 1689 horae
583 1657 857 1689 accesserant:
904 1663 978 1688 nec
1012 1647 1098 1688 ulla
1129 1647 1269 1703 quiete
1302 1647 1411 1697 date,
1445 1647 1626 1687 laborem
1662 1646 1740 1687 viae

340 1705 533 1760 proelium
570 1713 799 1760 exceperat.
873 1705 1024 1760 Itaque
1059 1704 1262 1760 principio
1297 1719 1450 1760 pugnae
1486 1703 1638 1758 vigoris
1671 1702 1743 1743 ali-

340 1761 445 1816 quid
479 1761 522 1802 in
556 1761 798 1816 corporibus
832 1760 1062 1816 animisque
1096 1761 1192 1810 fuit,
1228 1769 1268 1801 et
1302 1761 1572 1801 turbaverant
1607 1760 1741 1814 primo

344 1817 575 1858 Romanos:
623 1817 771 1858 deinde
806 1825 972 1873 aequata
1005 1816 1232 1873 paullisper
1264 1831 1407 1873 pugna
1436 1824 1509 1856 est.
1583 1816 1634 1855 In
1665 1815 1741 1856 hoc

341 1874 575 1915 discrimine
605 1873 726 1914 ludos
756 1874 869 1924 Jovi,
899 1873 956 1914 ²si
986 1874 1026 1914 vi
1059 1873 1234 1914 fudisset
1264 1873 1560 1928 cecidissetque
1589 1871 1742 1921 hostes,

340 1938 573 1986 propraetor
592 1931 719 1971 vovit.
781 1930 970 1970 Tandem
992 1929 1168 1985 gradum
1196 1929 1330 1970 acrius
1350 1929 1526 1970 intulere
1550 1928 1743 1977 Romani,

341 1988 545 2042 cessitque
577 1986 817 2027 Lusitanus.
850 1987 998 2027 deinde
1027 2002 1198 2042 prorsus
1228 1994 1345 2041 terga
1375 1985 1502 2027 dedit.
1534 1994 1589 2035 et,
1612 1999 1743 2040 quum

340 2044 585 2085 institissent
606 2044 866 2099 fugientibus
890 2043 1079 2093 victores,
1101 2043 1154 2083 ad
1176 2043 1394 2083 duodecim
1415 2041 1543 2082 millia
1561 2041 1742 2082 hostium

342 2109 439 2141 sunt
470 2116 596 2141 caesa:
630 2101 738 2155 capti
767 2101 984 2156 quingenti
1016 2099 1307 2155 quadraginta,
1335 2114 1475 2139 omnes
1504 2098 1609 2139 fere²¹
1629 2098 1744 2154 equi-

342 2165 426 2197 tes:
469 2166 511 2198 et
541 2157 657 2212 signa
685 2156 881 2197 militaria
909 2165 1032 2212 capta
1060 2165 1226 2197 centum
1257 2155 1429 2211 triginta
1459 2162 1655 2211 quatuor.
1691 2154 1743 2194 de

341 2213 526 2254 exercitu
561 2214 748 2253 Romano
784 2214 1048 2269 septuaginta
1083 2220 1123 2255 et
1165 2221 1248 2254 tres
1283 2212 1431 2253 amissi.
1501 2213 1741 2266 Pugnatum

342 2269 455 2310 haud
477 2270 621 2325 procul
646 2269 754 2325 Ilipa
775 2271 876 2311 urbe
898 2279 970 2311 est.
1022 2271 1087 2310 Eo
1109 2269 1302 2310 victorem
1324 2269 1568 2324 opulentum
1591 2266 1743 2323 praedae

344 2327 571 2366 exercitum
605 2327 653 2366 P.
677 2326 892 2367 Cornelius
919 2326 1100 2368 reduxit.
1137 2341 1185 2366 ea
1213 2325 1344 2367 omnis
1373 2333 1468 2366 ante
1497 2324 1642 2364 urbem
1673 2338 1744 2364 ex-

345 2381 484 2438 posita
504 2391 587 2423 est:
620 2390 887 2438 potestasque
918 2383 1094 2423 dominis
1125 2398 1220 2423 suas
1240 2398 1303 2423 res
1323 2379 1592 2436 cognoscendi
1621 2379 1741 2421 facta.

347 2447 483 2480 cetera
514 2438 728 2479 vendenda
757 2440 955 2494 quaestori
984 2440 1103 2480 data:
1145 2438 1281 2494 ³quod
1311 2437 1407 2479 inde
1438 2437 1635 2477 refectum
1668 2446 1743 2486 est,

347 2495 468 2536 militi
489 2494 680 2535 divisum.

875 2552 993 2592 ³sern1e
1008 2553 1103 2583 Gron.
1119 2552 1204 2581 Crev.

393 2628 407 2657 l
451 2627 610 2657 Dimidium
651 2628 786 2660 militum,
825 2639 909 2667 qnam
950 2630 1024 2667 quod
1067 2634 1166 2659 noster
1181 2626 1355 2658 Victorinus
1369 2626 1544 2667 sisiulisset:
1567 2632 1658 2656 recte.

346 2669 510 2709 acceperut]
548 2669 619 2699 Non
641 2669 779 2710 agnoscit
803 2680 881 2700 unus
905 2680 921 2700 e
945 2671 1024 2701 Grn-
1108 2672 1127 2700 3
1154 2670 1236 2704 Quod
1259 2670 1325 2699 inde
1347 2669 1483 2710 resistunt
1507 2669 1561 2708 est]
1593 2668 1684 2705 Quod
1709 2679 1745 2699 ex

349 2711 429 2741 novii
452 2712 546 2742 MSS.
570 2722 674 2743 vorem
697 2713 780 2752 quod,
803 2722 870 2752 qum
895 2723 949 2742 nec
972 2723 1024 2743 ne·
1067 2712 1222 2742 divendita
1239 2712 1341 2753 pra‘da
1357 2712 1518 2741 collectum
1535 2712 1674 2752 pecuniae
1689 2717 1747 2742 est.

350 2755 479 2785 cessaria
494 2760 550 2785 est.
589 2754 694 2785 Simile
711 2754 854 2785 mendum
870 2755 1027 2795 irrepserat
1071 2756 1121 2784 Sic
1145 2754 1226 2796 apud
1251 2754 1316 2786 Cic.
1340 2754 1368 2784 in
1394 2754 1570 2787 Paradoxis,
1594 2761 1744 2795 antequam

349 2807 440 2838 supra
458 2798 611 2828 XXXIV.
626 2799 678 2829 52.
708 2799 724 2815 ’
740 2797 811 2828 Yid.
826 2797 866 2826 ibi
883 2804 945 2827 not.
961 2798 1013 2827 7⁸.
1072 2799 1121 2826 tibi
1148 2809 1175 2826 ei
1209 2799 1266 2826 tuis
1293 2799 1502 2836 possessionibus
1540 2804 1651 2827 [arulum
1680 2797 1747 2836 ‘rifi-

393 2841 411 2869 2
442 2840 472 2868 Si
502 2842 528 2869 ri
547 2840 693 2881 ι[ικίιῖκέεἰ]
738 2839 852 2880 Sigonii
882 2840 968 2873 liber,
997 2847 1025 2869 et
1070 2842 1224 2873 riatur-,111
1243 2861 1250 2869 .
1265 2861 1272 2869 .
1289 2862 1296 2869 .

1934 3121 1945 3222 =-—--—
1937 3001 1940 3107 *Aq—
1938 2940 1940 2991 -—
1929 2895 1940 2915 -.
