1947 3222
100 244 139 275 U.
152 245 187 275 C.
206 243 280 274 557.

98 287 141 319 A.
155 288 189 319 C.
208 288 280 319 195.

96 1150 242 1182 Comitia.

96 1718 138 1750 U.
151 1718 189 1750 C.
201 1719 274 1750 558.

93 1762 138 1793 A.
150 1761 188 1792 C.
205 1762 274 1792 194.

94 1805 132 1835 Ρ.
143 1805 288 1836 Cornelio

95 1848 142 1878 II.
151 1847 199 1878 Ti.
209 1849 296 1878 Sem-

93 1890 200 1932 pronio
209 1891 296 1922 Coss.

96 1949 276 1982 Provinciae.

317 129 392 168 170
839 125 981 181 TJTI
1029 125 1198 164 L1V11

313 240 418 284 erat,
450 233 590 290 copias
623 234 806 277 reduxit.
868 236 991 287 Sunt,
1031 235 1106 293 qui
1142 250 1222 277 non
1263 251 1314 278 ex
1354 236 1511 293 oppido
1549 236 1732 293 proficis-

313 298 474 332 centem
494 290 652 333 bellum
676 292 848 348 gessisse
878 300 1104 348 tyrannum
1126 293 1308 344 tradant,
1331 294 1402 335 sed
1423 293 1568 335 castris
1587 294 1733 336 adver-

313 362 383 389 sus
405 348 597 389 Romana
625 357 760 391 castra
789 349 947 405 positis.
979 349 1138 406 diuque
1165 358 1422 401 cunctatum,
1445 365 1579 406 quum
1610 352 1733 393 AEto-

312 404 450 446 lorum
472 405 631 447 auxilia
659 413 951 461 exspectasset,
973 415 1162 448 coactum
1192 406 1246 447 ad
1275 415 1509 448 extremum
1530 407 1617 448 acie
1637 422 1733 449 con-

311 460 469 517 fligere,
502 461 649 518 inpetu
680 462 723 502 in
754 461 1022 517 pabulatores
1057 478 1153 504 suos
1187 464 1241 505 ab
1277 464 1477 505 Romanis
1510 464 1645 506 facto:
1683 479 1733 505 eo

312 518 460 574 proelio
499 518 673 568 victum,
709 518 939 574 castrisque
978 527 1155 561 exutum
1193 535 1338 576 pacem
1377 522 1554 577 petisse3
1599 536 1732 577 quum

311 574 552 617 cecidissent
585 575 825 631 quindecim
865 574 994 617 millia
1032 576 1229 628 militum,
1260 584 1384 633 capta
1421 577 1518 634 plus
1549 586 1734 634 quatuor

311 631 441 673 millia
459 640 606 673 essent.

369 689 526 729 XLII.
559 688 723 730 Eodem
743 689 830 730 fere
851 696 1037 746 tempore
1057 697 1099 731 et
1119 705 1144 731 a
1166 691 1219 730 T.
1243 691 1439 741 Quinctio
1459 691 1512 733 de
1531 692 1657 733 rebus
1677 692 1732 734 ad

313 746 657 786 Lacedaemonem
691 745 834 802 gestis,
865 754 906 788 et
941 747 995 789 ab
1032 747 1094 787 M.
1120 747 1268 788 Porcio
1302 748 1469 789 consule
1503 757 1546 790 et
1579 749 1734 805 Hispa-

310 803 381 842 nia
406 802 539 844 literae
568 802 732 845 adlatae.
764 803 986 859 utriusque
1013 803 1179 845 nomine
1208 804 1252 844 in
1279 803 1367 845 dies
1389 812 1548 846 ternosx
1575 805 1734 862 suppli-

311 859 420 900 catio
447 874 473 900 a
497 867 643 901 senatu
664 860 832 901 decreta
860 868 934 901 est.
996 861 1047 901 L.
1073 860 1263 902 Valerius
1292 861 1451 911 consul,
1473 877 1607 917 quum
1636 871 1732 918 post

311 915 426 957 fusos
457 915 566 957 circa
596 916 794 958 Litanam
827 917 973 958 silvam
1007 917 1132 959 Boios
1154 917 1339 974 quietam
1371 918 1628 974 provinciam
1660 919 1733 960 ha-

310 972 484 1023 buisset,
516 974 781 1015 comitiorum
811 989 956 1015 caussa
987 975 1164 1016 Romam
1196 974 1346 1023 rediit3
1380 982 1422 1016 et
1454 975 1608 1017 creavit
1639 990 1735 1016 con-

311 1029 421 1070 sules
462 1031 510 1071 P.
535 1030 776 1072 Cornelium
820 1031 1054 1087 Scipionem
1094 1032 1345 1073 Africanum
1385 1032 1538 1073 iterum
1579 1041 1619 1074 et
1663 1032 1732 1073 Ti.

314 1087 604 1142 Sempronium
628 1088 838 1144 Longum.
901 1089 1068 1130 Horum
1098 1097 1238 1145 patres
1267 1088 1403 1145 primo
1432 1105 1541 1130 anno
1563 1089 1734 1130 secundi

312 1144 462 1185 Punici
496 1143 594 1186 belli
625 1145 814 1186 consules
847 1144 1026 1187 fuerant.
1089 1146 1293 1187 Praetoria
1331 1146 1428 1187 inde
1460 1147 1630 1188 comitia
1662 1146 1736 1187 ha-

310 1200 409 1242 bita.
441 1200 568 1243 creati
605 1202 654 1242 P.
679 1201 904 1243 Cornelius·
930 1203 1084 1259 Scipio,
1115 1211 1156 1244 et
1192 1202 1278 1243 duo
1310 1204 1386 1244 Cn.
1412 1203 1609 1254 Cornelii,
1640 1204 1734 1244 Me-

309 1257 440 1298 renda
474 1265 516 1300 et
549 1258 704 1309 Blasio,
741 1266 782 1299 et
820 1260 895 1299 Cn.
920 1259 1133 1301 Domitius
1168 1259 1478 1301 Ahenobarbus
1491 1269 1518 1309 -v,
1552 1268 1592 1302 et
1637 1261 1731 1301 Sex-

309 1314 518 1370 Digitius,
541 1323 582 1356 et
610 1316 663 1355 T.
687 1316 917 1358 Juventius
939 1316 1118 1357 Thalna.
1182 1316 1372 1358 Comitiis
1402 1316 1612 1372 perfectiS,
1638 1331 1734 1358 con-

310 1371 376 1412 sul
396 1371 437 1412 in
467 1371 724 1427 provinciam
745 1373 883 1414 rediit.
944 1374 1114 1414 Novum
1141 1374 1214 1430 jus
1235 1389 1283 1414 eo
1314 1389 1423 1414 anno
1444 1389 1468 1413 a
1490 1373 1732 1416 Ferentina-

309 1428 424 1469 tibus
454 1436 678 1480 tentatum,
707 1437 756 1470 ut
790 1430 948 1481 Latini,
975 1431 1049 1485 qui
1082 1431 1123 1471 in
1158 1430 1359 1471 coloniam
1392 1431 1626 1471 Romanam
1661 1445 1734 1471 no-

308 1484 421 1526 mina
441 1485 667 1536 dedissent,
689 1486 799 1527 cives
821 1486 1002 1528 Romani
1023 1495 1169 1529 essent.
1216 1486 1248 1510 ‘¹⁵
1264 1487 1477 1536 Puteolos,
1497 1486 1734 1528 Salernum-

307 1557 406 1597 que,
438 1549 479 1584 et
517 1543 762 1584 Buxentum
793 1542 992 1600 adscripti
1022 1544 1172 1594 coloni,
1204 1543 1278 1600 qui
1312 1543 1481 1585 nomina
1514 1543 1732 1595 dederant,

308 1614 442 1654 quum
472 1599 527 1641 ob
556 1600 602 1640 id
633 1615 675 1641 se
704 1615 782 1656 pro
812 1600 973 1642 civibus
994 1602 1197 1642 Romanis
1226 1601 1398 1651 ferrent,
1422 1608 1589 1642 senatus
1617 1600 1734 1658 judi-

308 1656 434 1706 cavit,
456 1671 538 1697 non
560 1672 646 1698 esse
668 1672 736 1698 eos
757 1657 866 1698 cives
888 1659 1112 1700 Romanos.

368 1713 552 1754 XLIII.
586 1713 799 1770 Principio
828 1714 939 1765 anni,
962 1730 1048 1770 quo
1079 1716 1127 1756 P.
1154 1714 1292 1771 Scipio
1320 1714 1549 1756 Africanus
1578 1714 1732 1756 iterum

308 1777 350 1811 et
384 1770 452 1811 Ti.
478 1771 749 1828 Sempronius
771 1771 946 1827 Longus
976 1772 1165 1813 consules
1194 1772 1383 1822 fuerunt,
1405 1771 1532 1827 legati
1554 1771 1733 1813 Nabidis

309 1827 476 1883 tyranni
498 1828 678 1869 Romam
700 1835 935 1870 veneruntz.
998 1828 1082 1870 lisa
1102 1838 1222 1872 extra
1251 1829 1397 1870 urbem
1423 1829 1466 1869 in
1488 1829 1577 1870 aede
1598 1827 1732 1884 Apol-

308 1883 403 1926 linis
433 1893 601 1927 senatus
630 1885 756 1927 datus
786 1893 860 1927 est.
895 1899 992 1941 pax,
1024 1901 1123 1943 quae
1153 1901 1249 1928 cum
1281 1886 1335 1926 T.
1359 1885 1556 1936 Quinctio
1585 1900 1733 1926 conve-

307 1941 449 1992 nisset,
471 1950 520 1983 ut
549 1950 642 1983 rata
661 1950 782 1992 esset,
804 1942 1030 1999 petierunt,
1052 1944 1481 2000 impetraveruntque.
1543 1943 1610 1984 De
1637 1957 1733 1998 pro-

307 1999 452 2039 vinciis
474 2014 608 2055 quum
637 2000 817 2041 relatum
838 2009 959 2051 esset,
982 2009 1150 2043 senatus
1169 2001 1366 2056 frequens
1395 1999 1438 2039 in
1459 2015 1548 2040 eam
1571 2002 1732 2041 senten-

308 2056 408 2097 tiam
438 2055 553 2105 ibat;
586 2064 650 2107 ut,
679 2058 877 2113 quoniam
906 2058 949 2099 in
971 2058 1178 2115 Hispania
1208 2066 1248 2100 et
1272 2056 1523 2099 Macedonia
1551 2056 1733 2099 debella-

308 2121 398 2155 tum
428 2114 552 2166 foret,
573 2114 815 2156 consulibus
843 2116 1048 2158 ambobus
1071 2115 1196 2158 Italia
1225 2115 1440 2172 provincia
1467 2123 1583 2157 esset.
1647 2113 1733 2156 Sci-

349 2206 367 2223 ¹
384 2209 477 2234 ternos
491 2205 524 2234 in
538 2204 599 2234 dies
615 2204 713 2235 Gron.
730 2203 821 2236 Crev.
915 2208 933 2234 Y
947 2206 1130 2238 AEnobarbus
1145 2206 1243 2238 Gron.
1337 2208 1355 2226 2
1371 2204 1443 2236 add.
1457 2206 1515 2235 duo
1529 2206 1622 2236 Gron.
1639 2205 1729 2236 Crev.

306 2250 321 2267 ²
338 2246 396 2277 His
411 2246 500 2278 Eaed·

350 2330 392 2361 45
419 2329 560 2365 Puteolos,
602 2330 824 2371 Salernumque,
863 2337 890 2362 et
932 2330 997 2362 Bu-

307 2380 425 2403 sentum
466 2375 606 2413 adscripti
647 2375 750 2409 caloni,
787 2376 838 2414 qui
880 2375 998 2405 'nomina

308 2416 465 2456 ‹ledea-ant]
491 2416 640 2455 Adscripci
664 2427 682 2447 a
704 2416 870 2448 triumviris
892 2419 997 2454 coloni,

308 2462 359 2499 qui
387 2469 455 2489 sese
484 2459 659 2490 obtulerant
689 2471 705 2492 c
735 2459 866 2496 Latinis,
892 2465 923 2492 et
947 2473 997 2491 no-

309 2505 389 2533 mina
411 2501 442 2532 in
466 2512 520 2533 eas
544 2502 681 2533 colonias
708 2505 859 2534 dederant.
906 2504 996 2535 Cete-

310 2556 376 2575 rum
399 2554 506 2576 sensus
528 2545 620 2586 hujus
642 2545 700 2576 loci
724 2546 808 2577 haud
833 2556 907 2577 sane
929 2557 997 2588 per-

309 2588 434 2630 spicuus
448 2594 504 2619 est.
551 2587 654 2619 Facile
679 2588 918 2629 intelligeremus
935 2590 995 2620 La-

310 2632 389 2661 tinos
413 2631 541 2672 aliquot,
557 2636 631 2673 puta
653 2631 802 2672 quosdam
824 2642 839 2662 e
861 2632 996 2663 Ferenti-

310 2674 445 2709 natibus,
463 2674 593 2716 aliisque
616 2673 742 2705 fortasse
761 2674 840 2705 Latii
864 2675 996 2717 populis,

308 2727 404 2756 quum
429 2716 574 2759 adscripti
596 2723 698 2749 essent
716 2717 815 2748 coloni
840 2718 997 2753 Puteolos,

309 2760 483 2796 Salernum,
504 2761 693 2795 Buxentum,
709 2771 774 2791 sese
802 2771 855 2802 pro
878 2761 997 2791 civibus

313 2803 462 2834 Romanis
490 2804 633 2844 gessisse:
670 2808 812 2835 senatum
840 2803 996 2844 judicasse

308 2855 358 2875 tos
381 2845 462 2877 cives
482 2857 541 2877 non
565 2857 642 2879 esse.
689 2848 803 2878 Verum
828 2846 858 2878 id
881 2847 995 2880 turbat.

310 2889 389 2926 quod
416 2890 548 2929 l‘utmli,
565 2891 738 2927 Salernum,
755 2896 783 2921 ct
807 2891 994 2923 Buxtntuni,

1043 2330 1180 2362 nondum
1207 2330 1351 2362 videntur
1380 2329 1472 2360 fuisse
1506 2328 1634 2360 coloniae
1663 2329 1729 2361 Ro-

1042 2385 1155 2411 manae,
1171 2384 1266 2415 quum
1290 2374 1322 2404 in
1345 2373 1411 2404 haec
1427 2372 1486 2404 tria
1499 2371 1614 2414 oppida
1628 2373 1728 2405 coloni

1043 2417 1180 2449 Romani
1203 2416 1328 2448 deducti
1350 2426 1417 2447 esse
1431 2415 1573 2447 dicantur
1595 2414 1684 2452 infra,
1700 2427 1730 2449 c.

1043 2462 1095 2492 45.
1139 2460 1200 2491 Sed
1224 2459 1368 2490 nimirum
1390 2458 1478 2490 tertio
1497 2465 1568 2490 ante
1581 2468 1662 2489 anno
1678 2460 1728 2491 lex

1042 2503 1107 2535 lata
1129 2503 1238 2539 suerat,
1256 2513 1346 2544 supra
1369 2502 1391 2533 l.
1407 2502 1550 2532 XXXII.
1573 2512 1599 2532 c.
1619 2503 1673 2533 29.
1695 2509 1730 2535 ut

1042 2545 1090 2577 hae
1129 2545 1257 2577 coloniae
1302 2545 1535 2581 deducerentur,
1571 2545 1729 2587 creatique

1040 2589 1189 2620 triumviri
1213 2588 1233 2619 ii
1259 2587 1316 2630 ipsi
1339 2587 1391 2629 qui
1416 2597 1485 2618 mox
1510 2598 1539 2618 c.
1554 2588 1605 2619 45.
1629 2589 1727 2620 nomi-

1040 2633 1206 2663 nabuntur.
1264 2630 1506 2672 Intelligendum
1542 2637 1588 2662 est
1623 2631 1728 2673 igitur,

1041 2685 1103 2706 rem
1122 2681 1193 2706 tunc
1217 2674 1392 2705 inchoatam
1408 2684 1485 2709 esse,
1500 2673 1554 2705 sed
1578 2684 1659 2705 anno
1673 2675 1727 2707 de·

1041 2729 1124 2749 mum
1146 2722 1292 2759 sequente
1316 2717 1355 2748 ad
1381 2717 1496 2747 exitum
1548 2717 1724 2749 erductam:

1041 2761 1128 2792 initio
1158 2766 1260 2791 autem
1299 2760 1339 2791 rei
1371 2759 1510 2802 incipian
1534 2771 1571 2794 ze.
1601 2760 1727 2792 Latinos

1041 2804 1071 2834 in
1095 2814 1147 2835 eas
1165 2802 1302 2834 colonias
1325 2803 1448 2834 nomina
1469 2803 1601 2839 dedisse,
1617 2808 1648 2835 et
1672 2804 1725 2835 ad-

1041 2847 1167 2890 scriptos
1182 2846 1314 2878 colonos.
