1947 3222
388 768 738 822 EPITOME
777 768 996 822 LIBRI
1037 767 1343 822 XXXVII.

160 1058 235 1111 L.
275 1068 627 1111 CORNELIUS
661 1068 791 1121 Scipio
827 1069 969 1119 consul,
1007 1068 1138 1123 legato
1175 1069 1224 1109 P.
1249 1068 1427 1121 Scipione
1460 1068 1573 1122 Afri-

163 1139 261 1167 cano
283 1127 367 1181 (qui
385 1141 427 1167 se
448 1127 621 1181 legatum
629 1124 782 1178 fratris
793 1125 977 1178 futurum
999 1125 1171 1176 dixerat,
1193 1126 1227 1166 si
1247 1126 1283 1165 ei
1305 1126 1464 1167 Graecia
1481 1141 1572 1179 pro-

160 1184 287 1225 vincia
307 1186 589 1233 decerneretur,
611 1197 726 1238 quum
752 1183 795 1224 C.
821 1183 963 1232 lazio,
988 1183 1053 1236 qui
1078 1183 1245 1223 multum
1264 1183 1306 1224 in
1325 1190 1465 1224 senatu
1486 1190 1573 1237 pot-

161 1248 258 1289 erat,
282 1255 329 1281 ea
356 1241 556 1294 provincia
577 1241 668 1281 dari
686 1241 902 1296 videretur)
922 1239 1121 1293 profectus
1140 1242 1196 1281 ad
1216 1241 1359 1281 bellum
1380 1242 1573 1283 adversus

159 1299 398 1339 Antiochum
425 1300 656 1353 gerendum,
678 1298 719 1338 in
749 1298 887 1339 Asiam
914 1299 1065 1350 primus
1095 1298 1266 1339 omnium
1299 1299 1571 1339 Romanorum

161 1356 304 1396 ducum
333 1354 500 1410 trajecit.
558 1356 745 1397 AErnilius
776 1354 961 1410 Regillus
991 1356 1182 1396 adversus
1215 1356 1371 1410 regiam
1405 1356 1572 1397 classem

159 1413 340 1454 Antiochi
357 1413 531 1464 feliciter
555 1413 751 1467 pugnavit
772 1414 827 1453 acl
848 1413 1128 1465 Myonnesum,
1153 1413 1321 1453 Rhodiis
1347 1412 1572 1467 adjuvanti-

162 1471 241 1510 bus.
303 1471 431 1510 Filius
451 1468 650 1522 Africani,
674 1471 724 1510 ab
746 1469 942 1510 Antiocho
972 1476 1125 1522 captus,
1144 1471 1254 1523 patri
1283 1472 1468 1511 remissus
1496 1478 1570 1513 est.

162 1526 248 1568 Μ’.
274 1527 423 1567 Acilius
447 1527 611 1567 Glabrio
641 1528 689 1566 de
714 1527 916 1575 Antiocho,
947 1541 1060 1581 quem
1095 1527 1254 1567 Graecia
1285 1528 1503 1579 expulerat,
1532 1535 1571 1568 et

162 1585 212 1623 de
239 1584 380 1624 AEtolis
406 1585 668 1636 triumphavit.
737 1583 843 1624 Victo
872 1584 1013 1624 deinde
1043 1583 1238 1624 Antiocho
1269 1599 1293 1624 α
1316 1585 1368 1627 L.
1395 1585 1572 1626 Cornelio

165 1640 356 1693 Scipione,
389 1641 603 1696 adjuvante
633 1641 810 1681 Eumene
838 1655 933 1695 rege
965 1641 1172 1694 Pergami,
1204 1642 1336 1682 Attali
1351 1642 1457 1693 filio,
1486 1657 1573 1695 pax·

162 1700 260 1738 data
295 1705 351 1738 cst
385 1713 432 1739 ea
462 1698 695 1747 conditione,
731 1703 775 1737 ut
806 1698 981 1738 omnibus
1007 1698 1213 1749 provinciis
1248 1699 1350 1740 citra
1392 1700 1570 1740 Taurum

161 1761 329 1796 montem
349 1756 514 1796 cederet.
579 1755 760 1802 Eumeni,
783 1769 856 1808 quo
873 1753 1043 1809 juvante
1074 1755 1296 1796 Antiochus
1325 1756 1448 1797 victus
1467 1764 1568 1807 erat,

160 1826 327 1867 regnum
349 1813 596 1866 ampliatum.
639 1812 809 1852 Rhodiis
822 1826 987 1867 quoque,
1010 1812 1078 1866 qui
1098 1819 1136 1852 et
1156 1812 1232 1865 ipsi
1239 1812 1446 1867 juverant,
1464 1829 1569 1868 quoe-

161 1870 256 1910 dam
276 1870 451 1911 civitates
469 1882 671 1911 concessae.
734 1869 896 1910 Colonia
916 1870 1084 1910 deducta
1104 1876 1160 1910 est
1180 1871 1374 1912 Bononia.
1436 1872 1570 1913 AEmi-

160 1927 234 1967 lius
254 1927 452 1982 Regillus,
473 1927 537 1981 qui
560 1924 772 1980 proesectos
793 1926 977 1967 Antiochi
1007 1927 1140 1968 navali
1168 1928 1378 1968 certamine
1405 1930 1569 1980 vicerat,

162 1984 343 2024 navalem
366 1984 603 2037 triumphurn
632 1984 759 2024 duxit.
818 1984 868 2025 L.
895 1984 1097 2024 Cornelius
1118 1984 1263 2036 Scipio,
1286 1985 1353 2038 qui
1372 2001 1458 2027 cum
1479 1987 1570 2028 An-

161 2041 287 2081 tiocho
308 2041 587 2095 debellaverat,
607 2040 979 2097 cognomineftatri
1005 2048 1248 2097 exaequatch‚
1271 2043 1475 2085 Asiaticus
1494 2045 1570 2085 ad-

156 2098 329 2151 pellatus
347 2105 419 2140 est.
