1947 3222
492 125 617 163 LIB.
644 122 864 162 XXXVII.
904 124 1042 163 CAP.
1070 126 1144 163 XI.
1451 132 1526 171 287

108 241 318 289 ageretur,
348 234 555 277 incertum
585 240 716 282 metu,
744 247 797 273 an
830 247 931 287 erga
964 248 1060 274 suos
1095 233 1211 275 haud
1241 235 1398 277 sincera
1427 237 1523 288 fide,
1538 246 1580 278 U.
1593 246 1631 278 c.
1645 246 1718 277 562.

109 291 249 332 omnia
287 292 445 347 aperit:
497 290 666 331 classem
705 289 953 330 instructam
1002 298 1277 346 paratamque
1317 292 1360 333 in
1398 302 1525 348 portu
1538 290 1578 321 A.
1593 289 1631 321 C.
1647 290 1719 320 190.

111 355 242 389 stare:
280 347 539 403 ³³remigium
569 361 691 387 omne
722 347 985 401 Magnesiam
1012 345 1069 397 ad
1107 347 1299 403 Sipylum
1329 348 1524 392 missum:

110 419 340 467 perpaucas
356 400 480 445 naves
502 403 731 445 subductas
752 419 853 452 esse,
869 402 950 444 ⁵¹et
971 403 1134 444 navalia
1154 403 1263 459 tegi:
1296 419 1528 461 numquam

109 461 312 502 mtentius
346 475 433 501 rem
468 460 657 501 navalem
697 459 1028 502 administratam
1063 475 1162 501 esse.
1224 461 1330 502 Haec
1365 476 1417 502 ne
1452 479 1529 518 pro

111 518 219 558 veris
248 517 508 567 audirentur,
537 517 700 558 animus
730 531 868 557 errore
898 525 938 558 et
970 532 1042 573 spe
1071 532 1177 558 vana
1209 528 1529 581 praeoccupatus

109 574 221 616 fecit.
293 573 589 629 Polyxenidas,
631 575 730 615 satis
769 573 963 615 omnibus
1004 583 1266 630 comparans,
1307 584 1428 616 nocte
1467 591 1532 619 re-,

110 630 219 686 mige
248 645 273 671 a
304 631 526 686 Magnesia
555 631 763 680 arcessito,
795 630 1072 686 deductisque
1102 631 1270 687 raptim,
1302 648 1399 688 quae
1433 633 1529 674 sub-

110 687 248 728 ductae
281 695 413 738 erant,
444 688 636 738 navibus,
664 687 838 743 5⁵quum
874 688 983 728 diem
1020 703 1103 728 non
1134 698 1218 729 tam
1249 690 1292 730 in
1322 689 1529 745 adparatu

110 744 398 794 absumsisse-t,
434 761 563 800 quam
604 745 719 801 quod
768 744 950 800 conspici
990 745 1318 801 proficiscentem
1359 746 1529 788 classem

109 799 303 849 nolebat;
341 810 436 857 post
467 802 562 843 solis
591 817 782 843 occasum
814 802 1027 857 profectus
1058 803 1325 858 septuaginta
1353 803 1531 845 navibus

110 857 245 908 tectis,
283 867 408 900 vento
447 858 636 908 adverso,
672 869 768 900 ante
808 859 944 899 lucem
982 859 1141 914 Pygela
1175 868 1346 915 portum
1379 861 1528 903 tenuit.
1544 870 1624 900 Eum
1637 869 1744 917 incau-

111 913 185 955 ubi
215 930 348 971 quum
380 915 560 957 interdiu
593 916 647 957 ob
679 915 867 957 eamdem
903 931 1090 956 caussam
1122 916 1318 970 quiesset,
1340 926 1460 959 nocte
1487 919 1528 959 in
1544 921 1608 977 ‘¹¹3¹
1622 913 1724 955 obpu-

110 971 302 1027 proxima
345 973 494 1013 Samiae
535 981 656 1014 terrae
697 972 872 1028 trajecit.
940 972 1054 1013 Hinc
1095 973 1307 1014 Nicandro
1348 974 1531 1029 quodam
1543 966 1609 986 nn„

110 1028 363 1084 archipirata
383 1029 600 1085 quinquem
622 1030 800 1070 navibus
821 1029 940 1070 tectis
963 1029 1211 1070 Palinurum
1234 1030 1353 1084 jusso
1374 1038 1529 1086 petere,

110 1093 238 1140 atque
260 1085 356 1127 inde
377 1094 571 1135 armatos,
594 1101 680 1142 qua
699 1085 939 1141 proximum
970 1101 1044 1142 per
1066 1101 1187 1140 agros
1209 1086 1287 1127 iter
1307 1095 1428 1136 esset,
1453 1089 1531 1128 Pa-

110 1157 304 1183 noi-mum
339 1143 393 1183 ad
432 1150 599 1198 tergum
634 1143 819 1184 hostium
859 1142 1026 1192 ducere,
1063 1142 1151 1198 ipse
1185 1143 1366 1194 interim,
1403 1144 1530 1186 classe

111 1199 258 1249 divisa,
276 1208 324 1241 ut
345 1215 395 1240 ex
413 1207 593 1254 utraque
610 1208 729 1255 parte
744 1199 886 1240 fauces
905 1210 1054 1255 portus
1075 1208 1249 1249 teneret,
1273 1201 1530 1242 Panormum

110 1255 228 1311 petit.
293 1256 578 1297 Pausistratus
613 1257 763 1312 primo,
799 1265 848 1298 ut
884 1256 926 1296 in
959 1272 1004 1297 re
1035 1256 1294 1312 necopinata,
1333 1258 1530 1299 turbatus

109 1327 351 1369 parumper,
374 1313 524 1354 deinde
544 1322 666 1354 vetus
686 1313 818 1363 miles,
836 1313 1022 1354 celeriter
1043 1313 1228 1355 conlecto
1249 1314 1400 1365 animo,
1418 1323 1530 1356 terra

109 1370 258 1411 melius
287 1370 431 1420 arceri,
454 1386 580 1426 quam
602 1371 722 1421 mari,
743 1371 883 1412 hostes
912 1386 1032 1426 posse
1062 1379 1193 1421 ratus,
1215 1380 1395 1413 armatos
1426 1372 1530 1413 duo-

108 1426 190 1468 bus
221 1427 459 1482 agminibus
494 1428 548 1468 ad
582 1428 880 1483 promontoria,
913 1443 1009 1483 quae
1042 1428 1239 1469 cornibus
1267 1429 1441 1485 objectis
1475 1430 1528 1470 ab

109 1483 194 1525 alto
229 1492 401 1539 portum
432 1484 607 1534 faciunt,
641 1484 783 1524 ducit?
826 1484 924 1524 inde
955 1483 1074 1524 facile
1108 1484 1242 1526 ⁵⁶telis
1277 1485 1529 1541 ancipitibus

109 1540 270 1581 hostem
307 1541 590 1582 submoturus.
627 1540 671 1581 id
705 1541 918 1596 inceptum
954 1541 1044 1597 ejus
1073 1540 1325 1583 5⁷Nicander
1359 1557 1384 1583 a
1418 1551 1530 1583 terra

109 1596 244 1637 visus¹¹
273 1613 406 1653 quum
437 1597 660 1647 turbasset,
681 1606 852 1654 repente
882 1605 1046 1639 mutato
1075 1598 1259 1648 consilio,
1281 1614 1406 1640 naves
1435 1614 1529 1641 con-

109 1653 305 1695 scendere
344 1669 485 1695 omnes
517 1655 654 1710 jubet.
736 1655 852 1695 Tum
896 1670 995 1694 vero
1039 1654 1184 1710 ingens
1223 1656 1384 1711 'pariter
1423 1656 1528 1696 mili-

110 1718 202 1751 tum
232 1718 540 1767 nautarumque
576 1710 800 1767 trepidatio
830 1719 936 1761 orta,
968 1720 1008 1752 et
1039 1712 1155 1753 velut
1188 1712 1292 1768 fuga
1324 1713 1368 1753 in
1403 1728 1528 1754 naves

109 1767 214 1818 fieri,
248 1783 382 1823 quum
417 1783 459 1808 se
493 1767 597 1809 mari
632 1776 827 1824 terraque
863 1768 985 1809 simul
1022 1778 1236 1810 cernerent
1271 1770 1528 1811 circumven-

109 1831 186 1865 tos.
262 1824 562 1874 Pausistratus,
599 1840 726 1866 unam
761 1825 871 1866 viam
912 1824 1057 1866 salutis
1087 1841 1173 1867 esse
1205 1834 1336 1876 ratus,
1374 1827 1407 1867 si
1442 1828 1528 1868 vim

108 1881 244 1922 facere
278 1897 352 1938 per
391 1881 532 1923 fauces
566 1891 729 1938 portus,
766 1890 894 1938 atque
934 1897 1151 1938 erumpere
1186 1883 1226 1923 in
1263 1899 1377 1925 mare
1411 1899 1529 1940 aper-

108 1945 202 1978 tum
222 1946 375 1995 posset,
398 1946 622 1994 postquam
652 1939 936 1980 conscendisse
965 1954 1061 1980 suos
1089 1940 1210 1989 vidit,
1234 1941 1349 1997 sequi
1382 1941 1529 1982 ceteris

103 1995 246 2049 jussis,
268 1995 356 2051 ipse
376 1995 568 2051 princeps
593 1996 799 2037 concitata
828 2011 933 2037 nave
962 1996 1085 2037 remis
1115 1997 1169 2037 ad
1199 1998 1352 2039 ostium
1379 2006 1529 2053 portus

108 2051 256 2093 tendit.
321 2053 595 2108 Superantem
629 2054 718 2109 jam
758 2053 901 2094 fauces
939 2068 1088 2094 navem
1124 2054 1214 2109 ejus
1247 2054 1529 2110 Polyxenidas

422 2155 445 2173 m
460 2164 527 2182 cum
541 2154 669 2199 quinque
683 2153 779 2184 Gron.
797 2153 888 2184 Crev.
977 2156 993 2173 ¹¹
1009 2155 1108 2183 missus
1121 2153 1217 2184 Gron.

153 2239 194 2269 33
227 2238 396 2279 Remigium
427 2249 508 2268 omne
549 2238 729 2279 Magnesiam
759 2241 797 2269 ad

111 2281 246 2321 Sipylum
271 2281 403 2322 missum]
440 2281 595 2312 observat
622 2282 798 2312 Glareanus

114 2323 312 2364 Magnesiam
343 2324 382 2354 ad
418 2324 560 2366 Sipylum
589 2325 696 2354 urbem
732 2335 798 2356 esse

114 2366 382 2403 mediterraneam,
409 2377 478 2408 quae
508 2366 629 2408 longius
651 2367 731 2398 absit
758 2368 799 2398 ab

114 2408 237 2449 Epheso
249 2416 281 2441 et
303 2411 342 2441 ab
364 2411 452 2446 mari,
469 2421 563 2451 quam
577 2416 613 2441 ut
635 2420 672 2441 eo
692 2409 797 2441 videa-

115 2455 164 2480 tur
179 2452 252 2482 satis
266 2453 425 2484 commode
441 2453 571 2494 remiges
586 2453 722 2494 coegisse
738 2454 798 2484 Po-

115 2492 286 2534 lyxenidas.
331 2496 467 2527 Omnino
481 2502 625 2537 suspecta
640 2501 711 2526 sunt
733 2496 800 2527 haec

119 2537 211 2567 verba
242 2540 279 2568 ad
306 2538 449 2578 Sipylum,
476 2545 625 2579 tanquam
647 2539 801 2579 glossema

118 2577 256 2609 additum
285 2581 324 2610 ab
351 2581 490 2623 imperito
519 2582 623 2623 aliquo
653 2582 799 2612 emenda-

116 2626 191 2655 tore,
208 2623 261 2662 qui
282 2621 465 2662 ignoraverit
486 2623 579 2656 fuisse
601 2625 800 2665 Magnesiam

117 2663 157 2694 ad
181 2664 390 2702 Maeandrum,
407 2667 578 2708 propiorem
601 2667 736 2710 Epheso,
761 2668 799 2698 de

117 2717 180 2747 qua
202 2705 251 2738 hic
274 2709 380 2748 procul
401 2709 495 2740 dubio
514 2710 734 2752 intelligendus
755 2715 802 2741 est

118 2748 235 2780 Livius.
295 2751 342 2781 Eo
369 2751 457 2782 nobis
484 2752 606 2783 facilius
633 2754 799 2796 probamus

118 2792 159 2822 τὰ
181 2794 220 2823 ad
242 2793 376 2833 Sipylum
398 2793 528 2825 insititia
547 2806 623 2832 esse,
648 2796 731 2837 quod
752 2796 800 2826 bis

118 2834 149 2865 in
175 2835 234 2866 hac
262 2834 331 2877 ipsa
357 2836 529 2868 narratione
550 2838 717 2880 Magnesia
745 2849 799 2870 no-

119 2878 256 2909 minatur
272 2878 337 2909 sine
353 2879 572 2910 additamento.

884 2238 926 2269 34
950 2238 989 2268 Et
1019 2239 1137 2269 navalia
1165 2239 1238 2281 tegi]
1278 2238 1341 2274 An,
1366 2244 1449 2270 tecta
1473 2251 1527 2271 na-

841 2281 957 2312 valium
980 2281 1085 2312 refici?
1113 2282 1174 2313 Sed
1197 2282 1271 2323 quid
1295 2282 1335 2313 ad
1358 2284 1444 2313 rem?
1467 2284 1528 2314 Hic

843 2324 960 2364 aliquid
976 2323 1095 2355 videtur
1110 2335 1176 2356 esse
1193 2330 1379 2366 corruptum.

885 2367 1064 2401 35*Quum
1081 2369 1172 2409 diem]
1198 2369 1304 2405 Quum
1328 2367 1411 2399 diem
1431 2374 1529 2400 totum

842 2409 985 2445 trivisset,
1014 2421 1075 2441 non
1103 2417 1166 2441 tam
1196 2410 1269 2452 quia
1302 2410 1360 2442 hoc
1396 2413 1529 2453 spatium

843 2453 1048 2484 necessarium
1075 2453 1121 2484 illi
1149 2454 1249 2485 fuerat
1278 2454 1319 2484 ad
1346 2461 1530 2496 apparatum

843 2495 886 2526 rei
900 2496 1128 2537 aggrediendae,
1140 2507 1234 2537 quam
1246 2497 1328 2538 quod
1345 2519 1353 2527 .
1369 2519 1378 2527 .
1393 2520 1401 2528 .

887 2539 955 2569 36³⁶
969 2539 1043 2569 Telis
1063 2540 1254 2580 ancipitibus]
1277 2539 1362 2570 Telis
1385 2541 1423 2570 ab
1447 2546 1528 2571 utro-

843 2592 904 2622 que
939 2581 1154 2623 promontorio‚
1185 2592 1203 2612 a
1236 2583 1345 2613 dextra
1380 2582 1469 2612 simul
1499 2589 1529 2613 et

843 2624 976 2659 sinistra,
1004 2624 1188 2666 impetitur-is
1223 2625 1342 2657 hostem
1379 2625 1528 2657 acceden-

843 2673 905 2698 tem
922 2667 962 2698 ad
974 2673 1106 2708 portum.

887 2711 927 2741 37
953 2711 1105 2742 Nicander
1126 2723 1144 2741 α
1166 2712 1247 2741 terra
1268 2710 1358 2750 visus]
1388 2710 1448 2740 Pro
1470 2710 1530 2742 hae

842 2753 973 2784 lectione
1009 2759 1092 2784 stant
1121 2753 1182 2784 duo
1211 2764 1227 2784 e
1265 2753 1359 2784 MSS.
1389 2753 1531 2788 Hearnii,

843 2802 946 2827 noster
959 2796 1077 2827 Victor.
1093 2802 1124 2827 et
1138 2795 1326 2837 antiquiores
1341 2794 1427 2826 editi.
1442 2796 1530 2827 Male

844 2839 968 2870 omnino
983 2840 1164 2871 recentiores
1178 2850 1196 2868 a
1213 2845 1290 2869 terra
1305 2839 1414 2869 mIssus.
