1947 3222
147 454 301 496 Sulpicius

149 498 220 527 Cos.
236 497 257 527 it
273 497 305 526 in

147 538 316 570 Macedoni

147 592 208 612 am.

147 793 280 824 Athenae
296 803 314 823 a

371 113 419 145 14

899 103 1255 142 T1T1LIVI1

298 240 330 262 -,
363 229 480 269 quum
510 216 660 256 solvere
691 219 830 268 posset
851 214 1044 267 populus,
1071 215 1286 266 pecuniam
1305 213 1468 264 habere,
1490 225 1782 272 quam-agrum,

238 296 246 305 ·
277 275 327 305 00.
362 272 516 321 mallet,
551 272 780 314 restitueret
818 285 959 323 agrum
994 271 1162 322 populo.
1457 272 1459 274 ’

1234 270 1346 311 Laeti
1382 284 1472 311 eam
1505 270 1783 313 conditionem

362 329 514 385 privati
536 344 740 385 accepere.
788 326 822 351 ⁶²
837 326 1055 367 Trientius
1078 326 1373 382 Tabuliusque
1393 327 1429 368 is
1449 342 1562 384 ager,
1586 327 1687 384 quia
1706 343 1784 384 pro

361 386 487 427 tertia
507 394 625 442 parte
645 385 836 441 pecuniae
857 383 983 424 datus
1003 395 1106 432 erat,
1129 382 1376 438 adpellatus.

421 443 546 483 XIV.
582 443 697 483 Tum
720 443 767 482 P.
785 439 1010 496 SulpiciuS,
1026 439 1256 479 secundum
1272 447 1370 481 vota
1389 440 1432 481 in
1450 441 1659 498 Capitolio
1679 456 1785 481 nun-

361 506 528 554 cupata,
559 498 787 554 paludatus
817 511 914 538 cum
944 495 1161 536 lictoribus
1192 496 1406 551 profectus
1430 497 1484 538 ab
1507 497 1626 547 urbe,
1650 497 1787 538 Brun-

319 557 331 562 “
361 555 514 596 disium
536 555 665 605 venit,
688 563 744 604 et,
766 553 978 595 veteribus
1007 551 1211 593 militibus
1241 552 1487 595 voluntariis
1507 569 1560 595 ex
1581 554 1784 595 Africano

360 612 547 653 exercitu
568 612 611 652 in
642 611 824 667 legiones
845 609 1077 668 descriptis,
1099 609 1361 665 navibusque
1382 625 1432 651 ex
1458 610 1586 652 classe
1606 611 1786 652 consulis

363 668 547 709 Cornelii
578 668 708 718 lectis,
731 667 862 708 altera
891 665 973 715 die,
995 680 1125 721 quam
1155 681 1180 706 a
1207 666 1433 707 Brundisio
1464 667 1602 718 solvit,
1624 669 1668 708 in
1690 669 1784 708 Ma-

360 724 575 766 cedoniam
597 724 773 780 trajecit.

360 790 538 831 orantes,
561 790 610 823 ut
638 797 680 822 se
705 780 920 822 obsidione
950 778 1161 820 eximeret.

836 723 905 764 Ibi
926 723 963 763 ei
984 730 1138 777 praesto
1158 722 1275 763 fuere
1297 723 1619 765 Atheniensium
1640 724 1783 781 legati,

1224 777 1383 820 Missus
1412 781 1622 837 extemplo
1648 781 1784 823 Athe-

146 835 313 866 Macedon.
360 853 434 889 nas
474 847 535 879 est
579 839 625 879 C.
651 837 856 879 Claudius
893 835 1073 885 Centho,
1105 850 1200 876 cum
1237 835 1385 890 viginti
1421 836 1556 892 longis
1590 839 1783 888 navibus,

359 895 449 936 ⁶3et'
478 894 658 936 militum
691 894 831 951 copiis.
866 908 1002 949 neque
1038 892 1147 932 enim
1182 892 1272 948 ipse
1300 907 1375 932 rex
1404 893 1595 935 Athenas
1624 892 1786 936 obside-

358 952 444 994 bat.
482 967 531 993 eo
565 952 746 992 maxime
781 959 967 1006 tempore
1001 949 1209 1004 Abydum
1244 949 1533 1005 obpugnabat,
1564 951 1653 1006 jam
1688 962 1784 992 cum

359 1008 540 1050 Rhodiis
570 1017 611 1050 et
634 1008 784 1050 Attalo
803 1006 1062 1048 ⁶4navalibus
1092 1006 1403 1056 certaminibus,
1425 1015 1579 1048 neutro
1608 1007 1786 1049 feliciter

144 879 286 910 obsessae.

148 1235 393 1279 Caussabelli⁶⁶
410 1235 629 1277 Ptolemaei
659 1235 785 1291 regis,
814 1235 937 1275 ambo
971 1233 1239 1275 inminebant.

357 1065 521 1121 proelio,
542 1065 651 1106 vires
681 1072 892 1121 expertus.

956 1062 1038 1104 Sed
1067 1062 1226 1103 animos
1256 1062 1293 1103 ei
1323 1062 1518 1114 faciebat,
1543 1072 1698 1120 praeter
1727 1063 1787 1105 fe-

357 1122 511 1163 rociam
541 1122 724 1171 insitam,
755 1121 896 1162 foedus
931 1120 1062 1161 ictum
1096 1134 1191 1160 cum
1221 1119 1474 1161 ⁶⁵Antiocho
1507 1121 1639 1177 Syriae
1669 1136 1783 1177 rege,

358 1178 590 1235 divisaeque
619 1179 708 1235 jam
744 1193 840 1220 cum
876 1193 924 1218 eo
961 1176 1144 1240 AEgypti
1179 1192 1303 1232 opes,
1351 1177 1434 1227 cui,
1470 1186 1604 1218 morte
1639 1178 1786 1219 audita

1303 1234 1610 1276 Contraxerant
1642 1244 1782 1276 autem

145 1291 318 1322 Athenien·
361 1293 439 1334 sibi
469 1308 566 1334 cum
588 1291 788 1349 Philippo
817 1291 975 1333 bellum
996 1290 1275 1331 Athenienses
1305 1290 1637 1346 haudquaquam
1658 1291 1786 1347 digna

359 1365 527 1391 caussa:
561 1350 662 1391 dum
685 1364 737 1390 ex
757 1357 897 1390 vetere
926 1348 1098 1388 fortuna
1117 1347 1221 1387 nihil
1251 1355 1405 1403 praeter
1425 1347 1583 1388 animos
1605 1356 1782 1389 servant.

359 1407 601 1448 Acarnanes
634 1406 720 1447 duo
748 1407 926 1462 juvenes
958 1419 1033 1460 per
1061 1403 1095 1430 ⁶⁷
1110 1403 1334 1445 Initiorum
1367 1403 1470 1454 dies,
1500 1419 1583 1445 non
1615 1404 1783 1454 initiati,

359 1463 565 1519 templum
588 1463 764 1513 Cereris,
787 1462 820 1486 ⁶⁸
832 1461 1106 1518 inprudentes
1134 1459 1359 1515 relig-ionis,
1381 1475 1477 1501 cum
1502 1469 1638 1502 cetera
1659 1462 1786 1503 turba

145 1344 193 1364 ses
208 1334 287 1365 inter

144 1382 176 1407 et
190 1377 311 1420 Philip-

145 1430 232 1461 pum.

358 1519 531 1575 ingressi
563 1525 673 1561 sunt.

736 1519 876 1560 Facile
901 1533 970 1559 eos
1000 1532 1134 1558 sermo
1162 1517 1364 1572 prodidit,
1386 1517 1567 1558 absurde
1588 1518 1782 1577 quaedam

359 1585 704 1632 percunctantes:
739 1575 997 1630 deductique
1027 1574 1081 1614 ad
1116 1573 1323 1615 antistites
1353 1574 1514 1630 templi,
1546 1589 1680 1631 quum
1710 1590 1785 1631 pa-

360 1633 443 1673 lam
480 1643 601 1683 esset,
634 1648 710 1688 per
745 1646 926 1673 errorem
966 1630 1186 1685 ingressos,
1222 1638 1438 1686 tamquam
1474 1631 1529 1672 ob
1563 1631 1784 1673 infandum

361 1689 508 1739 scelus,
529 1689 739 1730 interfecti
761 1697 871 1729 sunt.

935 1686 989 1727 Id
1009 1695 1095 1727 tam
1116 1686 1227 1727 foede
1249 1695 1378 1742 atque
1398 1687 1605 1729 hostiliter
1623 1688 1783 1730 factum

358 1761 461 1802 gens
496 1747 768 1787 Acarnanum
800 1745 855 1786 ad
883 1743 1131 1799 Philippum
1167 1743 1346 1784 detulit:
1379 1743 1690 1801 inpetravitque
1729 1745 1783 1786 ab

401 1869 442 1899 62
481 1868 633 1898 Trieulins
679 1867 889 1909 Tabuliusque]
949 1868 1048 1899 Recte

354 1910 476 1951 judicat
493 1911 669 1942 Gronovius
691 1911 762 1942 ideo
781 1911 825 1942 sic
845 1911 964 1942 dictum
983 1921 1049 1941 esse

359 1954 441 1985 hunc
468 1964 587 1994 agrum,
613 1955 687 1995 quia
712 1965 766 2001 pro
791 1954 901 1984 triente
926 1954 1049 1984 tabula-

357 2007 437 2033 rum,
454 1996 484 2026 id
509 2003 565 2032 est,
582 2008 636 2040 pro
655 2004 746 2028 tertia
768 2004 854 2039 parte
875 1996 952 2038 ejus,
967 1996 1050 2037 quod

358 2049 397 2070 ex
433 2039 565 2082 publicis
599 2040 714 2071 tabulis
746 2039 926 2075 debebatur,
957 2039 1048 2070 datus

358 2082 470 2113 suerat.

401 2127 441 2157 63
467 2126 505 2156 Ec
533 2127 662 2156 militum
691 2126 793 2167 copiis]
833 2126 973 2156 Fortasse
999 2124 1048 2156 hic

357 2167 473 2199 excidit
487 2179 547 2198 vox
568 2168 683 2210 aliqua,
700 2169 801 2209 qualis
818 2173 910 2205 esset,
925 2170 1048 2210 exiguis,

353 2213 464 2250 parvis.
512 2212 582 2242 Hoc
609 2211 739 2243 suadere
770 2217 898 2254 possunt
921 2221 958 2242 ea
980 2220 1049 2252 quae

359 2259 542 2295 sequuntur,
563 2265 654 2294 neque
674 2257 751 2285 enim
774 2258 831 2294 ipse
853 2265 903 2285 rea·
922 2255 1052 2284 Athenas

355 2298 514 2328 obsidebat:
531 2297 643 2338 quibus
656 2298 757 2328 verbis
772 2296 945 2328 continetur
959 2296 1048 2333 ratio,

356 2349 410 2370 cur
437 2350 561 2371 necesse
590 2350 652 2370 non
680 2340 771 2371 fucrit
798 2340 904 2371 valida
933 2339 1050 2371 auxilia

357 2382 498 2413 Athenas
514 2382 646 2414 mittere.

398 2426 440 2456 64
478 2425 640 2457 Navalibus
683 2426 899 2461 certaminibus,
943 2431 1048 2455 neutro

345 2467 483 2509 feliciter
509 2468 625 2509 proelio]
659 2468 794 2499 Videtur
820 2468 869 2498 hic
898 2477 962 2498 una
988 2477 1046 2498 vox

355 2521 524 2553 superesse,
542 2522 604 2542 una
618 2511 735 2542 deesse.
760 2510 933 2542 Redundat
955 2510 1048 2552 plane

356 2554 391 2584 «ὃ
411 2555 520 2593 pra-lio.
565 2553 598 2585 Si
622 2553 704 2585 enim
721 2553 764 2584 sic
788 2554 938 2595 legamus,
955 2564 1045 2583 nava-

355 2598 429 2627 libus
481 2598 698 2632 certaminibus,
750 2602 854 2627 neutro
897 2596 1044 2637 feliciter,

354 2639 469 2680 optime
484 2646 515 2672 et
530 2639 675 2671 facillime
698 2639 831 2681 suppleri
855 2644 967 2680 potest,
983 2649 1045 2670 cer-

356 2685 474 2713 tamine.
519 2683 562 2713 At
599 2692 657 2713 vox
691 2689 797 2713 uenero
833 2681 979 2723 postulat,
1014 2687 1048 2712 ut

356 2724 438 2766 prius
465 2726 546 2756 facta
571 2725 661 2756 fuerit
683 2725 812 2756 duorum
839 2724 1041 2755 certaminum

1093 1865 1201 1908 praelia
1219 1865 1312 1897 simul
1333 1871 1472 1908 pugnata
1493 1876 1511 1896 a
1532 1865 1676 1908 Philippo
1699 1872 1781 1899 sunt.

1093 1918 1189 1939 unum
1212 1919 1283 1939 cum
1305 1909 1424 1944 Attalo,
1448 1909 1577 1939 alterum
1600 1919 1669 1940 cum
1695 1909 1782 1940 Rho·

1094 1952 1162 1986 diis,
1180 1958 1214 1981 ut
1234 1957 1339 1981 narrat
1354 1952 1465 1993 Polyb.
1480 1952 1501 1981 l.
1517 1952 1610 1983 XVI.

1137 1995 1178 2025 65
1202 1995 1342 2025 :lntiocho
1354 1995 1449 2030 Suria*
1464 1995 1546 2036 rege]
1571 1995 1633 2025 Hic
1647 2002 1694 2026 est
1712 1995 1781 2026 An-

1092 2037 1212 2068 tiochus
1228 2031 1381 2078 Magnusj
1389 2038 1442 2079 qui
1454 2043 1562 2079 postea
1577 2038 1692 2068 bellum
1710 2049 1781 2069 cum

1093 2080 1247 2111 Romanis
1260 2080 1364 2121 gessit.

1135 2124 1177 2155 66
1215 2124 1380 2164 Ριυίειηιτὶ]
1447 2122 1674 2165 Philopatoris:
1732 2124 1783 2155 cui

1093 2173 1281 2197 successerat
1307 2167 1402 2203 filius,
1428 2167 1614 2197 Ptolemaeus
1644 2166 1781 2208 Epipha-

1093 2219 1158 2244 nes,
1194 2219 1270 2251 puer
1301 2209 1481 2246 admodum,
1510 2209 1549 2240 de
1581 2219 1643 2251 quo
1677 2220 1783 2252 supra,

1094 2263 1124 2284 c.
1139 2254 1170 2283 2.

1137 2296 1177 2326 67
1204 2295 1376 2337 [uitiorum]
1409 2295 1511 2332 Initia,
1541 2304 1596 2325 seu
1622 2294 1782 2326 Initiorum

1093 2349 1188 2373 sacra,
1213 2344 1295 2373 sunt,
1321 2345 1354 2368 ut
1377 2343 1488 2369 norunt
1514 2347 1631 2371 omnes,
1659 2339 1781 2369 Cereris

1091 2380 1248 2423 mysteria.
1268 2391 1337 2421 quae
1361 2390 1475 2422 magna
1498 2379 1647 2421 religione
1672 2381 1712 2411 ab
1734 2382 1780 2412 A·

1091 2423 1305 2454 theniensibus
1340 2422 1487 2455 Eleusine
1531 2422 1779 2458 celebrabantur,

1092 2467 1178 2497 nullo
1196 2466 1294 2507 magis
1309 2477 1403 2508 quam
1426 2465 1549 2497 silentio
1569 2464 1731 2502 sollennia,
1748 2473 1782 2498 ut

1093 2509 1136 2539 ait
1156 2509 1273 2541 Justin.
1288 2509 1309 2541 l.
1325 2509 1364 2539 V.
1411 2509 1514 2551 Hujus
1536 2508 1667 2539 nominis
1689 2508 1781 2550 orig-i-

1090 2561 1161 2582 nem
1186 2551 1255 2583 Cic.
1276 2552 1298 2583 l.
1320 2551 1368 2583 11.
1391 2551 1430 2583 de
1454 2553 1530 2592 Leg.
1547 2562 1578 2582 n.
1593 2552 1644 2582 36.
1668 2551 1779 2584 ducere

1092 2594 1213 2625 videtur
1240 2605 1277 2625 ex
1306 2605 1342 2626 eo
1371 2594 1453 2636 quod
1483 2594 1713 2625 celebrarentur
1739 2595 1779 2626 ob

1089 2639 1235 2677 principia
1263 2639 1340 2673 vieoe,
1371 2637 1539 2668 arationem
1572 2636 1728 2668 nimirum·
1749 2642 1781 2669 et

1090 2680 1240 2711 sationem
1257 2690 1408 2721 agrorum,
1427 2691 1445 2711 a
1461 2680 1570 2711 Cerere
1586 2679 1724 2711 inventa.

1128 2723 1169 2755 68
1185 2724 1202 2740 ⁶
1222 2723 1423 2763 Imprudentes
1459 2723 1622 2765 relig-ionis]
1683 2724 1777 2765 Igno-

355 2767 481 2799 mentio.
527 2768 661 2800 Videtur
687 2768 779 2810 igitur
807 2767 964 2810 scripsisse
992 2766 1042 2797 Li·
1086 2771 1189 2796 rantes
1211 2776 1355 2807 quaenam
1384 2771 1465 2797 esset
1487 2757 1596 2798 horum
1622 2775 1776 2799 sacrorum

355 2811 443 2841 vius:
490 2813 599 2841 duabus
638 2812 791 2842 mvalibus
825 2809 1041 2845 certaminibus,

356 2860 460 2884 neutro
464 2853 612 2894 seltener,
628 2857 702 2886 vires
715 2860 856 2895 arpertus.
890 2853 967 2884 Haec
983 2852 1044 2884 duo

1088 2808 1204 2850 religio.
