1947 3222
114 242 156 316 ἶν”.ῦ

168 242 207 317 φφ

219 244 239 316 n-Css

241 243 260 316 00⁹

113 807 261 857 AEmilius

113 857 232 898 castus.

115 899 259 936 erumpit.

265 242 294 317 :ut-⁶

283 237 386 278 .Et

328 132 402 171 478
859 125 1003 164 TITI
1043 125 1205 163 lell

416 235 682 292 praetoribus,
714 235 763 285 Q.
787 234 953 277 Petillio
979 243 1019 277 et
1053 236 1101 286 Q.
1126 235 1273 285 Fabio,
1303 235 1552 291 imperatum
1583 246 1660 287 est,
1693 246 1738 280 ut

327 292 521 334 Petillius
560 292 664 333 duas
703 291 884 357 legiones
923 292 1077 333 civium
1119 293 1402 333 Romanorum
1446 293 1741 335 tumultuarias

326 350 539 400 scriberet,
560 357 601 390 et
631 362 772 389 omnes
802 349 979 389 minores
1007 348 1314 412 quinquaginta
1340 349 1456 390 annis
1487 359 1741 392 sacramento

325 414 516 462 rogaret:
560 404 706 468 Fabio,
737 413 786 445 ut
817 404 934 445 sociis
965 404 1108 445 Latini
1137 420 1312 446 nominis
1342 406 1582 462 quindecim
1612 405 1743 450 millia

326 440 533 518 peditum,
554 461 814 516 octingentos
843 460 1005 515 equites
1025 461 1260 516 imperaret.
1321 463 1548 504 Duumviri
1578 463 1743 504 navales

327 520 453 560 creati
486 520 533 559 C.
557 518 770 559 Matienus
800 525 841 558 et
873 518 920 557 C.
955 516 1193 568 Lucretius,
1224 517 1471 583 ⁸⁷navesque
1505 519 1554 560 iis
1586 528 1743 561 ornatae

328 584 450 623 sunt;
485 574 773 629 Matienoque,
794 573 860 629 cuj
869 588 916 613 us
940 573 995 614 ad
1017 573 1228 615 Gallicum
1249 575 1385 616 sinum
1405 576 1618 631 provincia
1638 585 1742 627 erat,

326 632 577 688 imperatum
599 636 694 680 estg,
719 638 766 671 ut
793 629 964 671 classem
993 629 1128 686 primo
1158 646 1329 687 quoque
1357 639 1542 688 tempore
1572 633 1743 675 duceret

326 689 368 730 in
393 689 601 753 Ligurum
630 701 761 737 oram,
782 686 856 728 ⁸⁸si
878 702 964 743 quo
985 702 1079 728 usui
1107 702 1194 728 esse
1220 688 1271 729 L.
1295 687 1469 729 AEmilio
1497 697 1625 745 atque
1654 691 1745 746 ejus

327 744 529 786 exercitui
549 751 700 799 posset.

386 801 589 842 XXVII.
622 800 835 848 AEmilius‚
875 807 1098 856 postquam
1137 801 1241 842 nihil
1281 816 1459 857 usquam
1499 802 1645 844 auxilii
1683 818 1746 844 os-

328 857 593 907 tendebatur,
635 857 886 913 interceptos
926 857 1097 898 credens
1140 858 1316 914 equites,
1358 873 1440 899 non
1479 859 1592 900 ultra
1630 859 1747 901 diffe-

326 914 504 956 rendum
536 921 667 963 ratus,
701 929 803 969 qum
837 929 912 970 per
947 929 989 955 se
1024 914 1235 956 fortunam
1272 923 1466 965 tentaret,
1503 916 1748 972 priusquam

326 972 468 1014 hostes
496 971 700 1020 venirent,
723 986 797 1026 qul
812 971 901 1034 jam
923 971 1090 1026 segnius
1111 971 1411 1036 socordiusque
1432 947 1748 1036 obpugnabant,

314 1029 383 1075 rad
403 1036 587 1084 quatuor
606 1036 748 1083 portas
769 1006 998 1069 exercitum
1028 1027 1243 1078 instruxit,
1265 1037 1328 1078 ut,
1351 1043 1468 1084 slgno
1489 1029 1603 1079 dato,
1626 1029 1750 1071 simul

327 1102 380 1127 ex
411 1084 604 1126 omnibus
638 1084 830 1140 partibus
863 1084 1124 1140 eruptionem
1157 1084 1352 1127 facerent.
1413 1085 1651 1134 ⁸⁹Quatuor
1680 1102 1751 1128 ex-

328 1141 615 1184 traordinariis
643 1140 885 1182 cohortibus
914 1141 1021 1181 duas
1049 1141 1260 1197 adjunxit,
1288 1142 1514 1198 praeposito
1545 1143 1608 1183 Μ.
1632 1143 1752 1184 Vale-

329 1199 392 1240 rio
431 1198 592 1253 legato:
644 1211 862 1253 erumpere
901 1196 1270 1238 ⁹⁰extra0rdinaria
1309 1208 1431 1254 porta
1473 1199 1617 1255 jussit.
1653 1199 1749 1241 ⁹¹ad

330 1256 547 1297 dexteram
587 1253 859 1310 principalem
898 1253 1084 1295 hastatos
1121 1254 1294 1309 legionis
1333 1270 1478 1319 primae
1520 1256 1747 1305 instruxit;

330 1311 538 1368 principes
567 1326 619 1351 ex
650 1310 793 1351 eadem
824 1309 983 1366 legione
1013 1310 1056 1351 in
1084 1311 1280 1353 subsidiis
1309 1312 1474 1367 posuit.
1518 1313 1582 1354 M.
1616 1314 1752 1354 Servi-

332 1370 414 1410 lius
444 1377 485 1409 et
514 1369 560 1408 L
586 1367 810 1423 Sulpicius,
838 1346 997 1409 t1‘1buni
1026 1367 1224 1431 militum,
1253 1368 1319 1409 his
1348 1369 1574 1433 praepositi.
1647 1369 1753 1411 Ter-

333 1426 393 1468 tia
426 1425 535 1480 legio
570 1424 770 1465 adversus
804 1423 1089 1487 principalem
1112 1424 1319 1465 sinistram
1351 1434 1515 1481 portam
1549 1425 1754 1468 instructa

333 1491 408 1523 est.
439 1482 484 1523 id
505 1489 669 1522 tantum
691 1480 1168 1537 mutatum3pr1ncipes
1188 1481 1325 1538 primi,
1348 1490 1389 1523 et
1419 1481 1601 1524 hastati
1592 1498 1635 1524 m
1657 1484 1753 1524 sub-

335 1539 450 1580 sidiis
480 1537 626 1579 locati:
663 1538 758 1578 Sex.
781 1537 925 1578 Julius
957 1539 1098 1578 Caesar
1128 1546 1168 1580 et
1201 1539 1251 1579 L.
1275 1538 1476 1580 Aurelius
1509 1541 1649 1589 Cotta,
1680 1540 1753 1581 tri-

333 1596 438 1637 buni
478 1594 673 1643 militum,
715 1594 813 1635 huic
853 1594 1005 1650 legioni
1045 1594 1259 1651 praepositi
1300 1604 1409 1637 sunt.
1489 1597 1539 1646 Q.
1577 1596 1755 1638 Fulvius

337 1653 513 1694 Flaccus
543 1651 706 1707 legatus
735 1666 830 1692 cum
862 1651 1036 1693 dextera
1065 1651 1130 1693 ala
1161 1651 1254 1693 ⁹²ad
1289 1652 1557 1708 quaestoriam
1589 1662 1754 1709 portam

861 1753 878 1779 g
893 1757 932 1780 est
947 1749 1007 1782 del.
1025 1750 1121 1782 Gron.
1138 1751 1230 1783 Crev.

337 1855 397 1884 rias
433 1852 473 1883 de
509 1851 621 1893 quibus
649 1862 720 1883 mox
747 1856 855 1892 agetur
890 1852 1023 1893 legiones,

338 1895 371 1926 id
385 1901 443 1931 est,
456 1895 591 1936 legiones
606 1895 644 1925 ob
668 1895 835 1925 instantem
858 1895 1024 1925 tumultum

339 1938 450 1980 raptim
473 1937 613 1979 scriptas,
639 1948 701 1968 non
726 1936 814 1968 solito
840 1937 946 1968 ordine
972 1942 1026 1967 aut

339 1991 425 2016 cura,
456 1980 511 2011 sed
539 1991 577 2011 ex
605 1980 687 2011 omni
724 1989 834 2021 genere
867 1980 1026 2010 hominum

341 2024 426 2055 nullo
440 2022 626 2055 discrimine.

383 2067 423 2097 87
448 2066 597 2106 Navesque
626 2067 660 2096 it*
695 2072 805 2096 orrwtoe
832 2073 918 2096 sunt.-
957 2065 1025 2096 Μα-

341 2110 481 2150 ῑίεηοιμιε,
525 2110 612 2146 cqjus
654 2110 692 2139 ad
738 2108 889 2139 Gallicum
931 2110 1028 2139 sinum

339 2154 490 2191 provincia
541 2158 614 2186 erat,
668 2152 857 2193 imperatum]
918 2151 1029 2182 Omnis

342 2195 455 2236 scripta
475 2194 575 2229 lectio,
601 2205 738 2234 navesque
761 2196 795 2224 iis
817 2201 930 2225 ornutoe
949 2201 1028 2230 sunt,

342 2239 481 2278 cujusque
515 2239 553 2267 ud
591 2236 741 2266 Gallicum
776 2239 873 2267 sinum
911 2239 1028 2277 provin-

342 2282 390 2311 cia
437 2285 511 2315 erat,
566 2280 755 2318 imperatum:
812 2279 906 2321 idque
957 2290 1029 2321 pro-

343 2324 417 2354 bum
446 2333 513 2354 esse
542 2321 700 2353 contendit
728 2322 912 2354 Gronovius.
969 2324 1029 2353 Cu-

334 2368 445 2405 jusque
488 2374 597 2406 nempe
633 2364 690 2395 erit
727 2376 780 2406 pro
816 2367 897 2406 eique
933 2367 1028 2404 cnjus.

346 2408 440 2446 Quod
454 2407 599 2449 loquendi
616 2417 712 2449 genus
727 2407 886 2448 antiquum
910 2412 941 2438 et
956 2408 1029 2438 doc-

345 2457 411 2481 tum
425 2460 490 2481 esse
504 2450 614 2492 probat
637 2450 740 2481 allatis
755 2460 772 2481 e
790 2451 901 2481 Plauto
924 2459 955 2481 et
979 2451 1030 2481 Li-

345 2493 394 2524 vio
410 2494 475 2535 ipso
489 2493 648 2534 exemplis.
696 2493 774 2524 Vide
796 2493 906 2534 ipsum.
954 2493 1031 2524 vul-

346 2542 419 2577 gata
456 2536 546 2566 lectio
575 2540 621 2565 est
649 2546 667 2565 a
700 2535 850 2570 Gelenio;
889 2541 930 2569 et,
960 2536 1033 2576 quia

347 2578 566 2621 perspicuitate
602 2577 705 2613 vincit,
736 2589 755 2609 a
790 2578 877 2609 nobis
914 2584 1032 2610 retenta

348 2628 404 2652 est.

392 2665 432 2694 88
456 2664 487 2694 Si
502 2675 556 2704 qno
570 2662 654 2703 usui]
686 2662 718 2693 Si
734 2668 835 2704 posset
852 2664 887 2694 L.
905 2663 1032 2694 zEmilio

350 2707 417 2737 usui
434 2717 500 2737 esse
517 2706 629 2747 aliquo,
646 2705 691 2735 vel
709 2705 747 2735 ad
765 2705 891 2745 aliquid.

393 2751 433 2780 89
465 2750 599 2783 Quarum·
634 2750 872 2779 extraordinariis
908 2749 1030 2778 cohorti-

350 2793 400 2821 bus
427 2793 500 2822 dnus
526 2791 677 2831 adiunxit]
715 2792 764 2821 De
787 2790 1033 2821 extraordinariis

350 2834 524 2864 cohortibus
551 2834 612 2864 vid.
640 2839 703 2864 not.
728 2833 767 2864 ad
790 2833 813 2864 l.
834 2834 976 2864 xxvll.
1005 2845 1032 2864 c.

355 2877 402 2907 12.
419 2883 447 2908 et
467 2878 593 2908 observa
613 2877 736 2918 insuper
759 2886 795 2907 ex
819 2876 955 2907 hocloco
971 2875 1030 2906 dis-

1067 1862 1135 1882 cere
1159 1862 1214 1883 nos
1235 1862 1335 1894 posse,
1357 1851 1614 1884 extraordinarios
1635 1853 1754 1895 pedites

1067 1905 1104 1926 ex
1130 1905 1315 1936 unaquaque
1341 1895 1391 1926 ala
1413 1895 1593 1938 desumptus
1620 1896 1653 1926 iu
1676 1896 1755 1927 duas

1069 1937 1208 1969 cohortes
1230 1938 1343 1969 divisos
1365 1938 1476 1970 fuisse:
1500 1949 1607 1979 quum
1611 1938 1680 1969 duae
1696 1939 1754 1970 alae

1070 1980 1144 2011 dent
1167 1980 1199 2011 in
1220 1981 1278 2012 hoc
1301 1981 1438 2012 exercitu
1460 1987 1592 2023 quatuor
1617 1981 1757 2012 cohortes

1070 2022 1338 2055 extraordinarias.
1398 2023 1481 2054 Duas
1517 2026 1672 2064 adjunxit:
1711 2024 1757 2055 in-

1071 2066 1176 2107 tellige
1205 2067 1307 2098 alares
1333 2066 1484 2103 cohortes,
1511 2073 1543 2098 et
1548 2036 1692 2108 Jquidem
1717 2067 1757 2097 si-

1073 2109 1173 2139 nistrae
1190 2109 1258 2140 alae.
1304 2110 1425 2141 Dextra
1439 2109 1522 2140 enim
1538 2110 1599 2145 ala,
1614 2115 1645 2141 et
1667 2109 1757 2151 quid-

1072 2151 1147 2193 quid
1163 2157 1208 2183 est
1231 2152 1262 2182 in
1277 2151 1460 2193 legionibus,
1477 2153 1550 2184 alibi
1573 2157 1757 2194 occupatum

1073 2200 1151 2231 erat,
1167 2200 1202 2225 ut
1216 2200 1300 2237 patet
1323 2205 1360 2226 ex
1384 2195 1420 2225 iis
1442 2206 1511 2237 quae
1535 2196 1615 2226 infra
1631 2205 1758 2226 narran-

1073 2244 1132 2268 tur.
1189 2238 1335 2269 Ceterum
1365 2244 1447 2269 recte
1473 2240 1614 2269 observat
1638 2239 1758 2269 Grono-

1073 2280 1140 2311 vius
1163 2281 1246 2311 hiare
1268 2280 1412 2311 indecore
1435 2280 1614 2317 orationem,
1635 2280 1757 2311 melius-

1073 2333 1133 2364 que
1157 2329 1303 2354 structam
1335 2323 1408 2359 fore,
1435 2323 1460 2354 si
1487 2324 1587 2364 legas:
1625 2323 1761 2357 Quarum·

1073 2368 1320 2396 euram-dinarius
1331 2367 1466 2401 cohortes,
1475 2368 1587 2396 duabus
1600 2367 1760 2405 adjunctis.

1071 2410 1226 2448 praeposito
1256 2408 1299 2439 M.
1336 2409 1448 2439 Valerio
1476 2409 1580 2450 lega-¹0,
1609 2420 1760 2449 erumpere

1074 2453 1306 2482 artraordinaria
1321 2458 1404 2491 porta
1412 2452 1514 2490 jussit.

1117 2495 1158 2525 90
1185 2494 1427 2525 Futraordinaria
1469 2494 1568 2534 porta]
1618 2493 1656 2523 Id
1701 2499 1758 2528 est.

1076 2543 1164 2578 porta
1192 2537 1342 2578 praetoria,
1368 2546 1437 2577 quae
1464 2535 1533 2566 ideo
1560 2538 1759 2567 extraordina-

1075 2582 1122 2609 ria
1144 2589 1264 2620 quoque
1288 2579 1370 2610 dicta
1392 2584 1449 2612 est,
1475 2578 1558 2619 quod
1581 2579 1672 2620 juxta
1692 2589 1761 2610 eam

1076 2621 1194 2663 pedites
1223 2622 1401 2663 equitesque
1433 2621 1664 2652 extraordinarii
1693 2627 1760 2652 ten-

1077 2664 1192 2695 derunt.

1118 2708 1155 2737 91
1184 2707 1230 2737 Ad
1261 2709 1404 2737 <Interam
1439 2707 1645 2747 principalem]
1685 2705 1761 2737 Yid.

1076 2755 1138 2779 not.
1157 2751 1208 2780 15.
1224 2749 1382 2781 adl.111.
1399 2760 1426 2780 c·
1442 2752 1472 2781 5.

1117 2793 1157 2823 92
1181 2793 1227 2823 Ad
1264 2795 1444 2832 quursturiuin
1477 2792 1605 2833 partam]
1653 2792 1759 2822 Decu-

1076 2844 1210 2907 'naqa-am·
1258 2835 1327 2866 Vid.
1352 2836 1480 2867 1101.67.
1505 2835 1544 2866 ad
1569 2835 1589 2867 l.
1605 2834 1761 2865 xxxlv.

1077 2888 1104 2907 c.
1146 2889 1169 2908 ι.
