1947 3222
390 131 470 165 380
926 125 1065 165 ΤῘΤΙ
1111 125 1281 165 LIVII

176 261 218 292 U
231 260 268 289 c
281 257 356 288 655
387 236 614 286 tetendisse,
641 241 684 277 ut
714 249 800 277 eam
822 247 965 288 pacem
994 235 1189 285 turbaret,
1213 241 1253 277 et
1279 234 1532 285 Antiochum,
1558 237 1595 277 si
1623 237 1688 278 sui
1710 244 1807 291 pot-

174 303 215 334 A.
230 303 268 334 C
283 305 354 335 187.
388 299 550 334 estatem
564 294 749 348 fecisset,
774 293 938 334 insidiis
967 294 1188 346 exciperet:
1217 294 1288 334 sed
1315 294 1441 344 illum,
1462 295 1623 348 cognita
1642 294 1808 348 fraude

385 351 571 401 consulis,
593 365 709 405 quum
737 364 844 403 saepe
862 350 1083 403 conloquiis
1102 350 1246 403 petitis
1273 357 1460 404 captatus
1479 357 1590 399 esset,
1613 365 1693 391 non
1713 366 1804 393 con-

380 422 556 461 gressum
581 409 711 458 modo,
731 409 802 449 sed
828 413 1072 460 conspectum
1094 408 1214 447 etiam
1235 406 1317 460 ejus
1345 409 1504 449 vitasse.
1567 409 1803 462 Cupientem

384 466 561 506 transire
587 465 764 505 Taurum
785 478 894 517 oegre
916 464 1088 503 omnium
1118 464 1342 517 legatorum
1371 466 1565 517 precibus,
1589 480 1639 507 ne
1658 467 1809 507 carmi-·

385 522 502 563 nibus
520 522 685 578 Sibyllae
703 522 947 574 praedictam
966 520 1247 574 superantibus
1267 523 1456 563 terminos
1467 523 1631 577 fatales
1651 524 1806 565 cladem

385 580 568 632 experiri
587 580 716 626 vellet,
737 584 946 618 retentum.
979 579 1197 619 admovisse
1216 585 1350 618 tamen
1370 581 1595 627 exercitum,
1618 587 1657 621 et
1671 595 1804 634 prope

384 637 486 689 ipsis
491 636 609 690 jugis
628 635 725 675 ⁵⁶ad
743 636 924 676 divortia
943 649 1140 689 aquarum
1160 641 1295 675 castra
1309 636 1501 688 posuisse.
1564 637 1694 686 Quum
1717 640 1805 679 nul-

382 695 463 734 lam
485 693 544 733 ibi
568 706 747 733 caussam
776 692 873 733 belli
902 692 1143 743 invenirent,
1165 693 1451 746 quiescentibus
1479 695 1616 748 regiis,
1638 696 1802 736 circum-

382 752 507 804 egisse
536 752 751 790 exercitum
780 751 838 790 ad
859 748 1155 804 Gallograecos:
1186 750 1252 790 cui
1280 751 1444 790 nationi
1472 764 1552 790 non
1576 767 1625 791 ex
1643 759 1803 793 senatus

382 808 638 857 auctoritate,
661 821 741 847 non
759 808 908 860 populi
922 805 1057 861 jussu,
1077 807 1218 847 bellum
1238 807 1422 849 inlatum.
1453 809 1561 861 quod
1588 823 1699 862 quem
1718 823 1803 850 um-

382 879 501 918 quam
534 866 583 905 de
616 879 689 905 sua
723 865 924 905 sententia
947 865 1097 919 facere
1131 867 1298 905 ausum?
1349 865 1555 914 Antiochi,
1593 866 1800 919 Philippi,

382 922 642 963 Hannibalis
657 928 695 963 et
711 923 929 963 Poenorum
949 922 1221 962 recentissima
1243 921 1347 962 bella
1363 937 1456 963 esse.
1478 924 1527 963 de
1541 923 1719 964 omnibus
1737 924 1803 965 lzis

380 980 596 1021 consultum
616 986 810 1028 senatum,
830 980 1019 1033 populum
1026 978 1209 1033 jussisse.
1239 993 1344 1032 sape
1363 981 1516 1033 legatos
1535 986 1631 1021 ante
1650 982 1800 1030 missos,

380 1051 445 1078 res
473 1038 681 1090 repetitas,
710 1043 922 1090 postremo,
949 1037 1018 1090 qui
1048 1037 1189 1077 bellum
1221 1037 1456 1087 indicerent,
1479 1038 1626 1078 missos.
1691 1037 1806 1086 Quid

381 1109 527 1143 eorum,
554 1094 626 1135 Cn.
648 1095 807 1143 Manli,
822 1094 988 1147 factum
1018 1099 1088 1142 est,
1111 1100 1154 1133 ut
1185 1094 1295 1134 istud
1315 1094 1518 1146 publicum
1541 1096 1691 1148 populi
1717 1096 1801 1136 Ro-

382 1152 495 1192 mani
527 1151 684 1202 bellum,
713 1157 752 1191 et
782 1165 863 1190 non
897 1157 1005 1191 tuum
1031 1151 1243 1204 privatum
1273 1151 1528 1191 latrocinium
1560 1153 1798 1194 ducamuse?

381 1210 440 1250 At
461 1223 507 1249 eo
527 1210 614 1262 ipso
635 1215 840 1249 contentus
853 1207 1009 1262 suisti;
1040 1214 1148 1249 recto
1169 1208 1316 1248 itinere
1336 1209 1490 1249 duoeisti
1509 1210 1723 1250 exercitum
1743 1211 1803 1250 ad

381 1280 458 1316 eos,
480 1280 575 1320 qnos
594 1266 673 1307 tibi
691 1267 821 1307 hostes
840 1266 1103 1306 desumseras:
1127 1278 1179 1304 an
1201 1270 1239 1305 et
1253 1279 1332 1317 per
1351 1280 1481 1306 omnes
1500 1266 1721 1321 amfractus
1740 1268 1802 1308 vi-

379 1338 510 1373 arum,
532 1337 652 1378 quum
673 1324 728 1363 ad
748 1323 857 1363 bivia
879 1323 1124 1373 consisteres,
1146 1328 1203 1371 ut,
1226 1323 1496 1378 quofleoeisset
1516 1337 1657 1377 agmen
1678 1324 1801 1364 Atta-

377 1382 440 1422 lus
458 1382 654 1422 Eumenis
664 1380 826 1435 frater,
849 1394 895 1419 eo
913 1379 1089 1420 ⁵⁷c0nsul
1117 1381 1384 1420 mercenarius
1413 1394 1496 1420 cum
1518 1381 1694 1422 eoeercitu
1714 1381 1802 1421 Ro-

377 1453 496 1479 mano
523 1439 757 1492 sequereris,
786 1438 975 1486 Pisidia’,
1004 1437 1315 1491 Lycaonicequc,
1337 1444 1375 1477 et
1405 1438 1601 1492 Phrygiae
1629 1452 1804 1479 recessus

378 1510 511 1536 omnes
530 1503 651 1550 atque
671 1496 841 1549 angulos
860 1495 1111 1548 peragrasti,
1133 1495 1275 1547 stipem
1296 1508 1322 1533 a
1343 1495 1527 1549 tyrannis
1545 1496 1798 1536 castellanis-

379 1567 455 1607 que
481 1554 607 1594 deviis
637 1553 858 1606 colligens?
915 1552 1028 1600 Quid
1055 1552 1157 1592 enim
1188 1551 1264 1591 tihi
1290 1550 1411 1592 ⁵⁸cum
1438 1552 1669 1593 Oroandis?
1701 1554 1802 1606 quid

378 1625 462 1651 cum
483 1612 583 1651 aliis
601 1624 713 1664 a‘que
743 1610 924 1650 innoxiis
944 1610 1139 1662 papulis?
1185 1609 1344 1649 Bellum
1365 1616 1495 1649 autem
1526 1610 1666 1662 ipsum,
1688 1624 1800 1664 ciyus

378 1669 537 1708 nomine
557 1667 799 1720 triumphum
815 1667 938 1720 petis,
962 1681 1038 1720 quo
1058 1666 1171 1706 modo
1186 1667 1377 1719 gessisti?
1417 1667 1528 1707 Loco
1554 1681 1682 1720 (equo,
1702 1673 1797 1708 tem-

368 1739 475 1778 pore
494 1732 562 1766 tuo
576 1725 805 1779 pugnasti?
855 1725 918 1764 Tu
937 1738 1030 1764 vero
1051 1730 1168 1772 recte,
1189 1729 1232 1762 ut
1259 1723 1357 1763 Diis
1376 1724 1655 1765 inmortalibus
1673 1725 1796 1766 honos

375 1783 587 1832 habeatur,
603 1783 804 1835 postulas.-
827 1782 1022 1834 primum,
1045 1781 1152 1834 quod
1172 1794 1254 1832 pro
1273 1781 1499 1820 temeritate
1520 1781 1791 1834 imperatoris,

374 1838 408 1863 ⁵⁹
421 1841 530 1880 nullo
545 1839 646 1893 jure
661 1839 842 1893 gentium
863 1837 1005 1878 bellum
1027 1838 1252 1892 inferentis,
1267 1851 1413 1890 peenas
1441 1839 1551 1878 luere
1580 1839 1796 1879 exercitum

374 1897 607 1937 noluerunt.-
639 1896 797 1946 deinde,
820 1896 927 1950 quod
945 1894 1109 1943 belluas,
1130 1908 1209 1934 non
1230 1895 1373 1943 hostes,
1395 1894 1509 1936 nobis
1528 1894 1764 1949 objecerunt.

432 1954 604 1994 XLVI.
633 1952 842 1993 ⁶⁰N0lite‘
872 1966 1012 1992 nomen
1046 1958 1201 1992 tantum
1242 1953 1476 1993 existimare
1513 1954 1678 1993 mixtum
1712 1967 1794 1994 esse

377 2010 736 2065 Gallogrcecorum.
767 2011 890 2050 multo
910 2016 1006 2050 ante
1026 2016 1064 2050 et
1083 2023 1254 2062 corpora
1276 2016 1314 2050 et
1335 2010 1465 2050 animi
1494 2010 1612 2050 mixti
1630 2025 1679 2050 ac
1699 2011 1794 2052 viti-

372 2070 438 2109 ati
465 2074 570 2108 sunt.
630 2068 712 2117 Au,
740 2068 777 2109 si
806 2068 872 2108 illi
904 2065 1025 2108 Galli
1053 2073 1194 2116 essent,
1215 2081 1299 2107 cum
1329 2067 1469 2121 quihus
1503 2068 1648 2108 millies
1677 2068 1794 2108 vario

373 2132 514 2166 eventu
544 2126 587 2165 in
608 2126 740 2166 Italia
764 2130 990 2179 pugnatum
1012 2131 1080 2172 est,
1104 2130 1293 2178 quantum
1315 2125 1359 2164 in
1387 2125 1632 2178 imperatore
1659 2131 1793 2165 nostro

355 2182 466 2237 suit,
498 2183 665 2223 nuncius
695 2183 811 2222 illinc
839 2183 1036 2222 redisset?
1072 2180 1150 2222 Bis
1179 2196 1264 2222 cum
1295 2183 1348 2222 iis
1372 2187 1599 2236 pugnatum
1630 2188 1700 2231 est,
1731 2180 1793 2222 bis

372 2241 458 2280 loco
493 2240 634 2293 iniquo
667 2239 803 2288 subiit,
842 2240 885 2280 in
920 2240 1026 2280 valle
1060 2239 1257 2293 inferiore
1284 2239 1456 2292 pedibus
1483 2252 1589 2292 pene
1622 2237 1792 2280 hostium

706 2330 721 2347 θ
735 2328 867 2357 dicamus
882 2327 980 2358 Gron.
998 2327 1088 2358 Crev.
1217 2322 1232 2347 s
1246 2326 1346 2356 Nolito
1363 2326 1462 2358 Gron.

415 2414 457 2444 56
481 2413 527 2442 Ad
556 2413 681 2442 divortia
711 2412 872 2453 aquarum]
919 2410 1061 2442 Divortia
1103 2422 1208 2442 senses
1237 2411 1446 2453 implorarent,
1472 2413 1539 2450 ipse,
1564 2409 1664 2451 inquit
1694 2410 1791 2452 Poly-

375 2466 536 2497 aquarum,
571 2455 672 2495 inquit
706 2456 878 2491 Turnebus,
914 2455 935 2485 l.
967 2455 1062 2485 xlv.
1103 2455 1182 2490 bius,
1207 2456 1280 2484 hanc
1305 2457 1358 2485 sibi
1383 2453 1483 2495 offerri
1510 2465 1529 2484 a
1555 2454 1677 2493 propitio
1700 2454 1790 2484 Aler-

377 2499 508 2530 Advers.
529 2508 556 2528 c.
578 2499 624 2527 ll.
644 2498 721 2538 juga
745 2504 827 2534 sunt,
852 2497 934 2528 unde
955 2497 985 2527 in
1013 2497 1059 2527 ‹li-
1101 2500 1184 2528 curio
1215 2499 1343 2537 pradum
1376 2503 1493 2536 putans,
1522 2497 1600 2527 illico
1637 2497 1668 2526 in
1701 2496 1791 2526 Pam·

376 2553 463 2573 versa
479 2551 566 2582 aquae
582 2545 613 2571 et
635 2542 776 2572 arlo-stes
798 2546 827 2572 et
851 2551 999 2582 perennes
1013 2540 1059 2571 di·
1100 2541 1323 2581 phyliamsteait
1339 2541 1404 2570 iter.

375 2590 507 2615 vertunt.
1146 2585 1186 2613 58
1213 2584 1287 2612 Cum
1307 2582 1464 2623 Oroandis]
1491 2581 1564 2613 Vid.
1588 2586 1651 2613 not.
1672 2582 1726 2613 27.
1749 2581 1789 2612 ad

417 2629 457 2658 57
484 2628 591 2658 Consul
626 2628 820 2657 mercenarius
847 2647 856 2655 .
879 2647 888 2655 .
915 2627 1012 2664 ·εῐμοηι
1041 2638 1059 2655 a
1103 2627 1198 2656 c.37.
1213 2636 1315 2666 supra.

375 2673 510 2710 'mannis
536 2692 545 2701 .
568 2691 577 2700 .
602 2670 687 2699 cuma
669 2670 753 2710 rsen]
800 2669 872 2699 Non
910 2667 1059 2698 immerito
1145 2670 1215 2699 59*
1231 2668 1319 2697 Nullo
1338 2669 1413 2706 jure
1435 2668 1586 2709 gentium]
1620 2667 1693 2698 Sine
1722 2667 1788 2698 ulla

373 2714 526 2754 objectam
548 2723 613 2743 esse
639 2713 759 2743 Manlio
786 2710 946 2742 avaritiam
968 2711 1060 2741 docet
1102 2721 1138 2741 ex
1155 2711 1191 2740 iis
1204 2710 1277 2740 belli
1296 2710 1396 2740 causis
1409 2721 1478 2751 quae
1498 2711 1566 2752 jure
1587 2710 1725 2752 gentium
1741 2710 1782 2741 le-

374 2757 524 2797 ]ὀ1)ὶ)ἰιιε
558 2767 619 2786 uno
651 2756 786 2790 verbulo,
815 2753 897 2796 quod
932 2754 962 2783 in
995 2754 1054 2783 Fx-
1100 2753 1395 2792 gitimaehnbentur.

372 2806 466 2840 ‹upt-
485 2800 561 2839 Leg.
575 2800 627 2829 31.
651 2799 808 2841 reperitur.
853 2797 936 2827 Nun
959 2807 1054 2837 quum
1141 2797 1182 2826 60
1210 2796 1320 2837 Nolite]
1362 2796 1512 2827 Mundum
1549 2796 1598 2826 hic
1629 2795 1786 2828 insederat

375 2841 581 2876 Isiondenses.
608 2841 645 2871 de
676 2842 788 2882 quibus
818 2839 921 2870 livius
951 2849 978 2868 e.
1010 2840 1055 2869 Ι).
1101 2839 1317 2871 (holloviands
1333 2839 1500 2872 editiones:
1524 2840 1620 2871 nolim.

374 2896 475 2927 3,upra
500 2884 646 2917 auxilium
670 2895 736 2925 ejus
759 2884 904 2916 adversus
925 2881 1052 2914 ''lehnis-
