1947 3222
177 271 207 303 U
215 291 224 302 0
232 269 270 302 CC
281 271 354 302 573.

174 314 218 344 Λ.
232 316 267 344 C.
278 314 356 346 179.

173 355 339 398 Philippus

172 408 258 429 semo
272 405 303 430 et

175 450 306 473 moerore

173 483 340 517 confectus.

176 943 362 986 Antigonus,

175 997 255 1017 'unus
268 997 306 1018 ex

175 1030 313 1072 Philippi

175 1082 282 1104 amicis
295 1084 342 1104 rn-

173 1121 343 1159 corruptuS.

392 157 465 191 504
911 151 1060 190 ΤΙΤΙ
1107 149 1290 188 LIVII

443 260 561 302 LIV.
594 259 756 302 Eodem
790 274 898 302 anno
928 259 1151 315 Philippus
1181 274 1256 300 rex
1291 256 1587 307 Macedonum,
1608 257 1721 298 senio
1751 265 1792 300 et

386 332 561 359 moerore
592 325 834 359 consumtus
867 324 960 373 post
991 324 1165 356 mortem
1195 315 1284 366 filii,
1317 313 1503 356 decessit.
1563 314 1796 356 Demetria-

386 373 439 415 de
467 373 728 423 hibernabat,
753 389 887 430 quum
917 372 1122 413 desiderio
1151 372 1299 413 anxius
1327 372 1417 421 filii,
1440 379 1531 412 tum
1559 366 1795 426 ³poei1iten-

387 430 447 472 tia
465 430 722 472 crudelitatis
743 445 844 471 suae.
874 429 1117 470 stimulabat
1143 428 1327 469 animum
1348 437 1389 469 et
1410 427 1514 468 alter
1533 427 1660 477 filius,
1680 426 1796 468 haud

385 487 515 529 dubie
543 495 584 529 et
615 502 690 528 sua
719 495 761 527 et
790 486 967 526 aliorum
997 484 1188 540 opinione
1218 500 1306 534 rex,
1328 483 1598 539 conversique
1627 484 1671 524 in
1700 498 1796 524 eum

386 543 572 585 omnium
605 543 729 593 oculi,
767 551 806 583 et
841 542 1044 583 destituta
1079 549 1292 588 senectus3
1335 540 1424 582 aliis
1458 540 1796 596 exspectantibus

386 615 503 642 suam
547 608 737 649 mortem,
777 598 895 639 ⁴‘aliis
934 613 987 639 ne
1032 597 1374 653 exspectantibus
1409 597 1592 652 quidem.
1670 596 1798 646 ⁵Quo

385 657 517 712 magis
551 656 798 711 angebatur,
829 664 870 697 et
905 670 1000 695 cum
1036 670 1084 695 eo
1117 653 1360 709 Antigonus
1394 654 1636 695 Echecratis
1670 653 1795 703 filius,

385 728 534 754 nomen
565 712 707 769 patrui
743 711 949 767 Antigoni
982 711 1131 761 ferens,
1163 710 1237 765 qui
1272 718 1389 752 tutor
1425 709 1610 766 Philippi
1644 710 1797 760 fuerat,

385 769 540 825 ⁶regiae
569 768 633 810 vir
664 769 907 825 majestatis,
935 767 1091 809 “nobifi
1121 766 1244 808 etiam
1277 782 1422 823 pugna
1450 766 1649 806 adversus
1681 767 1799 807 Cleo-

386 840 546 867 menem
583 825 949 868 Lacedaemonium
984 825 1131 866 clarus.
1194 824 1400 865 Tutorem
1435 837 1531 863 eum
1567 823 1719 873 Graeci,
1751 831 1799 864 ut

386 882 629 939 cognomine
676 898 701 923 a
748 882 895 924 ceteris
943 881 1113 938 regibus
1158 880 1478 936 distinguerent,
1521 878 1797 935 adpellarunt.

389 940 534 996 Hujus
560 940 702 981 fratris
731 939 842 980 filius
864 938 1105 994 Antigonus
1125 952 1177 978 ex
1206 937 1420 978 honoratis
1441 935 1629 992 Philippi
1659 935 1800 976 amicis

388 1011 498 1038 unus
534 997 804 1053 incorruptus
849 1003 1155 1051 permanserat:
1201 993 1352 1049 ⁸eique
1398 1009 1447 1034 ea
1485 993 1602 1043 fides,
1643 1007 1798 1048 nequa-

387 1069 516 1110 quam
543 1054 723 1095 amicum
746 1052 910 1102 Persea,
931 1051 1259 1093 inimicissimum
1279 1051 1444 1091 fecerat.
1477 1049 1526 1100 is,
1547 1049 1800 1105 prospiciens

387 1110 540 1161 animo,
571 1118 730 1166 quanto
761 1124 857 1150 cum
888 1108 1074 1165 periculo
1108 1123 1183 1148 suo
1216 1107 1438 1148 haereditas
1471 1106 1590 1162 regni
1623 1114 1801 1147 ventura

386 1175 492 1208 esset
527 1166 582 1208 ad
617 1168 782 1215 Persea,
813 1174 862 1207 ut
896 1165 1079 1220 primum
1114 1164 1253 1205 labare
1289 1164 1473 1204 animum
1507 1162 1632 1218 regis,
1661 1171 1703 1204 et
1737 1162 1800 1204 in—

386 1223 609 1278 gemiscere
644 1222 854 1263 interdum
893 1221 966 1263 filii
1003 1220 1206 1262 desiderio
1242 1220 1392 1268 sensit,
1429 1235 1541 1261 nunc
1575 1219 1801 1275 praebendo

386 1295 522 1331 aures,
553 1295 663 1321 nunc
697 1278 934 1320 lacessendo
962 1277 1088 1319 etiam
1122 1277 1372 1318 mentionem
1401 1277 1461 1317 rei
1496 1285 1650 1317 temere
1679 1285 1798 1326 actae,

387 1351 497 1393 saepe
526 1335 718 1393 querenti
748 1350 926 1391 querens
955 1342 997 1376 et
1027 1335 1115 1397 ipse
1146 1334 1301 1375 aderat.
1332 1341 1389 1383 et,
1411 1348 1544 1388 quum
1574 1332 1709 1374 multa
1728 1333 1801 1373 ad-

387 1393 515 1435 soleat
535 1393 687 1435 veritas
707 1392 894 1448 praebere
916 1392 1091 1447 vestigia
1118 1390 1197 1441 sui,
1217 1390 1330 1431 omni
1350 1405 1428 1446 ope
1449 1389 1692 1445 adjuvabat,
1714 1405 1799 1445 quo

387 1451 594 1492 maturius
613 1450 753 1491 omnia
771 1456 1021 1490 emanarent.
1080 1447 1296 1504 ⁹Suspecti
1322 1455 1364 1488 et
1393 1445 1570 1487 ministri
1590 1445 1799 1494 facinoris,

387 1507 561 1563 Apelles
600 1507 779 1548 maxime
818 1513 860 1547 et
897 1503 1117 1555 Philocles,
1158 1512 1300 1552 erant;
1343 1503 1417 1560 qui
1455 1503 1634 1543 Romam
1673 1502 1800 1557 legati

387 1563 570 1615 fuerant,
590 1564 816 1618 literasque
835 1561 1023 1603 exitiales
1044 1561 1261 1602 Demetrio
1282 1560 1360 1602 sub
1389 1560 1554 1601 nomine
1576 1557 1799 1600 Flaminini

388 1619 640 1663 adtulerant.

447 1678 540 1719 LV.
571 1678 716 1719 Falsas
735 1693 836 1728 esse,
857 1688 900 1718 et
919 1692 944 1717 a
965 1676 1100 1718 scriba
1118 1675 1299 1724 vitiatas,
1322 1674 1572 1729 signumque
1602 1671 1802 1714 adulteri-

389 1749 504 1784 num,
526 1735 655 1790 vulgo
683 1735 728 1775 in
756 1734 872 1797 regia
905 1733 1150 1774 fremebant.
1211 1732 1424 1780 Ceterum,
1447 1745 1581 1786 quum
1611 1737 1802 1785 suspecta

387 1791 536 1846 magis,
557 1806 686 1848 quam
714 1791 946 1840 manifesta,
969 1797 1074 1830 esset
1104 1803 1183 1838 res,
1205 1787 1313 1829 forte
1334 1787 1366 1811 ¹⁰
1376 1787 1556 1842 Xychus
1585 1787 1734 1827 obvius
1755 1785 1802 1827 fit

431 1881 452 1911 3
476 1880 656 1910 Poenitentia
688 1881 870 1911 crudelitatis
897 1890 969 1909 sucre.
1012 1879 1072 1908 Sci-

389 1923 519 1953 mutabat
541 1924 687 1964 animam]
713 1922 834 1954 Habuit
855 1927 943 1953 vetus
962 1921 1070 1952 lectio:

387 1967 557 2005 poerzitentia
592 1967 775 1996 crudelitatis
815 1975 885 2001 saw,
922 1975 986 2005 qua>
1021 1966 1072 1994 sti-

388 2009 519 2039 mulabat
533 2010 674 2039 animum.
718 2009 834 2039 Vocem
851 2019 916 2048 qaoe
932 2006 1074 2047 Sigonius

389 2061 532 2082 assensus
557 2051 729 2083 Florebello
752 2050 884 2082 delevit:
924 2050 1075 2082 Gruterus

389 2099 489 2126 mutat
499 2094 530 2125 in
545 2096 626 2135 quin.

433 2137 452 2167 4
466 2139 484 2157 *¹
499 2138 574 2168 Aliis
613 2148 648 2168 ne
683 2137 907 2175 exspectantibus
941 2135 1071 2176 quidem]

388 2179 451 2210 Sed
472 2190 575 2211 senem
590 2179 813 2216 deserentibus,
827 2184 859 2210 et
877 2179 984 2221 juveni
1003 2189 1074 2209 mox

390 2228 553 2263 regnaturo
567 2222 658 2254 unice
673 2222 795 2253 deditis.

433 2267 482 2296 5*
496 2266 560 2300 Quo
582 2265 820 2311 magisJAtque
841 2274 877 2295 eo
900 2263 998 2306 magis
1021 2274 1074 2294 an-

390 2308 536 2349 gebatur:
573 2314 665 2350 atque
698 2307 770 2338 inde
804 2308 961 2339 crescebat
994 2307 1077 2337 illius

391 2351 488 2382 dolor.

434 2395 455 2424 6
479 2394 578 2435 Regiae
608 2395 655 2424 vir
684 2393 856 2434 majestatis]
894 2393 972 2424 Haec
997 2392 1073 2423 refe-

391 2436 487 2468 renda
509 2442 591 2473 sunt,
606 2446 668 2467 non
691 2435 730 2466 ad
754 2436 946 2476 Antigonum
971 2435 1070 2466 Eche-

390 2479 483 2510 cratis
506 2479 613 2515 filium,
632 2478 685 2510 sed
711 2477 751 2508 ad
774 2479 966 2518 Antigonum
991 2483 1072 2509 tuto·

392 2531 454 2552 rem
480 2521 628 2564 Philippi,
643 2521 696 2564 qui
722 2531 827 2552 revera
850 2531 900 2551 rex
922 2520 1072 2552 Macedo-

392 2575 466 2595 num
489 2564 597 2596 suerat.
642 2565 692 2595 De
707 2574 743 2594 eo
763 2564 834 2595 vide
856 2569 920 2594 not.
932 2565 983 2594 87.
999 2563 1072 2593 adl.

382 2607 537 2638 XXXII.
560 2618 588 2638 c.
613 2608 666 2637 22.
694 2617 799 2648 supra.
842 2608 988 2637 Ceterum
1015 2616 1073 2637 vox

390 2652 482 2691 regio:
505 2655 551 2682 est
580 2660 598 2680 a
623 2649 798 2690 conjectura
824 2648 951 2690 Sigonii,
979 2659 1074 2689 quum

390 2690 474 2735 prius
490 2693 640 2734 legeretur
655 2694 741 2734 regis.

434 2736 451 2766 7
479 2736 576 2766 Nobili
598 2757 606 2764 .
632 2758 641 2766 .
661 2734 778 2776 pugna]
817 2735 893 2765 Eam
931 2731 1076 2763 describit

392 2778 551 2818 Polybius,
567 2779 587 2809 l.
602 2779 646 2808 11.
664 2788 768 2808 versus
783 2777 893 2810 finem:
918 2775 1072 2816 ”ejusque

390 2820 488 2851 obiter
516 2821 702 2852 mentionem
735 2819 807 2852 fecit
841 2818 946 2850 Livius
981 2827 1073 2859 supra

394 2864 548 2894 XXXIV.
563 2866 615 2895 28.

433 2907 452 2934 8
481 2907 572 2946 Eique
602 2918 634 2937 ea
660 2908 748 2947 fides,
789 2916 964 2946 nequaquam
1000 2905 1072 2933 ami-

1117 1889 1183 1909 cam
1211 1877 1332 1918 Persea]
1362 1878 1404 1908 Et
1425 1887 1463 1907 ea
1485 1876 1561 1907 fides
1586 1875 1632 1906 illi
1655 1874 1802 1906 inimicis·

1117 1921 1228 1951 simum
1248 1921 1363 1951 fecerat
1378 1920 1501 1955 Persea,
1517 1918 1570 1960 qui
1588 1918 1655 1959 jam
1670 1917 1747 1950 alias
1761 1919 1801 1949 ob

1117 1974 1227 1994 causas
1247 1973 1444 2003 nequaquam
1465 1961 1581 1993 amicus
1601 1966 1678 1993 erat.
1724 1961 1802 1992 Gro-

1116 2006 1225 2037 novius
1247 2005 1402 2048 scripsisse
1423 2004 1544 2036 Livium
1569 2004 1733 2039 existimat,
1752 2015 1801 2035 ne—

1117 2060 1171 2089 que
1192 2056 1260 2079 anre
1282 2050 1407 2079 amicum
1429 2050 1548 2078 Persea.
1592 2046 1655 2078 Sed
1676 2047 1803 2088 vulgata

1118 2091 1208 2123 lectio
1223 2091 1298 2122 satis
1314 2092 1399 2122 clara
1413 2101 1466 2133 per
1480 2101 1512 2122 se
1527 2089 1657 2121 videtur.

1173 2135 1193 2165 9
1229 2134 1359 2173 Suspecti
1402 2141 1429 2164 et
1472 2134 1599 2163 „anistri
1635 2132 1800 2174 facinoris]

1119 2177 1221 2208 Possis
1254 2176 1378 2218 quidem
1411 2175 1565 2218 explicare
1598 2174 1655 2205 hoc
1688 2175 1799 2206 modo:

1118 2219 1342 2262 suspicionibus
1374 2230 1496 2261 quoque
1525 2217 1710 2249 odorabatur
1734 2218 1801 2248 An-

1119 2263 1250 2304 tigonus,
1267 2262 1393 2304 quinam
1416 2261 1545 2292 ministri
1570 2260 1712 2291 facinoris
1727 2260 1801 2291 suis-

1119 2311 1198 2336 sent.
1242 2305 1349 2346 Magis
1370 2310 1473 2336 tamen
1495 2304 1651 2346 placeret:
1681 2305 1801 2343 suspecti

1117 2360 1150 2379 ar
1172 2349 1311 2378 ministris
1326 2347 1474 2390 ,facinoris
1497 2347 1608 2386 Apelles
1630 2348 1750 2377 maxime
1773 2353 1800 2377 et

1118 2392 1263 2422 Philocles
1277 2398 1372 2422 erant.

1163 2435 1200 2464 10
1224 2434 1362 2475 Xychus]
1387 2432 1466 2470 Quis
1481 2431 1532 2462 ille
1549 2430 1598 2466 sit,
1616 2435 1648 2460 et
1662 2440 1716 2460 cur
1732 2429 1800 2472 pla-

1117 2476 1240 2507 nissime
1272 2482 1373 2507 nosset
1399 2475 1535 2505 ordinem
1564 2473 1744 2503 insidiarum
1768 2472 1800 2503 in

1118 2519 1324 2555 Demetrium,
1345 2518 1493 2549 debuerat
1513 2515 1618 2546 Livius
1640 2525 1801 2558 exponere.

1119 2564 1137 2580 ⁸*
1150 2563 1222 2593 Non
1245 2562 1348 2603 inepte
1367 2558 1513 2601 suspicari
1536 2569 1697 2601 possumus
1718 2558 1801 2589 hunc

1117 2605 1266 2647 Xychum
1281 2604 1372 2635 fuisse
1391 2602 1522 2633 scribam
1545 2601 1643 2635 illum.
1659 2600 1712 2642 qui
1734 2611 1798 2631 mo-

1118 2647 1158 2677 do
1178 2652 1362 2678 memoratus
1376 2651 1422 2676 est
1444 2645 1560 2676 litteras
1575 2644 1716 2675 exitiales
1733 2644 1798 2673 De-

1118 2689 1226 2720 metrio
1252 2690 1291 2720 ab
1320 2689 1430 2729 Apelle
1459 2693 1490 2719 et
1517 2687 1657 2718 Philocle
1688 2685 1799 2726 legatis

1118 2733 1175 2763 sub
1199 2731 1319 2762 nomine
1339 2729 1505 2761 Flaminini
1529 2729 1639 2760 allatas
1666 2728 1799 2759 vitiasse.

1118 2776 1164 2805 Eo
1194 2775 1311 2805 ducunt
1338 2774 1401 2805 haec
1430 2783 1499 2815 quae
1530 2783 1600 2803 mox
1634 2777 1799 2812 sequentur

1117 2818 1225 2848 verba:
1251 2819 1378 2847 ordinem
1392 2839 1400 2847 .
1418 2838 1427 2847 .
1443 2827 1550 2846 amnem
1558 2815 1706 2857 facinoris
1719 2815 1797 2855 iega-

1118 2867 1211 2891 tornm
1228 2862 1433 2901 ministeriique
1448 2861 1503 2889 sui.
