1947 3222
138 242 167 316 >G

243 244 262 316 ——aov

138 461 297 492 Exercitus

136 505 320 536 consulares

135 1323 177 1358 Q.
190 1321 328 1352 Marcius

135 1377 154 1396 a
168 1364 330 1406 Liguribus

133 1418 323 1439 circumven-

134 1456 194 1481 tus.

139 2000 243 2049 Saltus
254 2000 342 2030 Mar·

139 2053 215 2073 cuis.

144 2110 212 2157 Res
225 2108 255 2138 in
270 2108 341 2139 His-

142 2162 234 2194 pania
250 2161 314 2192 ges-

143 2201 191 2225 lae.

352 125 427 164 416
851 123 1242 165 ‚T1T1L1V11

308 266 317 274 .
350 235 487 288 ulique
506 239 592 274 tuto
612 238 723 282 esset,
742 233 788 274 id
804 239 983 274 senatum
1005 234 1118 282 velle,
1137 239 1174 273 et
1194 246 1346 286 aequzcm
1367 246 1539 282 censere,
1560 237 1603 272 ut
1624 233 1683 272 ita
1692 232 1770 283 fie-

308 310 316 318 ·
349 297 423 332 ret.
484 292 551 332 Ea
578 291 717 331 omnia
745 289 830 332 lata
859 291 913 331 ad
943 290 1123 346 plebem,
1147 290 1343 345 factaque
1373 298 1470 331 sunt
1500 305 1553 330 ex
1583 296 1767 330 senatus-

349 347 564 396 consulto;
601 355 643 388 et
674 347 727 388 de
756 355 989 388 ceterorum
1018 346 1205 387 indicum
1234 347 1472 403 inpunitate
1500 345 1769 402 praemiisque

349 404 591 446 consulibus
609 403 857 460 permissum
878 411 952 444 est.

407 462 517 502 XX.
550 462 609 502 Et
652 461 743 516 jam
784 461 832 510 Q.
867 460 1071 509 Marcius,
1113 460 1418 515 quaestionibus
1459 475 1545 502 suae
1587 459 1768 515 regionis

348 518 558 574 perfectis,
581 518 623 558 in
656 517 838 571 Ligures
867 516 1125 572 provinciam
1154 516 1360 571 proficisci
1391 517 1596 572 parabat:,
1629 516 1767 557 tribus

348 575 531 616 millibus
552 574 742 630 peditum
773 573 1076 621 Romanorum,
1098 580 1267 614 centum
1288 572 1596 629 quinquaginta
1616 572 1769 628 equiti-

346 632 441 681 bus,
464 639 504 672 ct
533 631 722 685 quinque
752 629 937 670 millibus
968 628 1112 670 Latini
1142 629 1320 670 nominis
1348 630 1555 685 peditum,
1576 629 1770 670 ducentis

347 687 560 744 equitibus
598 687 644 728 in
687 686 1027 742 supplementum
1077 685 1268 742 acceptis.
1330 685 1493 727 Eadem
1538 686 1766 742 provincia,

347 745 456 785 idem
496 758 696 784 numerus
735 742 927 798 peditum
967 741 1243 798 equitumque
1285 751 1327 784 et
1366 742 1536 799 collegae
1575 742 1768 784 decretus

345 809 447 843 erat.
507 800 734 841 Exercitus
763 808 1029 856 acceperunt,
1050 815 1157 855 quos
1177 799 1314 856 priore
1335 815 1443 841 anno
1465 802 1513 841 C.
1537 798 1769 840 Flaminius

345 866 386 899 et
409 859 473 898 M.
498 857 697 898 AEmilius
727 857 916 898 consules
945 856 1198 898 habuerunt.
1230 856 1335 898 duas
1355 866 1559 913 praeterea
1587 855 1769 911 legiones

346 930 473 955 novas
493 929 545 955 ex
562 913 922 955 senatusconsulto
953 914 1132 954 scribere
1156 913 1264 969 jussi
1286 922 1384 955 sunt
1402 931 1412 955 :
1444 922 1486 955 et
1506 912 1655 969 viginti
1677 912 1769 953 mil-

346 971 402 1012 lia
421 971 613 1027 peditum
644 971 764 1012 sociis
794 978 835 1012 et
866 970 1024 1011 nomini
1056 971 1211 1012 Latino
1240 970 1514 1026 imperarunt,
1537 979 1579 1011 et
1607 969 1770 1025 equites

346 1028 460 1069 mille
490 1035 710 1078 trecentos,
741 1026 774 1054 ⁷8
788 1036 830 1069 et
860 1027 942 1068 tria
970 1027 1102 1068 millia
1135 1026 1335 1083 peditum¹
1359 1028 1662 1080 Romanorum,
1692 1025 1772 1067 du-

346 1093 488 1127 centos
517 1086 692 1140 equites.
724 1092 863 1125 totum
893 1084 1004 1124 hunc
1036 1084 1282 1134 exercitum,
1301 1087 1468 1141 'praeter
1497 1084 1694 1140 legiones,
1725 1083 1768 1123 in

347 1141 686 1198 supplementum
709 1139 998 1196 Hispaniensis
1028 1141 1236 1182 exercitus
1266 1141 1364 1182 duci
1391 1141 1594 1197 placebat.
1626 1140 1772 1196 itaque

347 1198 534 1239 consules
556 1198 658 1238 dum
679 1197 759 1253 ipsi
789 1197 1094 1253 quaestionibus
1121 1197 1460 1253 inpediebantur,
1482 1198 1534 1238 T.
1558 1198 1768 1238 BIaenium

346 1254 527 1296 delectui
575 1254 770 1295 habendo
818 1254 1109 1310 praefecerunt.
1201 1254 1403 1296 Perfectis
1451 1254 1770 1311 quaestionibus,

347 1312 461 1368 prior
483 1313 532 1362 Q.
557 1311 747 1352 Marcius
767 1311 810 1351 in
832 1310 1013 1366 Ligures
1045 1313 1248 1367 Apuanos
1277 1320 1338 1353 est
1366 1312 1591 1367 profectus.
1652 1312 1769 1352 Dum

348 1369 515 1425 penitus
553 1368 638 1408 7⁹in
677 1368 843 1409 abditos
883 1368 1028 1418 saltus,
1069 1384 1167 1423 quae
1207 1368 1378 1409 latebrae
1424 1367 1770 1424 receptaculaque

350 1440 511 1482 semper
541 1424 623 1466 illis
656 1424 839 1475 fuerant,
871 1425 1164 1480 persequitur;
1217 1424 1259 1465 in
1289 1424 1590 1481 praeoccupatis
1619 1440 1772 1480 angus-

349 1482 431 1532 tiis,
464 1482 553 1523 loco
582 1482 728 1538 iniquo
760 1490 821 1523 est
857 1483 1178 1523 circumventus.
1216 1490 1401 1537 quatuor
1430 1482 1559 1522 millia
1588 1481 1770 1523 militum

344 1540 520 1586 amissa;
553 1547 594 1580 et
616 1538 790 1595 legionis
821 1538 1013 1580 secundae
1044 1539 1162 1594 signa
1192 1540 1286 1588 tria,
1311 1539 1503 1580 undecim
1525 1538 1679 1580 vexilla
1708 1553 1772 1580 so-

345 1596 457 1637 cium
495 1596 638 1637 Latini
674 1595 850 1636 nominis
890 1596 933 1636 in
965 1604 1215 1651 potestatem
1254 1596 1437 1637 hostium
1475 1604 1692 1645 venerunt,
1728 1603 1770 1637 ct

346 1668 462 1693 arma
490 1652 638 1703 multa,
662 1668 774 1708 quae,
797 1652 898 1708 quia
926 1652 1211 1708 inpedimento
1241 1653 1502 1707 fugientibus
1526 1668 1601 1709 per
1631 1653 1771 1694 silves-

349 1718 433 1751 tres
463 1710 629 1751 semitas
659 1718 792 1759 erant,
823 1709 976 1765 passim
1002 1709 1285 1764 jactabantur.
1317 1710 1435 1765 prius
1466 1709 1665 1765 sequendi
1697 1710 1770 1750 Li-

348 1781 474 1822 gures
508 1766 648 1815 finem,
680 1781 808 1821 quam
848 1766 963 1820 fugae
999 1766 1194 1816 Romani,
1226 1766 1428 1807 fecerunt.
1491 1766 1663 1816 Consul,
1695 1766 1768 1807 ubi

349 1824 533 1879 primum
555 1839 606 1864 ex
628 1822 812 1864 hostium
842 1834 944 1877 agro
965 1822 1109 1871 evasit,
1131 1837 1197 1873 ne,
1219 1830 1426 1878 quantum
1457 1823 1684 1864 deminutae
1704 1838 1771 1863 co-

351 1880 431 1935 piae
470 1879 621 1929 forent,
658 1879 892 1934 adpareret,
923 1879 964 1919 in
1001 1878 1100 1920 loeis
1129 1879 1287 1934 pacatis
1327 1879 1556 1921 exercitum
1597 1879 1785 1921 dimisit-

354 1937 448 1977 Non
483 1945 621 1977 tamen
657 1935 878 1977 obliterare
910 1935 1062 1976 famam
1099 1936 1157 1976 rei
1191 1935 1297 1977 male
1324 1945 1453 1990 gestae
1489 1936 1641 1993 potuit.
1673 1938 1788 1982 nam‘,

353 1993 497 2044 saltus,
528 1993 641 2034 unde
671 2007 768 2034 eum
800 1992 980 2048 Ligures
1010 1992 1274 2048 fugaverant,
1308 1993 1496 2034 Marcius
1531 2001 1593 2034 est
1628 1993 1787 2050 adpel-³

354 2050 475 2092 latus.

411 2108 529 2147 XXI.
564 2108 653 2148 Sub
674 2107 786 2148 hunc
817 2107 1018 2147 nuncium
1042 2122 1092 2147 ex
1117 2107 1352 2162 Ligustinis
1373 2107 1594 2163 vulgatum
1623 2107 1770 2157 literae,

353 2179 405 2205 ex
438 2164 644 2219 Hispania
675 2165 848 2205 mixtam
878 2164 1035 2219 gaudio
1065 2163 1277 2205 tristitiam
1308 2164 1557 2214 adferentes,
1586 2165 1772 2206 recitatae

356 2228 464 2262 sunt.
499 2222 546 2261 C.
580 2221 767 2270 Atinius,
799 2221 874 2276 qui
905 2221 1072 2261 biennio
1102 2228 1198 2261 ante
1227 2230 1384 2277 praetor
1413 2222 1455 2262 in
1486 2236 1575 2262 eam
1602 2220 1774 2284 provin-

356 2278 459 2318 ciam
490 2277 704 2333 profectus
734 2286 837 2327 erat,
868 2293 964 2318 cum
996 2277 1211 2319 Lusitanis
1242 2278 1283 2319 iu
1313 2294 1414 2333 agro
1445 2279 1614 2319 AstenS1
1645 2277 1772 2332 signis

356 2334 530 2375 conlatis
560 2335 778 2390 pugnavit.
801 2333 855 2374 ad
885 2350 955 2375 sex
987 2334 1117 2374 millia
1145 2334 1328 2376 hostium
1360 2343 1457 2376 sunt
1486 2349 1615 2375 caesa:
1647 2334 1774 2375 ceteri

356 2391 454 2441 fusi,
476 2391 628 2446 fugati,
650 2391 881 2446 castrisque
911 2391 1040 2432 exuti.
1105 2391 1172 2432 Ad
1194 2391 1398 2448 oppidum
1429 2390 1578 2432 deinde
1601 2391 1775 2432 Astram

355 2447 687 2503 obpugnandum
724 2447 904 2502 legiones
934 2447 1063 2488 ducit.
1100 2448 1144 2489 id
1174 2464 1345 2503 quoque
1374 2447 1489 2488 haud
1518 2447 1652 2488 multo
1686 2463 1775 2489 ma-

350 2505 442 2559 jore
463 2505 686 2544 certamine
713 2504 837 2559 cepit,
859 2519 987 2559 quam
1008 2513 1164 2546 castra:
1199 2505 1285 2554 sed,
1307 2504 1408 2545 dum
1429 2504 1638 2545 incautius
1659 2505 1772 2546 subit

356 2577 511 2610 muros,
533 2560 640 2602 ictus
670 2576 719 2601 ex
742 2561 913 2601 vulnere
943 2569 1037 2617 post
1065 2561 1154 2602 dies
1183 2576 1338 2617 paucos
1368 2561 1557 2602 moritur.
1619 2561 1774 2603 Literis

357 2618 408 2659 ‹le
438 2626 570 2659 morte
601 2617 869 2673 propraetoris
899 2617 1096 2668 recitatis,
1119 2626 1286 2659 senatus
1315 2617 1474 2659 censuit
1504 2617 1771 2668 mittendum,

402 2743 441 2772 78
469 2741 506 2771 Et
536 2743 594 2772 tria
621 2742 715 2772 millia
743 2742 871 2780 peditum
902 2740 1044 2770 Romano-
1132 2741 1172 2771 79
1201 2741 1231 2771 [ιε
1256 2742 1364 2771 abditos
1385 2743 1491 2784 salma]
1519 2743 1559 2773 Et
1580 2743 1630 2773 hic
1651 2753 1775 2784 qunque

361 2796 436 2820 rum,
460 2787 595 2815 ‹luc-milas
617 2785 737 2825 equites]
773 2783 900 2825 Supple,
925 2785 1043 2823 scripse-
1090 2784 1235 2813 mendum
1260 2783 1411 2816 insederat
1429 2785 1643 2818 Gronovianas
1664 2786 1775 2818 editio-

361 2834 442 2862 rnm,
459 2837 554 2868 quum
577 2828 616 2859 ‹le
642 2825 792 2859 Romanis
817 2832 946 2867 :lg-atum
971 2836 1043 2861 non,
1090 2837 1144 2855 nes
1171 2837 1281 2868 nempe
1311 2830 1342 2857 in
1369 2830 1474 2859 abditu.
1519 2828 1715 2860 Con-reximus
1736 2840 1775 2861 cx

360 2873 551 2908 imperarunt.
1091 2869 1157 2899 aliis
1173 2869 1359 2901 editionibus
1374 2881 1401 2902 et
1423 2871 1505 2902 x'ici.
1520 2871 1636 2902 codice.
