1947 3222
393 464 741 518 EPITOME
781 466 998 519 LIBRI
1037 467 1282 521 XXXV.

154 741 222 793 P.
252 752 452 794 SCIPIO
488 754 709 809 Africanus
743 755 898 807 legatus
931 755 988 794 ad
1020 755 1256 795 Antiochum
1291 755 1444 808 Ephesi
1473 771 1556 797 cum

153 808 410 860 Hannibale,
442 812 512 864 qui
540 826 580 851 se
608 811 808 851 Antiocho
823 810 1035 863 junxerat,
1067 813 1289 852 conlocutus
1318 819 1396 858 est;
1434 819 1492 863 ut,
1522 814 1559 853 si

135 866 242 918 fieri
254 874 401 919 posset,
420 874 558 908 metum
580 870 630 916 ei,
649 882 758 921 quem
780 881 828 906 εχ
840 869 992 920 populo
1012 868 1194 908 Romano
1209 875 1457 922 conceperat,
1475 871 1558 910 exi-

155 930 287 963 meret.
349 925 463 964 Inter
482 926 569 965 alia
600 939 714 978 quum
745 930 953 977 quaereret,
975 938 1086 978 quem
1104 923 1236 976 fuisse
1255 927 1466 966 maximum
1489 928 1559 966 im-

148 987 380 1033 peratorem
401 982 622 1022 Hannibal
641 982 831 1030 crederet,
853 983 1074 1034 respondit.-
1107 981 1397 1023 Alexandrum
1420 983 1559 1023 Mace-

156 1037 312 1078 donum
344 1053 496 1093 rcgem,
530 1038 644 1093 quod
678 1052 807 1094 parva
840 1053 965 1078 manu
999 1038 1319 1079 innumerabiles
1354 1039 1559 1080 exercitus

156 1093 357 1142 fudisset3
402 1095 600 1150 quodque
636 1094 802 1135 ultimas
836 1109 941 1144 oras,
978 1110 1083 1150 quas
1118 1094 1248 1135 visere
1284 1111 1410 1151 supra
1445 1110 1559 1150 spem

154 1150 377 1191 humanam
405 1159 524 1200 esset,
546 1158 814 1206 peragrasset.
879 1149 1089 1199 Quaerenti
1117 1152 1274 1200 deinde,
1297 1166 1408 1206 quem
1428 1166 1561 1193 secun-

155 1208 248 1247 dum
267 1215 450 1260 poneret,
474 1207 700 1263 Pyrrhum,
725 1208 868 1261 inquit,
891 1219 1026 1249 castra
1045 1208 1190 1250 metari
1220 1209 1404 1264 primum
1435 1209 1561 1250 docu-

154 1264 244 1304 isse.
276 1264 328 1306 ad
350 1264 427 1305 hoc
454 1265 658 1305 neminem
689 1264 918 1319 elegantius
947 1265 1037 1306 loca
1066 1265 1233 1321 cepisse,
1255 1265 1450 1321 praesidia
1480 1264 1561 1306 dis-

154 1320 349 1375 posuisse.
410 1323 673 1375 Eoesequenh,
710 1336 820 1373 quem
860 1324 1019 1363 tertium
1060 1323 1224 1372 diceret,
1261 1330 1388 1363 semet
1422 1321 1559 1377 ipsum

155 1378 274 1418 dixit.
334 1379 492 1419 Ridens
528 1378 679 1431 Scipio,
712 1378 925 1426 Quidnam
956 1387 1004 1420 tu
1036 1378 1204 1428 diceres,
1237 1378 1270 1419 si
1299 1393 1379 1428 me,
1411 1380 1559 1433 inquit,

156 1433 350 1476 vicisses?
413 1437 537 1476 Tunc
567 1451 679 1485 vero,
711 1436 858 1489 inquit,
889 1451 954 1476 me
984 1443 1025 1476 et
1055 1444 1150 1476 ante
1181 1435 1487 1485 Alexandrum,
1518 1444 1560 1477 et

157 1498 253 1532 ante
276 1492 504 1547 Pyrrhum,
526 1500 567 1533 et
588 1500 683 1532 ante
704 1492 803 1532 alios
833 1492 1074 1547 posuissem.
1136 1493 1250 1532 Inter
1271 1499 1402 1532 cetera
1418 1494 1563 1545 prodi—

151 1549 240 1600 gia,
264 1563 352 1601 quae
365 1550 548 1602 plurima
561 1549 700 1603 fuisse
720 1550 953 1600 traduntur,
974 1548 1104 1589 bovem
1140 1550 1213 1590 Cn.
1232 1549 1410 1589 Domitii
1429 1563 1564 1589 consu-

156 1605 207 1645 lis
227 1606 410 1656 locutum,
429 1607 566 1646 Roma
580 1621 678 1646 cave
698 1605 786 1654 tibi,
805 1605 991 1659 refertur.
1028 1606 1251 1658 Adparant
1267 1606 1310 1645 in
1326 1606 1563 1647 Antiochum

156 1660 296 1701 bellum
320 1661 507 1703 Romani.
572 1663 700 1703 Nabis
720 1663 1114 1702 Lacedaemoniorum
1141 1669 1350 1717 tyrannus,
1372 1662 1563 1704 incitatus

154 1718 206 1758 ab
227 1718 394 1770 AEtolis,
412 1721 484 1774 qui
503 1726 541 1759 et
560 1720 799 1771 Philippum
822 1725 859 1759 et
880 1719 1120 1759 Antiochum
1140 1721 1197 1759 ad
1215 1717 1463 1771 inferendum
1484 1719 1562 1760 bel-

152 1777 231 1816 lum
255 1778 404 1828 populo
424 1779 607 1818 Romano
626 1776 912 1823 sollicitabant,
935 1791 961 1816 a
985 1777 1138 1829 populo
1160 1776 1344 1816 Romano
1373 1777 1537 1818 descivit
1546 1794 1559 1818 .·

155 1838 208 1882 et,
229 1833 328 1873 bello
357 1835 546 1874 adversus
571 1834 905 1885 Philopoemenem
932 1833 1166 1873 Acha‘orum
1190 1840 1405 1886 praetorem
1430 1841 1558 1888 gesto,

156 1889 229 1929 lab
244 1891 394 1931 AEtolis
413 1897 451 1931 et
471 1891 521 1931 ab
535 1891 783 1932 Alexameno
804 1892 900 1930 duce
920 1905 1051 1930 eorum
1068 1890 1299 1944 interfectus
1319 1897 1387 1931 est.
1424 1891 1562 1931 AEtoli

156 1961 309 2001 quoque
327 1948 379 1987 ab
399 1949 582 1988 amicitia
604 1949 751 2001 populi
771 1948 950 1988 Romani
969 1948 1206 2002 defecerunt.
1238 1962 1321 1987 cum
1343 1948 1482 2001 quibus
1501 1963 1562 1989 so-

155 2005 300 2044 cietate
315 2003 478 2057 juncta,
501 2005 721 2046 Antiochus
741 2005 872 2059 Syria·
900 2019 981 2052 rex,
1005 2019 1120 2058 quum
1141 2004 1280 2044 bellum
1304 2001 1480 2044 Groecia’
1500 2006 1562 2045 in-

157 2062 323 2109 tulisset,
359 2064 576 2115 complures
613 2062 728 2102 urbes
762 2063 990 2115 occupavit;
1039 2062 1146 2101 inter
1181 2075 1279 2114 quas
1316 2062 1558 2110 Chalcidem,

155 2124 194 2159 et
214 2125 337 2159 totam
354 2119 559 2160 Euboeam.
604 2119 683 2160 Res
699 2126 898 2171 praeterea
920 2120 963 2159 in
984 2118 1206 2173 Liguribus
1220 2124 1356 2173 gestas
1375 2125 1413 2159 et
1433 2121 1561 2172 adpa-

155 2181 287 2217 ratum
307 2175 404 2216 belli
422 2176 474 2216 ab
496 2176 698 2231 Antiocho
718 2177 906 2216 continet.

199 2276 216 2305 1
246 2276 289 2306 Ab
318 2277 422 2307 AEtolz's
448 2282 475 2306 et
500 2277 669 2306 Aleaameno
692 2277 765 2306 duce
793 2286 837 2305 eo-
881 2274 1013 2316 vulgatis
1039 2275 1161 2310 absunt,
1187 2274 1219 2305 in
1244 2285 1307 2304 uno
1333 2284 1350 2305 e
1375 2275 1470 2306 MSS.
1497 2273 1561 2305 suis

156 2318 239 2360 rum]
278 2319 419 2357 Quatuor
444 2318 569 2350 ultimas
596 2328 696 2354 voceS,
724 2328 792 2359 quae
820 2329 839 2349 a
880 2323 999 2350 exstare
1013 2322 1142 2350 testatur
1155 2317 1340 2349 Gronovius.
