1947 3222
163 213 206 244 1¹.
220 213 257 244 C.
267 212 342 244 567.

160 257 205 288 A.
215 255 255 288 C.
270 256 343 287 185.

167 543 311 576 Comitia⁶

371 95 448 131 428
925 87 1067 127 TITl
1116 87 1298 127 LIV'II

372 200 530 242 Hostes
557 206 754 249 montem,
787 198 1002 254 antiquam
1036 197 1173 239 sedem
1210 198 1414 254 majorum
1450 211 1635 248 suorum,
1668 211 1797 254 cepe--

371 265 496 299 runt:
531 265 574 298 et
606 256 719 306 inde,
749 263 944 311 superata
973 254 1156 295 locorum
1186 253 1423 310 iniquitate,
1453 253 1602 309 proelio
1634 254 1787 309 dejecti
1796 269 1801 314 ³,

372 321 482 355 sunt.
543 314 603 354 Et
623 314 709 368 Ap.
734 311 939 352 Claudius
959 310 1198 352 felicitatem
1229 312 1514 366 virtutemque
1543 310 1712 367 collegae
1741 311 1786 351 in

372 369 606 427 Liguribus
642 368 846 423 Ingaunis
879 366 1062 422 aequavit
1095 367 1285 408 secundis
1317 367 1477 423 aliquot
1512 367 1682 422 proeliis.
1714 382 1787 408 sex

371 436 572 483 praeterea
592 426 749 482 oppida
778 438 921 465 eorum
942 424 1225 479 expugnavit:
1258 424 1392 465 multa
1419 423 1549 465 millia
1568 423 1784 465 hominum

372 484 414 525 in
443 484 492 525 iis
520 483 654 539 cepit:
688 481 786 522 belli
817 489 1007 521 auctores
1038 488 1122 520 tres
1152 487 1194 520 et
1223 480 1503 536 quadraginta
1532 481 1664 521 securi
1694 494 1790 536 per-

372 541 513 582 cussit.
587 540 686 579 Jam
720 536 982 578 comitiorum
1019 535 1243 591 adpetebat
1279 544 1456 592 tempus.
1530 537 1615 577 rior
1648 545 1790 578 tamen

375 596 593 644 Claudius,
622 608 749 650 quam
781 592 1065 648 Sempronius,
1096 592 1163 633 cui
1197 607 1283 633 sors
1313 593 1478 634 comitia
1499 552 1687 635 liabendi
1713 593 1790 634 ob-

371 654 539 710 tigerat,
564 651 741 692 Romam
771 649 910 697 venit;
948 648 1048 704 quia
1070 650 1117 689 P.
1142 648 1346 690 Claudius
1372 649 1500 690 frater
1520 650 1610 705 ejus
1641 664 1789 691 consu-

372 711 504 752 latum
533 708 716 764 petebat.
789 706 1115 762 Competitoresq
1146 705 1328 747 habebat
1360 705 1554 762 patricios
1587 705 1636 746 L.
1655 706 1790 747 AEmi-

371 767 490 816 lium,
527 767 576 815 Q.
600 763 814 813 Fabium',
850 764 936 804 Ser.
961 761 1193 818 Sulpicium
1230 762 1425 812 Galbam,
1457 770 1616 803 veteres
1650 763 1788 804 candi-

372 823 506 873 datos,
528 830 569 863 et
596 821 650 862 ab
670 819 848 877 repulsis
867 835 915 860 eo
939 820 1072 874 magis
1096 819 1302 869 debitum,
1324 818 1424 875 quia
1449 818 1584 875 primo
1613 828 1789 873 negatus

371 888 476 929 erat,
497 879 695 919 honorem
724 884 971 933 repetentes.
1001 876 1142 925 etiam,
1164 876 1264 932 quia
1292 876 1389 932 plus
1418 891 1544 931 quam
1575 891 1707 917 unum
1737 891 1790 917 ex

372 935 559 993 patriciis
585 934 717 976 creari
746 949 828 975 non
862 933 1027 983 licebat,
1057 933 1187 974 artior
1217 933 1366 989 petitio
1399 941 1582 988 quatuor
1614 932 1791 988 petenti-

372 994 453 1034 bus
487 1000 589 1033 erat.
660 990 819 1032 Plebeii
854 1005 1025 1046 quoque
1058 990 1229 1045 gratiosi
1263 989 1451 1030 homines
1485 989 1699 1045 petebant,
1738 990 1791 1029 L.

374 1049 562 1093 Porcius,
595 1050 644 1099 Q.
668 1047 895 1088 Terentius
926 1046 1089 1096 Culleo,
1122 1047 1198 1087 Cn.
1222 1045 1393 1087 Baebius
1425 1046 1687 1102 Tamphilus.
1709 1045 1791 1087 ²3et

373 1107 436 1147 hi⁵
454 1104 626 1162 repulsi,
656 1104 699 1144 in
734 1119 850 1160 spem
879 1102 1135 1160 impetrandi·
1164 1103 1332 1144 tandem
1367 1102 1593 1158 aliquando
1623 1102 1792 1144 honoris

373 1162 506 1204 dilati.
568 1160 773 1203 Claudius
802 1175 912 1201 unus
942 1176 992 1201 ex
1023 1159 1215 1201 omnibus
1244 1175 1378 1200 novus
1409 1159 1658 1201 candidatus
1689 1168 1794 1201 erat.

376 1219 581 1276 Opinione
610 1217 827 1258 hominum
855 1216 1011 1257 ¹”haud
1041 1215 1168 1257 dubie
1203 1216 1519 1258 destinabantur
1550 1217 1599 1266 Q.
1632 1216 1791 1257 Fabius

377 1277 520 1318 Labeo
540 1283 581 1317 et
604 1275 655 1315 L.
679 1274 853 1315 Porcius
884 1273 1069 1314 Licinus.
1101 1273 1172 1314 sed
1205 1273 1408 1314 Claudius
1432 1273 1572 1313 consul
1606 1273 1691 1313 sine
1722 1273 1795 1313 lic-

375 1333 538 1375 toribus
569 1347 665 1373 cum
696 1330 825 1372 fratre
858 1338 948 1371 toto
979 1330 1071 1370 foro
1102 1329 1331 1379 volitando,
1364 1328 1688 1370 clamitantibus‘
1719 1329 1795 1370 ad-

375 1389 566 1431 versariis
605 1396 647 1429 et
685 1388 841 1443 majore
884 1395 1003 1443 parte
1044 1395 1226 1437 senatus,
1267 1387 1490 1426 meminisse
1526 1400 1610 1426 eum
1651 1387 1793 1426 debere

365 1447 500 1501 prius,
526 1461 568 1487 se
593 1446 789 1486 consulem
812 1446 959 1498 populi
981 1444 1176 1492 Romani,
1198 1458 1315 1498 quam
1324 1444 1508 1498 fratrem
1534 1445 1585 1484 P.
1611 1444 1795 1495 Claudii,

375 1519 477 1545 esse.-
513 1503 609 1558 quin
626 1504 709 1552 ille,
730 1503 868 1543 sedens
880 1516 961 1554 pro
981 1501 1194 1550 tribunali,
1213 1508 1285 1542 aut
1305 1501 1514 1550 arbitrum,
1535 1508 1607 1541 aut
1627 1502 1795 1542 tacitum

374 1567 634 1615 spectatorem
655 1560 901 1601 comitiorum
915 1562 963 1599 se
976 1558 1199 1612 praeberet,·
1231 1558 1409 1599 coerceri
1430 1566 1567 1600 tamen
1588 1558 1641 1599 ab
1661 1558 1800 1600 effuso

377 1619 517 1659 studio
538 1617 714 1673 nequiit.
775 1616 946 1671 Magnis
967 1615 1302 1656 contentionibus
1329 1615 1594 1656 tribunorum
1622 1630 1792 1671 quoque

376 1675 527 1731 plebei,
549 1674 622 1730 qui
644 1682 718 1715 aut
745 1682 890 1714 contra
913 1671 1138 1722 consulem,
1159 1680 1234 1713 aut
1263 1687 1340 1727 pro
1361 1672 1507 1734 studio·
1521 1672 1612 1728 ejus
1632 1686 1794 1728 pugna·
1841 1687 1845 1692 ·

375 1732 492 1780 bant,
527 1732 710 1773 comitia·
727 1729 947 1786 aliquoties
987 1729 1179 1770 turbata:
1227 1728 1357 1769 donec
1395 1729 1569 1784 pervicit
1606 1728 1791 1784 Appius,

378 1797 440 1838 ut,
463 1788 624 1844 dejecto
654 1788 802 1835 Fabio,
823 1785 1033 1827 &fratrem
1055 1785 1249 1826 traheret.
1313 1786 1490 1826 Creatus
1511 1786 1559 1824 P.
1584 1785 1792 1825 Claudius

378 1845 561 1886 Pulcher
588 1852 741 1900 praeter
771 1858 885 1899 spem
916 1857 1032 1882 suam
1062 1850 1104 1883 et
1134 1850 1378 1883 ceterorum.
1412 1841 1548 1882 locum
1579 1857 1701 1882 suum
1733 1849 1793 1883 te-

376 1902 470 1943 nuit
502 1902 552 1941 L.
577 1901 751 1942 Porcius
787 1899 974 1949 Licinus,
1011 1898 1111 1954 quia
1141 1898 1365 1939 moderatis
1398 1897 1560 1948 studiis,
1596 1913 1678 1939 non
1709 1897 1790 1939 2⁶vi

379 1958 627 2008 Claudiana,
666 1958 776 1998 inter
813 1955 997 2012 plebeios
1036 1963 1241 1996 certatum
1281 1964 1355 1996 est.
1431 1955 1659 1996 Praetorem
1694 1954 1792 1996 inde

377 2015 545 2057 comitia
574 2022 671 2056 sunt
701 2013 856 2055 habita.
919 2013 968 2053 C.
992 2013 1207 2053 Decimius
1238 2012 1410 2061 Flavus,
1442 2012 1491 2052 P.
1523 2012 1793 2068 Sempronius

378 2073 567 2127 Longus,
610 2073 658 2112 P.
699 2070 917 2112 Cornelius
960 2069 1187 2125 Cethegus,
1230 2070 1279 2119 Q.
1318 2067 1491 2110 Naevius
1533 2068 1700 2118 Matho,
1743 2069 1791 2109 C.

379 2128 648 2184 Sempronius
689 2127 865 2177 Blaesus,
902 2128 956 2167 A.
994 2125 1220 2167 Terentius
1257 2127 1399 2175 Varro,
1439 2134 1638 2180 praetores
1677 2124 1793 2166 facti.

377 2185 484 2225 Haec
513 2201 562 2225 eo
591 2200 713 2234 anno,
744 2200 830 2247 quo
857 2185 943 2240 Ap.
967 2183 1187 2233 Claudius,
1220 2183 1283 2223 M.
1308 2182 1576 2238 Sempronius
1604 2180 1793 2223 consules

375 2242 563 2291 fuerunt,
585 2241 698 2282 domi
719 2240 961 2296 militiaeque
981 2252 1112 2296 gesta.

418 2334 435 2359 (ἲ
452 2355 460 2367 ,
473 2332 720 2371 competitoresque
735 2330 833 2360 Gron.
849 2329 940 2360 Crev.
1095 2332 1108 2348 ¹⁵
1123 2327 1195 2359 add.
1213 2328 1370 2359 Labeonem
1386 2327 1477 2358 Eaed.
1624 2329 1640 2348 ¹
1653 2328 1675 2357 ii
1691 2327 1791 2359 Gron.

375 2375 386 2395 ‘
402 2375 593 2404 clamantibus
607 2374 705 2405 Gron.
722 2373 815 2404 Crev-

418 2450 459 2479 23
486 2448 522 2478 Ec
540 2449 569 2478 hi
586 2447 708 2488 repulsi]
734 2447 837 2489 Vulgo
852 2454 877 2477 ct
894 2448 925 2477 ii.
962 2446 1061 2477 Dedi-

378 2502 446 2522 mus
461 2498 485 2521 οι
503 2492 544 2526 hi,
561 2497 683 2521 aut-tore
700 2490 815 2520 Victor.
833 2490 951 2521 codice.
985 2492 1061 2520 Sen-

379 2545 430 2564 sus
444 2539 506 2565 est:
531 2533 561 2563 hi
577 2544 709 2574 quoque,
725 2533 805 2574 quod
830 2533 982 2574 repulsam
1006 2543 1060 2563 an-

379 2583 430 2608 tea
454 2577 647 2607 consulatum
676 2582 814 2617 petentes
844 2576 988 2610 tulerant,
1015 2575 1061 2605 ‹li-

380 2620 433 2650 lati
457 2626 542 2650 erant
565 2624 596 2648 et
618 2617 721 2659 rejecti
744 2618 775 2648 in
796 2628 880 2659 spem
896 2618 1061 2659 impetran-

380 2662 410 2692 di
427 2662 550 2693 tandem
568 2661 734 2702 aliquando
749 2660 880 2691 honoris.
928 2661 1050 2699 Repulsn

381 2706 520 2736 absolute
547 2704 608 2734 dici
636 2715 688 2735 cos
715 2703 766 2744 qui
796 2714 889 2743 quum
920 2703 1063 2733 honorem

382 2749 515 2789 aliquem
539 2758 556 2778 a
578 2747 691 2789 populo
718 2752 864 2788 peterent.
893 2756 962 2776 eum
990 2756 1062 2775 con-

382 2791 467 2830 sequi
492 2801 550 2820 non
575 2796 747 2831 potuerant,
770 2795 889 2819 constat
913 2800 948 2819 cx
975 2791 1064 2819 Orat.

384 2833 451 2864 ('i‹·.
469 2833 506 2864 (lc
524 2834 598 2864 llas.
616 2833 712 2874 Resp.
728 2844 757 2863 n.
775 2833 826 2863 56.

1148 2447 1189 2476 24
1214 2445 1308 2476 Haud
1322 2445 1423 2486 dubie]
1449 2445 1538 2476 Unus
1561 2455 1577 2475 e
1599 2445 1693 2475 MSS.
1711 2445 1792 2476 Gro-

1106 2488 1256 2524 novianis,
1286 2487 1470 2519 assentiente
1498 2493 1599 2518 nostro
1629 2487 1713 2518 Vict.
1739 2499 1792 2527 pro

1107 2544 1162 2562 non
1188 2532 1285 2563 dubie.
1345 2530 1437 2561 Unde
1470 2530 1634 2571 legendum
1665 2530 1792 2562 fortasse

1106 2575 1243 2604 videatur
1258 2585 1309 2613 pro
1324 2585 1377 2603 non
1395 2575 1499 2603 dubiis.

1147 2618 1190 2646 ⁴25
1220 2617 1352 2646 Fratrem
1390 2616 1531 2657 traheret]
1579 2616 1714 2646 Fratrem
1749 2615 1790 2646 ad

1104 2659 1297 2689 consulatum
1321 2668 1373 2701 per
1395 2659 1457 2689 vim
1480 2657 1706 2699 quodammodo
1721 2669 1788 2700 pro-

1106 2702 1241 2732 veheret.

1148 2745 1263 2774 2601'1·
1282 2745 1465 2785 Claudiana]
1492 2743 1647 2775 Violentia
1669 2743 1792 2785 proptia.

1107 2787 1247 2817 Claudia*
1263 2787 1370 2825 pomis.
1382 2787 1412 2817 in
1428 2798 1489 2828 qua
1503 2787 1583 2817 velut
1597 2786 1789 2817 haereditaria

1106 2836 1171 2860 crat
1187 2830 1347 2872 imperiosa
1362 2829 1569 2862 contumacia.
