1947 3222
412 540 758 599 EPITOME
800 545 1015 599 LIBRI
1058 543 1333 598 XXXIV.

172 817 324 871 LEX
352 829 504 882 Oppia,
535 843 652 884 quam
683 831 731 872 C.
756 829 912 882 Oppius
941 828 1120 869 tribunus
1140 828 1273 881 plebis
1301 827 1402 870 bello
1425 829 1582 871 Punico

173 879 250 926 ¹de
264 887 470 938 finiendis
504 893 774 927 matronarum
809 885 977 926 cultibus
1004 887 1164 934 tulerat,
1195 900 1279 926 cum
1313 901 1459 940 magna
1490 901 1582 928 con·

169 944 351 983 tentione
378 943 574 998 abrogata
604 949 660 984 est
668 964 682 988 ‚·
716 956 830 996 quum
862 942 1031 983 Porcius
1061 943 1162 983 Cato
1190 949 1331 983 auctor
1342 944 1511 996 fuisset,
1533 959 1583 985 ne

170 1013 220 1038 ea
254 1001 320 1040 lex
352 1000 588 1041 aboleretur.
648 1000 704 1048 Is,
734 1000 776 1040 in
803 999 1057 1051 Hispaniam
1083 1000 1303 1053 profectus,
1332 1000 1446 1048 bello,
1477 1003 1585 1055 quod

170 1056 381 1110 Emporiis
399 1071 508 1098 orsus
528 1063 599 1106 est,
620 1058 844 1097 citeriorem
863 1056 1117 1109 Hispaniam
1134 1057 1313 1108 pacavit.
1361 1056 1408 1097 T.
1430 1056 1581 1106 Quinc-

168 1114 250 1153 tius
274 1114 532 1155 Flamininus
560 1113 699 1154 bellum
730 1114 921 1154 adversus
947 1113 1270 1154 Lacedaemonios
1299 1120 1338 1154 et
1365 1120 1580 1168 tyrannum

167 1184 301 1209 eorum
319 1170 516 1211 Nabidem
530 1184 724 1224 prospere
736 1177 904 1224 gestum,
922 1171 1021 1210 data
1039 1171 1092 1210 iis
1105 1183 1222 1223 pace,
1241 1172 1399 1224 qualem
1415 1172 1500 1224 ipse
1514 1186 1580 1212 vo-

166 1226 256 1276 luit,
278 1227 537 1282 liberatisque
555 1228 694 1282 Argis,
717 1229 786 1281 qui
813 1227 883 1268 sub
910 1228 1064 1267 ditione
1092 1229 1262 1281 tyranni
1281 1234 1410 1276 erant,
1422 1229 1578 1281 finivit.

168 1283 338 1325 Senatus
367 1291 460 1326 tunc
484 1286 658 1337 primum
677 1291 846 1326 secretus
866 1298 892 1325 a
913 1285 1066 1337 populo
1086 1285 1199 1325 ludos
1217 1287 1430 1338 spectavit:
1461 1292 1505 1326 ut
1535 1286 1581 1326 icl

148 1341 288 1393 fieret,
313 1341 403 1382 Sex.
424 1342 566 1383 AElius
586 1344 725 1383 Pcetus
744 1348 782 1382 et
805 1342 851 1385 C.
875 1342 1085 1382 Cornelius
1108 1342 1300 1396 Cethegus
1319 1355 1496 1383 censores
1516 1344 1578 1383 in-

161 1404 429 1449 tervenerunt,
451 1414 534 1440 cum
555 1399 837 1454 indignatione
859 1398 1000 1452 plebis.
1060 1398 1263 1440 ²Coloniae
1284 1400 1490 1453 pleraeque
1509 1401 1577 1441 de-

162 1455 292 1496 ductoe
310 1463 412 1497 sunt.
474 1456 537 1496 M.
560 1457 731 1497 Porcius
755 1456 855 1496 Cato
875 1457 924 1495 de
943 1456 1159 1508 Hispania
1186 1457 1463 1509 triumphavit.
1493 1457 1578 1498 Res

151 1519 360 1564 praterea
382 1514 425 1553 in
447 1514 676 1566 Hispania,
693 1520 732 1553 et
752 1514 939 1553 adversus
953 1512 1080 1552 Boios
1100 1519 1138 1552 et
1152 1513 1341 1553 Insubres
1359 1512 1504 1554 Gallos
1501 1514 1576 1567 fe·-

162 1568 296 1609 liciter
319 1575 446 1623 gesta:
475 1570 717 1623 referuntur.
783 1569 831 1609 T.
857 1568 1068 1617 Quinctius
1091 1569 1357 1619 Flamininus,
1380 1571 1451 1624 qui
1473 1571 1576 1611 Phi-

159 1625 313 1679 lippum
334 1628 601 1668 Macedonum
631 1640 766 1681 regem
795 1632 834 1667 et
866 1625 1063 1666 Nabidem
1091 1627 1482 1667 Laceda'moniorum
1514 1634 1575 1682 ty·

161 1696 331 1723 rannum
362 1684 527 1734 vicerat,
552 1684 830 1738 Groeciamque
857 1696 1006 1722 omnem
1035 1683 1294 1733 liberaverat,
1316 1683 1363 1724 ob
1387 1684 1491 1724 hanc
1510 1699 1574 1726 re-

161 1753 247 1779 rum
262 1746 464 1794 gestarum
486 1741 784 1781 multitudinem
804 1739 936 1780 triduo
955 1739 1234 1793 triumphavit.
1293 1741 1448 1794 Legati
1462 1742 1573 1781 Kar-

159 1796 470 1850 thaginiensium
501 1798 805 1847 nunciaverunt,
831 1796 1117 1846 Hannibalem,
1149 1798 1220 1851 qui
1247 1798 1305 1837 ad
1330 1799 1573 1840 Antiochum

159 1853 410 1908 confugerat,
431 1854 570 1895 bellum
591 1869 675 1895 cum
695 1869 740 1895 eo
760 1854 909 1895 moliri.
974 1854 1220 1895 Tentaverat
1248 1860 1382 1895 autem
1401 1856 1572 1896 Hanni-

158 1910 228 1951 bal
247 1925 327 1964 per
345 1911 576 1952 Aristonem
601 1912 783 1966 Tyrium,
803 1911 889 1952 sine
920 1910 1050 1952 literis
1071 1911 1369 1966 Karthaginem
1397 1914 1569 1963 missum,

157 1969 215 2008 ad
233 1968 501 2009 rebellandum
525 1970 672 2010 Paenos
690 1969 906 2009 concitare

204 2090 218 2119 1
246 2089 292 2119 De
304 2089 448 2130 finiendis
471 2092 597 2122 cultibus
623 2092 839 2133 matronarum]
883 2102 917 2123 so
939 2089 1028 2127 libro,
1043 2101 1070 2123 c.
1090 2092 1121 2122 6.
1145 2090 1224 2121 Nam
1246 2093 1270 2122 si
1293 2091 1347 2122 ista
1371 2092 1414 2122 lex
1436 2093 1498 2122 ideo
1524 2093 1568 2122 Ia·

159 2131 210 2162 Sic
237 2131 352 2163 habere
379 2143 474 2164 unum
500 2144 517 2164 e
548 2134 642 2165 MSS.
671 2134 733 2165 suis
760 2134 840 2165 affir-
885 2141 916 2165 ta
951 2141 1029 2170 esset,
1064 2140 1100 2165 ut
1132 2134 1240 2174 finiret
1277 2135 1426 2165 libidinem
1463 2136 1567 2166 mulie-

159 2179 224 2205 mat
267 2175 452 2207 Gronovius.
515 2176 599 2207 Olim
654 2179 841 2218 stringendzk,
884 2179 972 2208 brem.

157 2217 241 2258 quod
268 2223 450 2250 mutaverat.
494 2218 636 2260 Sigonius
663 2219 695 2250 1‘11
717 2221 839 2262 fingen-
925 2221 945 2251 2
971 2220 1096 2250 Colonioe
1120 2219 1281 2260 pleroeque]
1318 2219 1425 2260 Magis
1451 2219 1566 2261 placet,

156 2262 212 2291 dis.
257 2260 318 2292 Sed
340 2260 538 2293 Gronoviana
556 2262 646 2293 lectio
669 2262 760 2303 longe
779 2262 840 2294 ele·
883 2262 966 2305 quod
993 2263 1080 2294 affert
1104 2273 1121 2293 e
1143 2268 1205 2294 vet.
1227 2262 1282 2294 lib.
1305 2261 1465 2303 Sigonius:
1493 2264 1565 2293 colo-

157 2302 279 2345 gantior
307 2308 339 2335 et
365 2304 474 2336 clarior
496 2311 553 2337 est.
598 2304 685 2337 Infra
709 2305 767 2337 hoc
794 2305 840 2347 ip·
883 2308 941 2337 niae
952 2305 1062 2346 plures.
1085 2306 1126 2337 Et
1139 2305 1182 2337 sic
1194 2315 1316 2348 quoque
1332 2305 1523 2348 Campanus·

830 2889 901 2927 {3
