1947 3222
448 148 571 185 LIB.
601 143 814 185 XXXVII.
861 144 936 181 CA
949 144 990 180 Ρ.
1018 143 1234 181 XXXVII.
1475 149 1550 188 309

134 256 301 311 pondus
335 256 479 312 ingens
509 264 570 297 est
598 253 834 318 pollicitus,
856 260 912 301 et,
944 251 1107 292 nomine
1138 260 1302 292 tantum
1332 253 1446 308 regio
1475 259 1599 294 ex-U.
1613 258 1650 290 C.
1666 259 1740 291 562.

137 322 273 368 cepto,
296 313 538 354 societatem
559 325 691 352 omnis
720 309 852 365 reoni,
876 309 909 349 si
929 323 1004 364 per
1033 323 1128 348 eum
1158 322 1301 362 pacem
1329 309 1596 364 impetras-·
1557 301 1651 333 A..C
1668 301 1739 332 ¹9⁰·

138 377 211 410 set.
272 369 345 410 Ad
379 384 427 410 ea
463 367 623 424 Scipio.
675 366 796 415 Quod
826 366 1031 406 Romanos
1067 378 1210 413 omnes,
1246 367 1350 417 quod
1383 381 1454 414 me,
1491 367 1548 406 ad
1560 377 1757 418 Responsum

137 440 250 479 quem
271 428 406 466 missus
426 438 480 472 es,
501 426 680 478 ignoras,
702 425 830 464 minus
851 423 998 468 miron·
1033 435 1147 475 quum
1169 427 1208 461 te
1211 422 1429 473 fortunam
1451 423 1545 475 ejus,
1559 419 1708 450 Africam.

137 497 165 522 a
187 497 262 536 quo
291 484 413 532 venis,
436 483 626 535 ignorare
654 495 826 521 cernam.
885 456 1148 534 Lysimachia
1176 479 1348 518 tenenda
1373 486 1475 526 erat,
1498 494 1548 520 ne

139 540 416 580 Chersonesum
447 540 709 584 ῑηίναιεηιαε,·
748 544 817 578 out
847 538 904 577 ad
935 537 1238 588 Hellespontum
1269 535 1545 585 obsistendum,

137 611 187 636 ne
207 598 250 636 in
270 596 411 637 Asiam
440 595 733 649 trojz'ceremus:
762 596 799 636 si
812 609 952 648 pacem
983 600 1185 646 tamquam
1215 593 1267 632 ab
1293 594 1479 633 solli'citzs
1499 594 1548 634 de

137 653 233 693 belli
251 659 390 693 eventu
411 654 588 706 petituri
608 654 744 693 eratis.
808 654 997 693 Concessa
1017 664 1109 691 vero
1131 651 1173 690 in
1195 651 1334 691 Asiam
1354 652 1546 700 transitu,

135 716 174 750 et
192 708 293 749 ³non
314 711 598 764 solumftenis,
616 711 686 750 sed
705 710 825 750 etiam
833 708 939 763 jugo
954 714 1126 760 accepim
1146 721 1234 761 quae
1248 708 1484 759 disceptatio
1499 722 1548 748 ez·

134 780 260 820 (equo,
282 781 397 820 quum
419 769 626 821 imperium
643 768 880 820 patiendum
901 766 968 813 sit,
991 766 1133 806 relicta
1154 768 1240 805 est?
1281 765 1378 817 Ego
1398 779 1446 804 ex
1466 779 1547 805 mu-

134 824 341 877 nificentia
369 826 485 879 regia
513 826 724 864 maximum
757 825 898 864 donum
911 824 1052 876 filium
1082 821 1251 863 habebo:
1293 822 1404 869 aliis,
1436 822 1547 863 Deos

128 895 290 934 precor,
312 896 362 922 ne
381 896 563 936 umquam
574 882 754 935 fortuna
776 888 892 934 egeat
911 895 1019 926 mea‚·
1052 881 1210 920 animus
1228 885 1334 919 certe
1361 892 1442 919 non
1460 894 1547 933 ege-

135 938 206 979 bit.
266 940 354 979 Pro
383 945 498 980 tanto
519 940 562 980 in
583 953 641 979 me
661 952 820 978 munere
839 944 1001 989 gratum
1026 951 1086 977 me
1110 950 1190 976 esse
1210 937 1253 976 in
1274 950 1314 977 se
1331 937 1489 987 sentiet,
1510 937 1548 977 si

125 996 337 1048 privatave
355 998 534 1050 gratiam
551 1011 631 1049 pro
645 996 810 1048 privato
825 995 1010 1047 beneficio
1025 993 1282 1034 desiderabit.
1300 993 1462 1046 publice
1477 1007 1548 1034 nec

134 1052 284 1092 haheov
304 1055 520 1107 quidquam
544 1053 595 1093 ab
617 1054 700 1101 illo,
724 1067 794 1092 nec
814 1052 928 1092 daho.
993 1050 1113 1099 Quod
1142 1051 1185 1090 in
1202 1051 1428 1103 praesentia
1449 1052 1549 1091 dore

127 1111 292 1162 possim,
309 1111 442 1164 fidele
470 1111 676 1151 consilium
709 1116 775 1150 est.
836 1109 931 1157 Abi,
968 1109 1117 1148 nuncia
1149 1109 1245 1147 meis
1273 1107 1416 1159 verbis,
1445 1107 1546 1148 bello

135 1167 319 1217 absistat,
344 1169 463 1220 pacis
491 1167 752 1208 conditionem
782 1167 934 1206 nullam
964 1170 1124 1205 recuset.
1185 1164 1303 1204 Nihil
1333 1179 1381 1205 ea
1411 1180 1547 1206 move-

137 1232 236 1265 runt
265 1239 420 1280 regem,
443 1232 578 1266 tutam
601 1224 690 1264 fore
719 1222 817 1264 belli
847 1222 978 1263 aleam
1008 1229 1162 1285 ratum,
1185 1221 1354 1285 quando
1374 1221 1545 1277 perinde

133 1296 181 1321 ac
201 1259 336 1322 victo⁰
336 1282 424 1344 jam
450 1281 527 1322 sibi
558 1281 668 1336 leges
689 1280 937 1321 dicerentur.
969 1278 1120 1320 omissa
1146 1278 1278 1333 igitur
1305 1294 1348 1319 111
1368 1294 1547 1344 proaesen-

135 1337 196 1378 tia
223 1338 430 1379 mentione
459 1338 586 1394 pacis,
609 1345 740 1379 totam
770 1351 912 1378 curam
942 1335 984 1377 in
1008 1335 1106 1377 belli
1136 1335 1385 1392 adparatum
1413 1336 1547 1378 inten-

134 1393 209 1435 dit

194 1452 446 1494 XXXVII.
476 1453 647 1504 Consul,
669 1452 862 1494 omnibus
885 1453 1131 1516 praeparatis
1160 1452 1214 1493 ad
1240 1453 1453 1508 proposita
1473 1468 1545 1494 ex·
1560 1459 1675 1492 Consul
1693 1459 1732 1490 ad

135 1509 361 1564 sequenda,
393 1526 526 1565 quum
556 1526 607 1551 ex
638 1510 798 1551 stativis
826 1510 1036 1559 movisset,
1068 1509 1316 1550 Dardanum
1345 1502 1744 1578 prinlum,f1³¹²t¹⁰⁰hu¹¹²

135 1564 286 1606 deinde
327 1566 570 1617 Rhoeteum,
608 1575 788 1622 utraque
826 1566 993 1607 ciritate
1033 1566 1197 1607 01111311]
1238 1566 1382 1616 eflusa,
1419 1576 1543 1609 15111ῖ.
1581 1551 1642 1577 ω

133 1620 231 1662 111(15
255 1622 383 1664 Ilium
409 1624 623 1689 processit,
645 1624 873 1679 castrisque
899 1624 942 1663 in
963 1638 1123 1679 campo,
1145 1623 1228 1678 qui
1250 1631 1312 1664 est
1333 1623 1547 1678 sublectus

134 1678 355 1730 moenibus,
386 1680 545 1736 positis,
576 1681 619 1721 in
656 1681 803 1721 urbem
837 1695 1057 1743 arcemque
1092 1695 1226 1735 quum
1261 1669 1544 1730 escendissetq,

133 1735 379 1778 sacrificavit
415 1738 621 1779 Minerxae
650 1737 818 1793 praesidi
848 1752 977 1784 arc1s;
1015 1745 1057 1778 et
1091 1736 1353 1777 Iliensibus4
1358 1736 1400 1776 in
1428 1738 1543 1778 omni

133 1806 273 1833 rerum
294 1794 602 1850 uerborumque
622 1794 778 1834 honore
798 1794 851 1835 ab
873 1809 914 1834 se
935 1793 1133 1834 oriundos
1155 1793 1366 1834 Romanos
1395 1793 1545 1849 praefe-

133 1849 336 1901 rentibus,
359 1859 400 1892 et
422 1851 622 1892 Romanis
652 1851 759 1891 laetis
788 1850 946 1906 origine
967 1866 1052 1891 sua.
1084 1850 1181 1891 inde
1210 1850 1387 1906 profecti
1419 1850 1545 1892 sextis

133 1907 278 1947 castris
299 1908 352 1948 ad
374 1916 505 1971 caput
525 1908 638 1949 Caici
670 1908 802 1948 amnis
830 1923 928 1963 perv
933 1915 1118 1948 eneru.nt
1180 1908 1246 1947 Eo
1271 1915 1311 1948 et
1333 1908 1546 1949 Eumenes

131 1976 221 2012 rex,
243 1973 416 2006 conatus
444 1980 580 2020 primo
609 1965 662 2005 ab
685 1964 960 2020 Hellesponto
985 1965 1184 2005 reducere
1214 1964 1384 2005 classem
1413 1964 1456 2004 in
1483 1964 1546 2005 hi-

131 2018 261 2059 berna
288 2021 463 2070 Elaeam,
486 2021 567 2061 adi
570 2022 670 2062 ersis
699 2021 849 2061 deinde
879 2021 1012 2062 1511115
1042 2036 1176 2076 quum
1206 2021 1366 2083 aliquot
1397 2020 1545 2063 diebus

131 2090 327 2131 superare
364 2078 524 2119 Lecton
563 2077 894 2141 promontorium
933 2093 1015 2118 non
1054 2078 1274 2133 potuisset,
1309 2092 1351 2117 m
1392 2085 1544 2118 terram

131 2147 335 2187 egressus,
364 2149 416 2175 ne
445 2134 604 2176 deesset
634 2135 848 2191 principiis
876 2149 1031 2185 lerum,
1063 2149 1149 2189 qua
1176 2134 1416 2189 proximum
1445 2134 1544 2185 fuit,

131 2188 175 2228 in
195 2198 330 2231 castra
351 2191 548 2232 Romana
571 2207 666 2232 cum
695 2207 826 2247 pana
854 2206 981 2232 manu
1013 2190 1238 2233 contendit.
1300 2191 1370 2231 Ex
1401 2191 1545 2232 castris

134 2246 387 2302 Pergamum
434 2248 628 2289 remissus
668 2248 721 2288 ad
761 2257 1014 2289 commeatus
1054 2247 1347 2303 expediendos,
1389 2247 1546 2289 tradito

132 2301 359 2354 frumento,
392 2305 547 2360 quibus
573 2306 755 2361 jusserat
791 2305 948 2354 consul,
976 2305 1018 2345 in
1048 2305 1192 2345 eadem
1227 2305 1379 2345 statixa
1407 2304 1544 2346 rediit.

131 2357 243 2409 inde,
264 2360 452 2416 plurium
483 2361 645 2424 dierum
675 2361 920 2417 praeparatis
941 2361 1118 2411 cibariis,
1140 2361 1354 2402 consilium
1377 2369 1464 2402 erat
1486 2361 1546 2401 ire

134 2414 188 2454 ad
220 2416 404 2468 hostem,
445 2417 692 2474 priusquam
731 2418 861 2459 hiems
901 2418 1164 2481 obprimeret.
1238 2417 1373 2473 Regia
1411 2425 1547 2458 castra

135 2469 243 2512 circa
262 2474 472 2530 Thyatira
495 2485 635 2516 erant:
668 2474 726 2516 ibi
747 2490 879 2530 quum
907 2474 1089 2516 audisset
1118 2474 1370 2537 Antiochus,
1394 2475 1441 2514 P.
1463 2474 1546 2514 Sci·
1559 2488 1730 2519 Antiochus

135 2526 298 2580 pionem
319 2546 480 2587 aegrum
500 2531 662 2573 Elaeam
692 2531 894 2582 delatum,
916 2531 1088 2587 legatOS,
1111 2531 1186 2587 qui
1215 2530 1347 2572 filium
1375 2531 1429 2572 ad
1449 2546 1544 2571 eum
1558 2531 1714 2605 1ῗὶἓοῗὲἕὶ
1715 2531 1755 2604 ifit

469 2618 485 2643 P
501 2615 601 2646 habebo
616 2616 712 2646 Gron.
729 2614 820 2646 Crev.
905 2618 922 2643 q
935 2615 1102 2645 ascendisset
1119 2613 1206 2644 Eaed.
1557 2616 1605 2648 tit.

181 2678 201 2707 3
226 2677 293 2709 Non
320 2680 411 2710 solum
428 2681 540 2723 frenis,
562 2685 611 2713 sed
632 2684 720 2713 etiam
740 2684 820 2723 jugo
907 2683 927 2712 4
959 2682 997 2711 In
1028 2682 1106 2711 omni
1141 2692 1239 2711 rerum
1267 2683 1471 2720 verborumque
1498 2680 1548 2709 ho—

136 2720 265 2760 accepto]
311 2722 411 2753 Aliter
437 2725 509 2766 Pol)
507 2725 586 2756 bins
615 2725 647 2756 in
673 2726 819 2766 Excerpt.
864 2725 947 2765 nore]
979 2723 1162 2764 Elegantius
1178 2724 1252 2754 abes
1256 2730 1302 2753 set
1317 2723 1351 2753 ’τὲ
1366 2725 1406 2752 in.
1442 2722 1547 2752 *Sen—

140 2763 218 2802 Leg.
248 2764 301 2794 23.
330 2776 388 2795 non
415 2767 506 2796 solum
522 2768 636 2808 frenis,
661 2769 708 2798 sed
735 2770 823 2798 etiam
866 2778 918 2798 sus
933 2773 996 2797 est:
1021 2767 1188 2797 Iliensibus
1211 2766 1292 2796 omni
1316 2775 1416 2795 rerum
1440 2765 1546 2795 verbo-

139 2806 272 2835 insessore
307 2814 431 2854 accepto.
488 2809 605 2840 Allusit
639 2816 744 2841 autem
778 2810 819 2841 ad
862 2821 992 2851 rumque
1019 2810 1133 2840 honore
1158 2808 1343 2839 testantibus
1375 2806 1498 2848 agnosci
1529 2818 1547 2837 a

137 2847 304 2888 apologum
325 2849 408 2889 equi,
430 2849 469 2880 de
492 2862 552 2892 quo
576 2853 734 2889 Horatius,
753 2853 817 2884 Non
863 2853 939 2884 sein
956 2853 1109 2884 Romanis
1120 2852 1244 2892 stirpem
1259 2860 1357 2881 suam.

136 2891 261 2929 equitem
277 2892 367 2929 dmso,
386 2893 573 2934 nonsrenum
589 2897 704 2935 depulit
719 2907 777 2927 om

929 2952 954 2976 x
976 2938 1002 2977 3
