1947 3222
100 203 190 235 U.·C.
206 202 281 236 567.

100 246 142 277 A.
155 246 281 278 C.185.

117 2192 228 2235 Legati
243 2202 308 2223 me-

119 2236 172 2267 dio
187 2245 309 2277 respon-

117 2290 151 2310 so
166 2289 230 2310 rem
245 2289 311 2309 sus-

116 2321 267 2364 pendunt.

308 88 384 123 424
829 81 977 121 T1T1
1023 83 1201 122 L1V11

311 193 431 235 dubio
451 191 597 247 paullo
625 198 733 242 ante,
758 193 796 233 si
824 193 926 233 Diis
947 194 1098 246 placet,
1130 194 1259 247 legati
1288 191 1478 233 Eumenis
1506 192 1725 241 sumebant,

313 264 402 306 quae
435 249 628 292 Antiochi
643 248 834 303 fuerunt,
860 251 1074 290 Eumenem
1102 251 1252 304 oequius
1280 265 1372 298 esse,
1401 262 1519 303 quam
1549 263 1635 298 me,
1652 249 1726 288 ha-

313 308 416 349 bere
448 308 494 348 id
511 321 582 360 ego
600 307 724 347 aliter
752 307 872 360 longe
885 305 1030 358 judico
1049 321 1140 348 esse.
1199 308 1396 348 Eumenes
1415 306 1531 357 enim,
1552 320 1630 347 non
1653 303 1729 346 nisi

314 364 494 407 vicissent
519 364 708 414 Romani,
729 365 798 404 sed
826 363 903 404 nisi
929 363 1068 404 bellum
1095 364 1320 417 gessissent,
1349 378 1509 404 manere
1535 364 1575 404 in
1604 376 1727 416 regno

315 434 386 464 suo
410 435 491 462 non
508 421 657 474 potuit.
716 420 863 473 Itaque
892 420 961 459 ille
985 426 1154 461 vestrum
1184 422 1364 461 meritum
1393 421 1526 470 habet,
1555 434 1634 460 non
1661 432 1729 460 vos

317 480 447 521 illius:
477 477 552 518 mei
571 484 700 518 autem
719 477 846 530 regni,
867 482 1020 516 tantum
1047 476 1202 526 aberat,
1224 483 1268 518 ut
1293 479 1378 518 ulla
1397 492 1500 531 pars
1521 479 1564 517 in
1585 477 1729 517 descri-

317 535 586 590 mineficeril,
617 540 660 574 ut
682 533 790 573 7tria
818 533 949 573 millia
976 532 1184 584 talentnm,
1215 541 1253 575 et
1283 536 1577 589 quinquaginta
1605 540 1732 574 tectas

319 607 454 643 naves,
475 598 511 632 et
529 605 662 632 omnes
685 589 861 630 Graeciae
879 590 1074 638 civitates,
1097 605 1196 644 quas
1224 598 1346 631 antea
1366 593 1586 657 tenuissem,
1603 591 1729 644 polli-

319 657 466 692 centem
486 649 592 688 ultro
613 647 891 687 Antiochum
876 662 919 688 777
941 649 1151 688 mercedem
1177 649 1380 689 societatis
1407 650 1479 689 sim
1507 650 1731 701 adsperna-

319 714 394 749 tus.
421 707 642 758 hostemque
661 705 700 744 ei
719 719 778 744 me
798 718 878 744 esse
891 706 1013 758 prius
1032 706 1166 753 etiam,
1189 719 1306 759 quam
1328 705 1385 745 M
1392 705 1419 745 '.
1441 705 1596 746 Acilius
1621 719 1732 744 exer-

320 765 441 805 citum
462 764 506 803 in
530 761 731 803 Graeciam
758 759 976 815 trajiceret,
994 776 1084 815 prce
1111 776 1170 802 me
1193 763 1269 803 tuli
1276 780 1288 802 .·
1325 768 1363 803 et
1389 776 1473 802 cum
1501 776 1545 801 eo
1575 763 1733 802 consule

319 821 417 862 belli
434 825 612 873 partem,
633 832 913 873 quamcumque
941 820 1043 860 mihi
1065 820 1280 874 delegavit,
1299 819 1416 873 gessi.
1451 825 1487 859 et
1513 818 1736 872 insequenti

316 878 472 919 consuli
491 877 543 917 L.
565 875 758 930 Scipioni,
781 890 896 930 quum
924 883 1037 917 terra
1062 878 1266 918 statuisset
1286 878 1427 917 ducere
1446 877 1658 916 exercitum
1679 875 1737 914 ad

317 936 638 987 Hellespontum,
661 947 738 973 77077
765 934 844 974 iter
872 940 1026 974 tantum
1052 949 1127 987 per
1150 948 1312 988 regnum
1337 940 1512 974 nostrum
1537 932 1644 983 dedi,
1665 932 1738 973 sed

318 993 402 1033 vias
432 992 553 1032 etiam
587 991 752 1039 munivi,
779 997 923 1044 pontes
937 990 1045 1045 feci,
1078 997 1313 1032 commeatus
1337 990 1514 1044 prcebui:
1562 991 1647 1030 necv
1654 1003 1736 1042 per

319 1047 609 1089 Macedoniam
625 1054 796 1096 tantum,
818 1049 889 1088 sed
900 1062 978 1100 per
1005 1048 1222 1089 Thraciam
1243 1050 1379 1098 etiam,
1401 1048 1495 1088 ubiun
1516 1047 1620 1088 inter
1638 1053 1738 1087 cete-

319 1120 369 1147 ra
390 1105 498 1160 ⁸paoe
526 1118 678 1159 quoque
699 1106 940 1157 praestanda
968 1118 994 1145 a
1015 1105 1202 1146 barbaris
1230 1111 1332 1146 erat.
1393 1106 1480 1145 Pro
1507 1105 1578 1145 hoc
1606 1104 1740 1153 studio

320 1177 404 1204 meo
431 1177 528 1217 erga
555 1176 633 1211 vos,
657 1175 706 1201 ne
732 1162 864 1202 dicam
895 1163 1048 1210 merim,
1081 1169 1208 1203 utrum
1236 1161 1413 1216 adjicere
1436 1174 1517 1211 77773,
1539 1161 1734 1209 Romani,

321 1220 497 1274 aliquid,
527 1225 566 1259 et
597 1219 847 1271 amplificare
877 1225 915 1259 et
947 1233 1095 1272 augere
1123 1234 1285 1273 regnum
1315 1233 1437 1259 meum
1468 1219 1738 1271 munificentia

323 1283 452 1319 vestra
473 1275 694 1330 oportebat,
718 1290 788 1325 an,
809 1289 898 1329 quoe
927 1276 1109 1316 haberem
1137 1283 1209 1317 aut
1234 1291 1317 1317 meo
1327 1275 1438 1330 jure,
1461 1283 1532 1316 aut
1553 1275 1740 1328 beneficio

325 1339 471 1384 vestro,
492 1334 678 1386 eripere?
712 1334 757 1373 id
775 1334 882 1387 quod
902 1347 1004 1373 nunc
1013 1334 1182 1387 facitis.
1241 1334 1513 1375 Macedonum
1540 1334 1737 1382 civitates,

326 1405 426 1446 quas
455 1391 573 1445 regni
599 1390 677 1430 mei
690 1389 828 1444 fuisse
836 1389 1052 1443 fatemini,
1080 1405 1159 1430 77077
1189 1392 1464 1432 restituuntur.
1529 1391 1739 1440 Eumenes,

326 1455 528 1503 tamquam
559 1449 617 1488 ad
638 1447 893 1496 Antiochum,
916 1448 990 1488 acl‘·
1008 1449 1261 1501 spoliandum
1283 1462 1341 1488 me
1367 1448 1488 1496 venit,
1511 1454 1562 1496 et,
1583 1447 1621 1488 si
1641 1447 1742 1487 Diis

326 1507 474 1560 placet,
507 1506 634 1546 decem
668 1506 889 1558 legatorum
924 1506 1120 1545 decretum
1153 1506 1365 1546 calumniae
1398 1505 1742 1557 inpudentissimae

322 1563 567 1617 pra’tendit‚·
598 1576 674 1616 quo
695 1563 866 1602 maxime
885 1568 922 1603 et
943 1562 1078 1617 refelli
1096 1568 1133 1603 et
1153 1563 1319 1617 coargui
1336 1568 1482 1616 potest.
1542 1562 1742 1603 Disertis-

326 1622 423 1661 sime
452 1619 557 1660 enz'm
581 1619 896 1673 planissimeque
926 1619 968 1660 in
1000 1634 1044 1660 eo
1070 1621 1259 1673 scriptum
1290 1626 1361 1667 est,
1397 1620 1676 1661 Chersonesum
1703 1623 1743 1659 et

326 1677 628 1732 Lysimachiam
649 1677 822 1717 Eumeni
842 1678 949 1718 dari.
1016 1676 1096 1718 Ubi
1114 1678 1274 1717 tandem
1295 1676 1443 1725 AEnus,
1461 1683 1499 1717 et
1522 1676 1740 1724 Maronea,

326 1740 366 1775 et
392 1734 583 1775 Thracia:
597 1733 778 1774 civitates
798 1735 1017 1787 adscripta‘
1033 1738 1154 1774 sunt?
1179 1735 1285 1788 quod
1299 1734 1349 1773 ab
1371 1735 1454 1774 illis
1470 1747 1519 1773 ne
1533 1734 1742 1786 postulare

327 1792 485 1846 quidem
505 1797 562 1831 est
589 1804 720 1840 ausus,
743 1791 788 1830 id
811 1793 923 1843 apud
948 1805 1027 1840 vos,
1051 1797 1248 1845 tamquam
1275 1791 1325 1830 ab
1346 1791 1430 1831 illis
1449 1791 1739 1843 impetraverit,

326 1848 550 1889 obtinebit?
595 1846 685 1913 Quo
706 1848 745 1887 in
766 1861 926 1888 numero
947 1862 1004 1888 me
1024 1849 1136 1901 apud
1154 1862 1220 1889 vos
1239 1862 1318 1889 esse
1337 1849 1481 1895 velitis,
1499 1847 1657 1903 ⁹1·est‘7·t.
1697 1847 1743 1888 Si

327 1911 528 1959 tamquam
550 1905 755 1945 inimicum
776 1911 814 1946 et
834 1905 978 1946 hostem
1001 1906 1193 1946 insectari
1207 1906 1454 1970 propositum
1477 1911 1548 1955 est,
1563 1905 1741 1957 pergite,

327 1968 373 2003 ut
395 1962 738 2016 coepistisfacere.
797 1962 872 2003 Sin
898 1963 1050 2016 aliquis
1075 1969 1271 2016 respectus
1293 1969 1352 2002 est
1375 1962 1459 2028 mei,
1483 1968 1526 2002 ut
1555 1962 1656 2002 socii
1674 1967 1740 2001 at-

329 2033 404 2073 que
429 2019 553 2060 amici
577 2020 698 2074 regis,
729 2020 933 2073 ᾱσρ7εεοι,
966 2034 1016 2060 ne
1040 2034 1100 2060 me
1123 2026 1240 2060 tanta
1268 2018 1422 2074 iryuaeia
1450 2020 1614 2074 dignum
1625 2018 1744 2073 judi-

328 2077 438 2117 cetis.

387 2133 575 2174 XXIX.
608 2133 748 2175 Movit
782 2133 1044 2190 aliquantum
1081 2142 1213 2175 oratlo
1245 2134 1355 2190 regis
1386 2133 1556 2189 legatos.
1599 2134 1742 2189 itaque

329 2189 466 2231 medio
494 2205 690 2245 responso
719 2205 805 2231 rem
837 2191 1165 2246 suspendelunt:
1198 2192 1245 2232 Si
1270 2193 1397 2232 decem
1430 2192 1646 2245 legatorum
1678 2191 1744 2230 de-

328 2254 436 2288 creto
455 2248 631 2287 Eumeni
650 2248 758 2286 ‹tatoe
777 2248 958 2288 civitates
978 2262 1034 2288 ese
1054 2255 1193 2298 essent,
1216 2249 1323 2289 mln'l
1341 2263 1382 2289 se
1401 2254 1566 2288 777777777·.ε
1586 2248 1621 2287 si
1642 2247 1746 2287 Plu-

329 2305 464 2370 lippus
479 2304 580 2344 bello
591 2304 754 2357 cepisset
773 2318 854 2353 eas,
870 2306 1080 2357 picentium
1095 2307 1222 2346 viffctov
1224 2319 1276 2346 777·
1280 2321 1380 2359 jure
1395 2306 1490 2346 belli
1503 2304 1742 2344 habiturum.

330 2362 368 2406 si
387 2367 567 2401 neutrum
589 2361 858 2426 eorumfomt,
879 2363 1039 2413 placere
1062 2362 1328 2417 cognitionem
1346 2362 1506 2403 senatui
1525 2375 1743 2402 reservari

331 2426 383 2468 et,
399 2418 481 2458 ¹⁰ut
503 2432 638 2458 omnia
659 2418 702 2458 in
717 2419 872 2472 intem-0
887 2433 1024 2459 maner
1027 2426 1106 2469 ent,
1103 2396 1330 2473 oprcesidza,
1349 2432 1437 2474 quae
1457 2419 1499 2458 in
1515 2419 1566 2459 izs
1586 2418 1747 2459 urbibus

330 2477 428 2526 sint,
449 2475 601 2515 deduci.
664 2476 746 2516 Hae
776 2490 931 2516 caussae
962 2475 1138 2517 maxime
1168 2477 1351 2518 animum
1384 2474 1565 2531 Philippi
1596 2474 1747 2516 aliena-

620 2550 645 2567 m
664 2548 711 2576 nbi
724 2549 811 2578 etiam
828 2548 925 2580 Gron.
941 2548 1032 2580 Crev.
1206 2556 1220 2569 ¹²
1235 2550 1272 2579 ml
1288 2548 1347 2579 del.
1366 2547 1451 2579 Eaed.

376 2617 393 2646 7
420 2616 490 2646 Tria
514 2615 606 2645 millia
631 2614 790 2655 talentn'tm]
820 2615 946 2646 Marcus
970 2626 1016 2646 ar-
1105 2617 1124 2647 9
1149 2615 1268 2664 Rffert]
1294 2615 1331 2646 ld
1348 2616 1465 2663 agitur:
1491 2615 1521 2647 id
1543 2615 1744 2658 spectandum

334 2658 418 2699 genti
433 2659 572 2690 281250.
1062 2658 1162 2689 venit:
1188 2659 1218 2689 in
1233 2669 1269 2690 eo
1283 2669 1330 2689 res
1347 2658 1480 2690 vertitur.

377 2702 501 2732 8⁸⁸*Pax
525 2723 533 2731 .
559 2723 566 2731 .
589 2723 597 2731 .
622 2723 629 2730 .
652 2700 813 2739 proestunda
841 2712 858 2729 a
889 2702 1019 2731 barbatis
1109 2702 1175 2731 10¹·
1191 2701 1230 2731 Ut
1257 2703 1351 2731 07777ιί77
1381 2704 1411 2732 in
1441 2704 1554 2744 integro
1580 2701 1744 2741 manerent]

334 2744 413 2785 erae]
452 2743 568 2775 Danda
603 2753 696 2784 opera
731 2747 806 2776 erat,
842 2748 875 2773 ut
910 2754 1016 2784 pacem
1062 2744 1105 2773 Ut
1142 2749 1278 2774 neutram
1308 2744 1338 2774 in
1368 2750 1485 2786 partem
1513 2755 1561 2776 res
1596 2744 1744 2775 inclinata

336 2791 445 2822 tutam,
461 2793 495 2817 ut
511 2786 627 2816 nullam
645 2796 704 2816 vmx
720 2795 739 2815 a
761 2785 897 2817 ba=baris
919 2792 1015 2818 trans·
1061 2785 1224 2823 videretur,
1242 2787 1294 2819 sed
1313 2788 1405 2830 plane
1421 2788 1499 2820 inter
1522 2793 1664 2829 utrosque
1679 2797 1742 2818 sus-

336 2829 402 2860 iens
416 2828 567 2861 exercitus
582 2827 779 2871 ex})crit·.etur
1061 2839 1166 2871 pensa.
