1947 3222
150 286 190 318 U.
205 284 328 317 c.571.

149 329 188 359 A.
202 328 241 361 C.
259 330 329 360 181.

153 1647 330 1678 Vincuntur

151 1689 310 1723 Celtiberi.

364 172 439 206 48⁶2
903 167 1041 204 TITI
1088 165 1264 204 LIVII

362 276 520 318 auxil-ia
550 284 840 323 contraxerat;
873 276 1239 332 sed“'nequaquam
1271 291 1445 325 numero
1476 275 1657 319 militum
1686 276 1781 318 hos-

363 342 448 375 tem
482 334 689 390 aequabat.
754 332 966 389 Principio
1001 333 1109 374 veris
1143 333 1372 375 exercitum
1406 333 1448 374 in
1485 333 1780 390 Carpetaniam

362 390 502 442 duxit,
524 399 566 433 et
587 400 722 432 castra
750 390 901 431 locavit
931 390 986 430 ad
1001 389 1218 445 ,oppidum
1240 389 1460 440 AEburam,
1483 390 1646 432 modico
1675 406 1782 446 prae-

363 447 469 489 sidio
498 448 542 489 in
571 448 675 489 urbe
707 447 857 504 posito.
918 447 1070 486 Paucis
1100 455 1195 502 post
1225 446 1374 488 diebus
1408 447 1622 497 Celtiberi,
1654 447 1784 488 millia

363 504 450 546 duo
469 505 599 546 ferme
619 503 731 554 inde,
754 503 832 544 sub
858 502 960 543 colle
987 511 1219 558 posuerunt
1240 512 1385 545 castra.
1417 520 1524 560 quos
1546 504 1618 546 ubi
1640 504 1784 545 adesse

362 570 519 617 praetor
550 562 766 602 Romanus
797 559 938 609 sensit,
966 560 1029 600 M.
1055 559 1256 600 Fulvium
1286 560 1458 601 fratrem
1489 576 1582 602 cum
1614 561 1783 602 duabus

364 617 513 660 turmis
535 617 738 659 sociorum
760 616 953 672 equitum
984 616 1039 657 ad
1058 624 1194 657 castra
1221 615 1403 658 hostium
1426 618 1686 673 speculatum
1708 617 1784 658 mi-

365 674 432 726 sit,
455 690 583 731 quam
610 673 799 729 proxime
827 673 1047 714 succedere
1074 672 1128 713 ad
1158 672 1314 714 vallum
1335 674 1517 729 jussum,
1539 683 1588 716 ut
1615 676 1782 723 viseret,

364 740 522 786 quanta
552 739 712 778 essent;
746 745 891 786 pugna
917 729 1158 780 abstineret,
1180 731 1468 786 reciperetque
1499 746 1599 781 sese,
1628 731 1660 772 si
1690 732 1785 772 hos-

365 789 471 830 tium
493 788 732 845 equitatum
753 795 976 828 exeuntem
996 787 1181 828 vidisset.
1227 788 1310 839 Ita,
1331 795 1380 829 ut
1401 796 1660 844 praeceptum
1680 797 1785 838 erat,

364 845 475 886 fecit.
531 847 613 886 Per
634 844 722 885 dies
743 843 904 900 aliquot
926 844 1031 884 nihil
1053 843 1165 885 ultra
1185 852 1362 893 motum,
1384 859 1512 900 quam
1533 853 1581 886 ut
1602 844 1669 886 hae
1687 845 1784 886 duae

365 910 517 943 turmae
552 901 895 943 ostenderentur:
943 901 1040 942 dein
1076 900 1426 951 subducerentur,
1462 900 1537 942 ubi
1571 902 1786 957 equitatus

366 958 550 1000 hostium
597 958 742 1000 castris
790 957 1149 1015 procucurrissent
1164 967 1203 998 ¹¹².
1285 960 1530 999 Postremon
1571 958 1786 1008 Celtiberi,

363 1016 559 1057 omnibus
589 1015 713 1056 simul
747 1015 939 1071 peditum
973 1015 1250 1071 equitumque
1283 1015 1412 1071 copiis
1442 1015 1587 1056 castris
1616 1015 1786 1071 egressi,

363 1072 450 1114 acie
482 1073 642 1114 directa
669 1072 807 1113 medio
837 1072 966 1113 ferme
995 1072 1129 1128 spatio
1159 1072 1268 1113 inter
1296 1072 1396 1113 bina
1430 1080 1565 1113 castra
1593 1073 1787 1114 constite-

362 1138 475 1171 runt.
539 1132 725 1185 Campus
755 1137 843 1170 erat
874 1129 1024 1185 planus
1054 1128 1187 1170 omnis
1207 1137 1249 1170 et
1273 1138 1399 1185 aptus
1428 1144 1595 1185 pugnae.
1626 1129 1685 1171 ibi
1707 1137 1787 1171 ste-

364 1195 452 1228 tere
480 1187 660 1243 Hispani
686 1186 846 1227 hostem
879 1193 1179 1242 exspectanteS.
1241 1187 1459 1227 Romanus
1489 1187 1599 1227 intra
1627 1186 1786 1228 vallum

364 1259 461 1284 suos
495 1243 702 1285 continuit
734 1258 809 1299 per
844 1241 1122 1298 quatriduum
1158 1243 1428 1284 continuum:
1471 1251 1512 1284 et
1548 1243 1608 1284 illi
1641 1243 1787 1285 eodem

363 1300 455 1341 loco
489 1300 618 1342 aciem
647 1300 897 1342 instructam
927 1307 1166 1340 tenuerunt.
1227 1300 1300 1341 Ab
1334 1299 1534 1340 Romanis
1564 1299 1669 1340 nihil
1699 1316 1786 1342 mo-

365 1365 469 1399 tum.
506 1357 602 1398 inde
632 1356 827 1412 quievere
857 1356 900 1397 in
930 1355 1074 1397 castris
1107 1355 1322 1407 Celtiberi,
1353 1357 1454 1412 quia
1482 1371 1638 1412 pugnae
1668 1357 1788 1413 copia

364 1429 447 1455 non
478 1415 628 1456 fiebat:
667 1413 829 1470 equites
850 1421 1016 1455 tantum
1043 1412 1086 1453 in
1117 1412 1337 1454 stationem
1369 1413 1705 1469 egrediebantur,
1737 1423 1786 1456 ut

363 1472 501 1527 parati
532 1479 681 1521 essent,
704 1471 737 1511 si
759 1470 864 1526 quid
890 1471 945 1511 ab
972 1470 1091 1510 hoste
1115 1478 1365 1511 moveretur.
1397 1485 1506 1527 pone
1526 1478 1661 1511 castra
1681 1471 1785 1512 utri-

365 1543 449 1584 que
483 1528 733 1586 pabulatum
768 1535 810 1569 et
846 1527 1052 1583 lignatum
1092 1527 1225 1577 ibant,
1261 1526 1400 1569 neutri
1434 1527 1586 1568 alteros
1625 1527 1786 1584 inpedi-

366 1594 492 1627 entes.

424 1643 614 1684 XXXI.
648 1644 811 1684 Praetor
848 1642 1079 1691 Romanus,
1113 1641 1187 1682 ubi
1219 1642 1317 1683 satis
1353 1649 1416 1683 tot
1451 1641 1615 1683 dierum
1645 1641 1787 1697 quiete

365 1699 543 1742 credidit
574 1715 688 1756 spem
719 1699 872 1740 factam
902 1698 1027 1748 hosti,
1057 1698 1160 1739 nihil
1191 1714 1232 1739 se
1262 1698 1442 1755 priorem
1472 1706 1702 1749 moturum,
1733 1700 1784 1740 L.

366 1756 552 1799 Acilium
574 1772 670 1797 cum
691 1756 757 1797 ala
781 1755 946 1797 sinistra
966 1764 1007 1797 et
1029 1771 1100 1796 sex
1120 1755 1306 1797 millibus
1330 1755 1648 1812 provincialium
1670 1756 1787 1798 auxi-

365 1813 517 1855 liorum
538 1813 756 1855 circumire
776 1821 961 1854 montem
986 1812 1125 1867 jubet,
1148 1812 1223 1867 qui
1244 1812 1297 1853 ab
1318 1821 1438 1868 tergo
1458 1812 1649 1853 hostibus
1670 1822 1784 1860 erat;

366 1871 476 1921 inde,
512 1870 587 1911 ubi
622 1870 842 1911 clamorem
873 1869 1073 1918 audisset,
1110 1868 1331 1910 decurrere
1369 1869 1423 1910 ad
1459 1877 1594 1910 castra
1628 1883 1784 1910 eorum.

364 1936 486 1969 nocte
515 1926 692 1984 profecti
715 1934 827 1976 sunt,
848 1941 900 1967 ne
921 1934 1087 1981 possent
1119 1925 1311 1981 conspici.
1375 1925 1551 1967 Flaccus
1580 1925 1672 1967 luce
1699 1927 1785 1989 pri-

366 1999 434 2025 ma
465 1985 512 2026 C.
538 1983 816 2031 Scribonium,
847 1982 1094 2039 praefectum
1125 1982 1298 2032 sociem,
1329 1982 1384 2023 ad
1414 1982 1571 2024 vallum
1601 1982 1784 2025 hostium

365 2040 484 2083 *cum
522 2040 738 2097 equitibus
778 2039 1117 2081 extraordinariis
1158 2039 1334 2081 sinistrae
1374 2039 1451 2081 alae
1486 2040 1630 2081 mittit.
1677 2055 1784 2096 quos

365 2098 439 2139 ubi
470 2106 511 2140 et
540 2097 713 2154 propius
743 2096 952 2146 accedere,
974 2104 1015 2137 et
1036 2096 1192 2152 plures,
1214 2111 1342 2152 quam
1368 2096 1476 2138 soliti
1502 2105 1633 2146 erant,
1658 2096 1785 2139 Celti-

365 2154 453 2195 beri
484 2162 805 2210 conspexerunt,
836 2153 969 2194 omnis
1003 2153 1218 2209 equitatus
1250 2153 1482 2194 effunditur
1517 2153 1688 2195 castris:
1733 2153 1784 2195 si-

365 2211 455 2252 mul
482 2219 524 2252 et
553 2210 767 2267 peditibus
797 2210 963 2266 signum
984 2210 1037 2251 ad
1059 2210 1297 2251 exeundum
1329 2209 1466 2251 datur.
1530 2209 1785 2262 Scribonius,

367 2268 431 2310 uti
457 2275 716 2325 praeceptum
738 2275 842 2318 erat,
864 2267 936 2309 ubi
966 2267 1151 2323 primum
1170 2266 1406 2308 ⁵fremitum
1432 2267 1689 2323 equestrium
1711 2282 1784 2307 au-

366 2325 490 2376 divit,
511 2323 662 2366 avertit
693 2339 837 2379 equos,
859 2332 901 2366 et
921 2331 1057 2365 castra
1085 2323 1249 2380 repetit.
1281 2339 1330 2365 eo
1350 2323 1522 2365 effusius
1549 2323 1666 2378 sequi
1690 2323 1784 2364 hos-

367 2391 440 2424 tes.
472 2382 609 2438 primo
633 2381 809 2436 equites,
831 2396 927 2422 mox
958 2388 1000 2422 et
1029 2380 1221 2437 peditum
1251 2380 1359 2422 acies
1388 2380 1545 2429 aderat,
1567 2379 1683 2420 haud
1707 2379 1785 2421 du-

367 2439 436 2480 bia
465 2454 552 2494 spe,
573 2437 730 2479 6castra
750 2453 798 2478 eo
819 2437 885 2478 die
907 2453 948 2479 se
978 2437 1308 2494 obpugnaturos.
1341 2437 1593 2493 quingentos
1622 2451 1782 2492 passus,

366 2510 449 2537 non
470 2495 580 2551 plus,
602 2510 627 2535 a
645 2494 755 2535 vallo
776 2495 960 2535 aberant.
1004 2495 1172 2550 Itaque,
1190 2494 1263 2535 ubi
1288 2493 1463 2534 Flaccus
1484 2493 1583 2534 satis
1603 2493 1785 2534 abstrac-

367 2561 430 2594 tos
451 2567 520 2593 eos
540 2567 564 2592 a
584 2551 778 2607 praesidio
806 2559 1032 2592 castrorum
1064 2566 1235 2592 suorum
1257 2559 1375 2592 ratus
1396 2557 1473 2599 est,
1495 2550 1606 2591 intra
1625 2549 1782 2591 vallum

641 2638 665 2654 ’Π
678 2636 867 2674 procur-risset
883 2635 981 2666 Gron.
998 2635 1088 2666 Crcv.
1261 2637 1278 2655 ὓ
1294 2634 1351 2664 ins.
1366 2641 1392 2664 et
1410 2634 1497 2665 l-zaed.

408 2711 427 2740 4
463 2711 539 2740 Cum
567 2709 708 2750 equitibus
745 2709 984 2738 enraordinariis
1013 2710 1050 2737 si·
1138 2709 1158 2737 6
1193 2708 1296 2737 Castra
1334 2718 1364 2736 co
1399 2708 1445 2737 die
1483 2718 1512 2737 se
1545 2706 1779 2749 oppugnaturos]

367 2754 468 2783 nistra·
493 2752 567 2793 altr]
615 2750 688 2782 Vid.
711 2755 772 2781 not.
797 2750 835 2780 ad
860 2750 880 2780 1.
905 2751 1051 2782 XXVII.
1097 2749 1184 2780 Nihil
1212 2749 1406 2780 mutandum.
1452 2750 1620 2791 Hucusque
1643 2759 1780 2791 pugnam

367 2805 395 2826 c.
417 2796 462 2825 12.
1094 2798 1212 2822 tantum
1241 2793 1318 2823 inter
1342 2793 1417 2823 bina
1447 2799 1547 2823 castra
1573 2798 1782 2834 speraverant.

409 2840 430 2869 5
456 2838 615 2868 Fremitum
636 2836 826 2877 equestrium]
872 2836 956 2877 Lege
979 2846 1050 2866 eum
1095 2837 1112 2853 '¹
1127 2836 1218 2865 Nunc
1241 2835 1349 2866 crescit
1372 2835 1433 2866 illis
1461 2835 1604 2871 audacia,
1627 2839 1657 2866 et
1680 2841 1781 2867 castra

370 2880 524 2911 Gronovio
544 2880 705 2921 ‘frenatum
732 2886 904 2920 eqnwstrem:
943 2889 1047 2920 quem-
1093 2887 1215 2919 quoque
1236 2879 1379 2910 Romana
1402 2889 1434 2909 se
1457 2883 1686 2920 oppugnaturos
1708 2888 1777 2919 spe-

369 2922 534 2954 admodum
551 2922 623 2952 alibi
638 2924 762 2961 prm-ella
777 2924 924 2961 equestris.
1095 2927 1171 2950 rant.
