<?xml version="1.0" encoding="UTF-8"?>
<!DOCTYPE html PUBLIC "-//W3C//DTD XHTML 1.0 Transitional//EN"
    "http://www.w3.org/TR/xhtml1/DTD/xhtml1-transitional.dtd">
<html xmlns="http://www.w3.org/1999/xhtml" xml:lang="en" lang="en">
 <head>
  <title>
</title>
<meta http-equiv="Content-Type" content="text/html;charset=utf-8" />
  <meta name='ocr-system' content='tesseract 3.04.00' />
  <meta name='ocr-capabilities' content='ocr_page ocr_carea ocr_par ocr_line ocrx_word'/>
</head>
<body>
  <div class='ocr_page' id='page_1' title='image "./historiarumaburb03livyuoft_0489.png"; bbox 0 0 1947 3222; ppageno 0'>
   <div class='ocr_carea' id='block_1_1' title="bbox 499 79 1522 129">
    <p class='ocr_par' dir='ltr' id='par_1_1' title="bbox 499 79 1522 129">
     <span class='ocr_line' id='line_1_1' title="bbox 499 79 1522 129; baseline 0.008 -12"><span class='ocrx_word' id='word_1_1' title='bbox 499 81 618 118; x_wconf 83' lang='lat' dir='ltr'>LIB.</span> <span class='ocrx_word' id='word_1_2' title='bbox 648 80 734 118; x_wconf 85' lang='lat' dir='ltr'>XL.</span> <span class='ocrx_word' id='word_1_3' title='bbox 773 79 904 117; x_wconf 86' lang='lat' dir='ltr'>CAP.</span> <span class='ocrx_word' id='word_1_4' title='bbox 934 81 1133 120; x_wconf 79' lang='lat' dir='ltr'>XXVIII.</span> <span class='ocrx_word' id='word_1_5' title='bbox 1448 89 1522 129; x_wconf 74' lang='lat'>479</span> 
     </span>
    </p>
   </div>
   <div class='ocr_carea' id='block_1_2' title="bbox 92 187 1720 2353">
    <p class='ocr_par' dir='ltr' id='par_1_2' title="bbox 92 187 1714 1385">
     <span class='ocr_line' id='line_1_2' title="bbox 101 187 1713 248; baseline 0.002 -17"><span class='ocrx_word' id='word_1_6' title='bbox 101 191 283 247; x_wconf 80' lang='lat' dir='ltr'>positus:</span> <span class='ocrx_word' id='word_1_7' title='bbox 316 189 452 232; x_wconf 77' lang='lat' dir='ltr'>⁹³duae</span> <span class='ocrx_word' id='word_1_8' title='bbox 473 190 662 231; x_wconf 82' lang='lat' dir='ltr'>cohortes</span> <span class='ocrx_word' id='word_1_9' title='bbox 681 197 721 230; x_wconf 91' lang='lat' dir='ltr'>et</span> <span class='ocrx_word' id='word_1_10' title='bbox 744 187 874 229; x_wconf 84' lang='lat' dir='ltr'>triarii</span> <span class='ocrx_word' id='word_1_11' title='bbox 905 188 1086 229; x_wconf 84' lang='lat' dir='ltr'>duarum</span> <span class='ocrx_word' id='word_1_12' title='bbox 1108 189 1318 245; x_wconf 86' lang='lat' dir='ltr'>legionum</span> <span class='ocrx_word' id='word_1_13' title='bbox 1347 193 1390 233; x_wconf 87' lang='lat' dir='ltr'>in</span> <span class='ocrx_word' id='word_1_14' title='bbox 1420 208 1525 248; x_wconf 85' lang='lat' dir='ltr'>prae-</span> <span class='ocrx_word' id='word_1_15' title='bbox 1537 206 1580 238; x_wconf 85' lang='lat' dir='ltr'>U.</span> <span class='ocrx_word' id='word_1_16' title='bbox 1592 206 1628 238; x_wconf 88' lang='lat' dir='ltr'>C.</span> <span class='ocrx_word' id='word_1_17' title='bbox 1641 207 1713 239; x_wconf 85' lang='lat'>571.</span> 
     </span>
     <span class='ocr_line' id='line_1_3' title="bbox 104 244 1714 301; baseline 0.002 -14"><span class='ocrx_word' id='word_1_18' title='bbox 104 248 209 288; x_wconf 75' lang='lat' dir='ltr'>sidio</span> <span class='ocrx_word' id='word_1_19' title='bbox 230 257 460 290; x_wconf 83' lang='lat' dir='ltr'>castrorum</span> <span class='ocrx_word' id='word_1_20' title='bbox 486 260 650 288; x_wconf 88' lang='lat' dir='ltr'>manere</span> <span class='ocrx_word' id='word_1_21' title='bbox 680 244 798 301; x_wconf 83' lang='lat' dir='ltr'>jussi.</span> <span class='ocrx_word' id='word_1_22' title='bbox 867 246 1021 287; x_wconf 86' lang='lat' dir='ltr'><strong>Omnes</strong></span> <span class='ocrx_word' id='word_1_23' title='bbox 1051 255 1193 300; x_wconf 88' lang='lat' dir='ltr'>portas</span> <span class='ocrx_word' id='word_1_24' title='bbox 1223 249 1714 291; x_wconf 71' lang='lat' dir='ltr'>conc1011abun-A·C·1³1·</span> 
     </span>
     <span class='ocr_line' id='line_1_4' title="bbox 101 301 1526 361; baseline 0.002 -16"><span class='ocrx_word' id='word_1_25' title='bbox 101 303 181 345; x_wconf 82' lang='lat' dir='ltr'>dus</span> <span class='ocrx_word' id='word_1_26' title='bbox 228 305 315 361; x_wconf 87' lang='lat' dir='ltr'>ipse</span> <span class='ocrx_word' id='word_1_27' title='bbox 361 305 585 360; x_wconf 87' lang='lat' dir='ltr'>imperator</span> <span class='ocrx_word' id='word_1_28' title='bbox 627 301 858 348; x_wconf 83' lang='lat' dir='ltr'>circumiit3</span> <span class='ocrx_word' id='word_1_29' title='bbox 911 310 967 351; x_wconf 89' lang='lat' dir='ltr'>et,</span> <span class='ocrx_word' id='word_1_30' title='bbox 1009 301 1346 360; x_wconf 86' lang='lat' dir='ltr'>quibuscumque</span> <span class='ocrx_word' id='word_1_31' title='bbox 1389 306 1526 348; x_wconf 86' lang='lat' dir='ltr'>irrita-</span> 
     </span>
     <span class='ocr_line' id='line_1_5' title="bbox 103 359 1529 418; baseline 0.003 -18"><span class='ocrx_word' id='word_1_32' title='bbox 103 362 266 411; x_wconf 81' lang='lat' dir='ltr'>mentis,</span> <span class='ocrx_word' id='word_1_33' title='bbox 283 368 460 418; x_wconf 84' lang='lat' dir='ltr'>poterat,</span> <span class='ocrx_word' id='word_1_34' title='bbox 477 360 558 400; x_wconf 85' lang='lat' dir='ltr'>iras</span> <span class='ocrx_word' id='word_1_35' title='bbox 574 359 755 400; x_wconf 90' lang='lat' dir='ltr'>militum</span> <span class='ocrx_word' id='word_1_36' title='bbox 773 359 968 405; x_wconf 85' lang='lat' dir='ltr'>acuebat;</span> <span class='ocrx_word' id='word_1_37' title='bbox 1001 373 1111 399; x_wconf 87' lang='lat' dir='ltr'>nunc</span> <span class='ocrx_word' id='word_1_38' title='bbox 1128 359 1318 401; x_wconf 89' lang='lat' dir='ltr'>fraudem</span> <span class='ocrx_word' id='word_1_39' title='bbox 1339 362 1529 409; x_wconf 75' lang='lat' dir='ltr'>bostium</span> 
     </span>
     <span class='ocr_line' id='line_1_6' title="bbox 100 415 1526 473; baseline 0.001 -15"><span class='ocrx_word' id='word_1_40' title='bbox 100 418 309 469; x_wconf 85' lang='lat' dir='ltr'>incusans,</span> <span class='ocrx_word' id='word_1_41' title='bbox 341 417 428 473; x_wconf 92' lang='lat' dir='ltr'>qui,</span> <span class='ocrx_word' id='word_1_42' title='bbox 459 431 560 472; x_wconf 90' lang='lat' dir='ltr'>pace</span> <span class='ocrx_word' id='word_1_43' title='bbox 590 415 736 472; x_wconf 85' lang='lat' dir='ltr'>petita,</span> <span class='ocrx_word' id='word_1_44' title='bbox 768 416 946 456; x_wconf 89' lang='lat' dir='ltr'>induciis</span> <span class='ocrx_word' id='word_1_45' title='bbox 977 415 1101 465; x_wconf 82' lang='lat' dir='ltr'>datis,</span> <span class='ocrx_word' id='word_1_46' title='bbox 1132 431 1207 472; x_wconf 85' lang='lat' dir='ltr'>per</span> <span class='ocrx_word' id='word_1_47' title='bbox 1236 417 1374 472; x_wconf 88' lang='lat' dir='ltr'>ipsum</span> <span class='ocrx_word' id='word_1_48' title='bbox 1405 418 1526 460; x_wconf 88' lang='lat' dir='ltr'>indu-</span> 
     </span>
     <span class='ocr_line' id='line_1_7' title="bbox 103 472 1528 529; baseline 0.001 -15"><span class='ocrx_word' id='word_1_49' title='bbox 103 474 261 515; x_wconf 84' lang='lat' dir='ltr'><strong>ciarum</strong></span> <span class='ocrx_word' id='word_1_50' title='bbox 292 484 458 529; x_wconf 89' lang='lat' dir='ltr'>tempus</span> <span class='ocrx_word' id='word_1_51' title='bbox 490 482 634 515; x_wconf 83' lang='lat' dir='ltr'>contra</span> <span class='ocrx_word' id='word_1_52' title='bbox 663 473 736 528; x_wconf 81' lang='lat' dir='ltr'>jus</span> <span class='ocrx_word' id='word_1_53' title='bbox 770 473 960 528; x_wconf 87' lang='lat' dir='ltr'>gentium</span> <span class='ocrx_word' id='word_1_54' title='bbox 997 472 1051 513; x_wconf 88' lang='lat' dir='ltr'>ad</span> <span class='ocrx_word' id='word_1_55' title='bbox 1081 481 1216 514; x_wconf 84' lang='lat' dir='ltr'>castra</span> <span class='ocrx_word' id='word_1_56' title='bbox 1244 474 1528 529; x_wconf 71' lang='lat' dir='ltr'>obpugnanda</span> 
     </span>
     <span class='ocr_line' id='line_1_8' title="bbox 103 529 1528 586; baseline 0.002 -17"><span class='ocrx_word' id='word_1_57' title='bbox 103 532 333 572; x_wconf 89' lang='lat' dir='ltr'>venissent:</span> <span class='ocrx_word' id='word_1_58' title='bbox 365 545 491 580; x_wconf 91' lang='lat' dir='ltr'>nunc,</span> <span class='ocrx_word' id='word_1_59' title='bbox 523 539 708 586; x_wconf 90' lang='lat' dir='ltr'>quantus</span> <span class='ocrx_word' id='word_1_60' title='bbox 736 529 874 586; x_wconf 85' lang='lat' dir='ltr'>pudor</span> <span class='ocrx_word' id='word_1_61' title='bbox 903 537 1024 579; x_wconf 87' lang='lat' dir='ltr'>esset,</span> <span class='ocrx_word' id='word_1_62' title='bbox 1057 529 1245 579; x_wconf 89' lang='lat' dir='ltr'>edocens,</span> <span class='ocrx_word' id='word_1_63' title='bbox 1277 531 1330 571; x_wconf 86' lang='lat' dir='ltr'>ab</span> <span class='ocrx_word' id='word_1_64' title='bbox 1360 530 1528 586; x_wconf 87' lang='lat' dir='ltr'>Liguri-</span> 
     </span>
     <span class='ocr_line' id='line_1_9' title="bbox 102 586 1528 642; baseline 0 -14"><span class='ocrx_word' id='word_1_65' title='bbox 102 587 197 638; x_wconf 87' lang='lat' dir='ltr'>bus,</span> <span class='ocrx_word' id='word_1_66' title='bbox 214 587 445 629; x_wconf 86' lang='lat' dir='ltr'>latronibus</span> <span class='ocrx_word' id='word_1_67' title='bbox 467 587 619 637; x_wconf 88' lang='lat' dir='ltr'>verius,</span> <span class='ocrx_word' id='word_1_68' title='bbox 637 602 765 642; x_wconf 86' lang='lat' dir='ltr'>quam</span> <span class='ocrx_word' id='word_1_69' title='bbox 782 586 974 628; x_wconf 84' lang='lat' dir='ltr'>hostibus</span> <span class='ocrx_word' id='word_1_70' title='bbox 990 586 1132 642; x_wconf 83' lang='lat' dir='ltr'>justis,</span> <span class='ocrx_word' id='word_1_71' title='bbox 1151 587 1391 628; x_wconf 85' lang='lat' dir='ltr'>Romanum</span> <span class='ocrx_word' id='word_1_72' title='bbox 1413 603 1528 628; x_wconf 90' lang='lat' dir='ltr'>exer-</span> 
     </span>
     <span class='ocr_line' id='line_1_10' title="bbox 102 643 1526 698; baseline 0 -13"><span class='ocrx_word' id='word_1_73' title='bbox 102 645 232 686; x_wconf 85' lang='lat' dir='ltr'>citum</span> <span class='ocrx_word' id='word_1_74' title='bbox 262 643 455 685; x_wconf 84' lang='lat' dir='ltr'>obsideri.</span> <span class='ocrx_word' id='word_1_75' title='bbox 519 643 608 692; x_wconf 71' lang='lat' dir='ltr'>Quo</span> <span class='ocrx_word' id='word_1_76' title='bbox 637 659 707 683; x_wconf 87' lang='lat' dir='ltr'>ore</span> <span class='ocrx_word' id='word_1_77' title='bbox 737 645 944 698; x_wconf 78' lang='lat' dir='ltr'>quisquam</span> <span class='ocrx_word' id='word_1_78' title='bbox 975 644 1160 694; x_wconf 68' lang='lat' dir='ltr'>vestrum,</span> <span class='ocrx_word' id='word_1_79' title='bbox 1191 645 1228 684; x_wconf 85' lang='lat' dir='ltr'>si</span> <span class='ocrx_word' id='word_1_80' title='bbox 1261 645 1356 684; x_wconf 77' lang='lat' dir='ltr'>hinc</span> <span class='ocrx_word' id='word_1_81' title='bbox 1390 645 1526 685; x_wconf 81' lang='lat' dir='ltr'>alieno</span> 
     </span>
     <span class='ocr_line' id='line_1_11' title="bbox 92 700 1530 754; baseline 0.002 -14"><span class='ocrx_word' id='word_1_82' title='bbox 92 702 308 754; x_wconf 59' lang='lat' dir='ltr'>prasidio,</span> <span class='ocrx_word' id='word_1_83' title='bbox 331 716 411 741; x_wconf 79' lang='lat' dir='ltr'>nou</span> <span class='ocrx_word' id='word_1_84' title='bbox 442 708 573 742; x_wconf 79' lang='lat' dir='ltr'>vestra</span> <span class='ocrx_word' id='word_1_85' title='bbox 605 703 765 750; x_wconf 85' lang='lat' dir='ltr'>virtute,</span> <span class='ocrx_word' id='word_1_86' title='bbox 789 702 1011 747; x_wconf 80' lang='lat' dir='ltr'>evaseritis,</span> <span class='ocrx_word' id='word_1_87' title='bbox 1034 700 1230 750; x_wconf 81' lang='lat' dir='ltr'>obcurrel,</span> <span class='ocrx_word' id='word_1_88' title='bbox 1253 716 1333 741; x_wconf 82' lang='lat' dir='ltr'>non</span> <span class='ocrx_word' id='word_1_89' title='bbox 1362 703 1452 742; x_wconf 81' lang='lat' dir='ltr'>dico</span> <span class='ocrx_word' id='word_1_90' title='bbox 1472 704 1530 743; x_wconf 86' lang='lat' dir='ltr'>eis</span> 
     </span>
     <span class='ocr_line' id='line_1_12' title="bbox 100 759 1528 812; baseline 0.002 -15"><span class='ocrx_word' id='word_1_91' title='bbox 100 759 309 807; x_wconf 76' lang='lat' dir='ltr'>militibus,</span> <span class='ocrx_word' id='word_1_92' title='bbox 342 759 413 812; x_wconf 81' lang='lat' dir='ltr'>qui</span> <span class='ocrx_word' id='word_1_93' title='bbox 443 759 740 808; x_wconf 81' lang='lat' dir='ltr'>Hannibalem,</span> <span class='ocrx_word' id='word_1_94' title='bbox 774 759 844 812; x_wconf 84' lang='lat' dir='ltr'>qui</span> <span class='ocrx_word' id='word_1_95' title='bbox 881 759 1139 811; x_wconf 74' lang='lat' dir='ltr'>Philippum,</span> <span class='ocrx_word' id='word_1_96' title='bbox 1170 760 1242 812; x_wconf 84' lang='lat' dir='ltr'>qui</span> <span class='ocrx_word' id='word_1_97' title='bbox 1270 759 1528 807; x_wconf 80' lang='lat' dir='ltr'>Antiochum,</span> 
     </span>
     <span class='ocr_line' id='line_1_13' title="bbox 101 816 1532 871; baseline 0.001 -16"><span class='ocrx_word' id='word_1_98' title='bbox 101 817 296 856; x_wconf 72' lang='lat' dir='ltr'>maximos</span> <span class='ocrx_word' id='word_1_99' title='bbox 326 821 474 856; x_wconf 67' lang='grc' dir='ltr'>ποεῖν-α’</span> <span class='ocrx_word' id='word_1_100' title='bbox 503 817 639 857; x_wconf 63' lang='lat' dir='ltr'>aetatis</span> <span class='ocrx_word' id='word_1_101' title='bbox 669 831 782 870; x_wconf 75' lang='lat' dir='ltr'>reges</span> <span class='ocrx_word' id='word_1_102' title='bbox 812 817 1015 869; x_wconf 81' lang='lat' dir='ltr'>ducesque,</span> <span class='ocrx_word' id='word_1_103' title='bbox 1048 816 1252 864; x_wconf 76' lang='lat' dir='ltr'>vicerunt;</span> <span class='ocrx_word' id='word_1_104' title='bbox 1282 817 1353 856; x_wconf 82' lang='lat' dir='ltr'>sed</span> <span class='ocrx_word' id='word_1_105' title='bbox 1372 818 1439 866; x_wconf 88' lang='lat' dir='ltr'>iis,</span> <span class='ocrx_word' id='word_1_106' title='bbox 1461 818 1532 871; x_wconf 84' lang='lat' dir='ltr'>qui</span> 
     </span>
     <span class='ocr_line' id='line_1_14' title="bbox 102 873 1530 927; baseline 0.001 -14"><span class='ocrx_word' id='word_1_107' title='bbox 102 873 171 914; x_wconf 81' lang='lat' dir='ltr'>lios</span> <span class='ocrx_word' id='word_1_108' title='bbox 192 874 298 926; x_wconf 80' lang='lat' dir='ltr'>ipsos</span> <span class='ocrx_word' id='word_1_109' title='bbox 319 874 494 927; x_wconf 80' lang='lat' dir='ltr'>Ligures</span> <span class='ocrx_word' id='word_1_110' title='bbox 515 875 745 927; x_wconf 74' lang='lat' dir='ltr'>aliquoties,</span> <span class='ocrx_word' id='word_1_111' title='bbox 761 887 949 925; x_wconf 80' lang='lat' dir='ltr'>pecorum</span> <span class='ocrx_word' id='word_1_112' title='bbox 972 874 1085 912; x_wconf 77' lang='lat' dir='ltr'>modo</span> <span class='ocrx_word' id='word_1_113' title='bbox 1099 874 1326 927; x_wconf 83' lang='lat' dir='ltr'>fugientes,</span> <span class='ocrx_word' id='word_1_114' title='bbox 1344 887 1422 926; x_wconf 84' lang='lat' dir='ltr'>per</span> <span class='ocrx_word' id='word_1_115' title='bbox 1450 875 1530 915; x_wconf 82' lang='lat' dir='ltr'>sal-</span> 
     </span>
     <span class='ocr_line' id='line_1_15' title="bbox 102 929 1529 984; baseline 0.001 -13"><span class='ocrx_word' id='word_1_116' title='bbox 102 937 165 971; x_wconf 82' lang='lat' dir='ltr'>tus</span> <span class='ocrx_word' id='word_1_117' title='bbox 186 931 315 971; x_wconf 77' lang='lat' dir='ltr'>invios</span> <span class='ocrx_word' id='word_1_118' title='bbox 344 931 561 971; x_wconf 75' lang='lat' dir='ltr'>consectati</span> <span class='ocrx_word' id='word_1_119' title='bbox 589 932 844 971; x_wconf 78' lang='lat' dir='ltr'>ceciderunt?</span> <span class='ocrx_word' id='word_1_120' title='bbox 890 929 1010 979; x_wconf 76' lang='lat' dir='ltr'>Quod</span> <span class='ocrx_word' id='word_1_121' title='bbox 1036 931 1243 983; x_wconf 78' lang='lat' dir='ltr'>Hispani,</span> <span class='ocrx_word' id='word_1_122' title='bbox 1265 932 1371 984; x_wconf 81' lang='lat' dir='ltr'>quod</span> <span class='ocrx_word' id='word_1_123' title='bbox 1395 930 1529 977; x_wconf 82' lang='lat' dir='ltr'>Galli,</span> 
     </span>
     <span class='ocr_line' id='line_1_16' title="bbox 102 987 1530 1041; baseline 0.001 -14"><span class='ocrx_word' id='word_1_124' title='bbox 102 990 208 1041; x_wconf 84' lang='lat' dir='ltr'>quod</span> <span class='ocrx_word' id='word_1_125' title='bbox 230 987 474 1028; x_wconf 80' lang='lat' dir='ltr'>Macedones</span> <span class='ocrx_word' id='word_1_126' title='bbox 494 989 664 1028; x_wconf 77' lang='lat' dir='ltr'>Poenive</span> <span class='ocrx_word' id='word_1_127' title='bbox 694 1002 772 1027; x_wconf 84' lang='lat' dir='ltr'>non</span> <span class='ocrx_word' id='word_1_128' title='bbox 802 988 994 1036; x_wconf 78' lang='lat' dir='ltr'>audeant,</span> <span class='ocrx_word' id='word_1_129' title='bbox 1018 988 1261 1041; x_wconf 80' lang='lat' dir='ltr'>Ligustinus</span> <span class='ocrx_word' id='word_1_130' title='bbox 1287 988 1414 1029; x_wconf 77' lang='lat' dir='ltr'>hostis</span> <span class='ocrx_word' id='word_1_131' title='bbox 1443 990 1530 1029; x_wconf 83' lang='lat' dir='ltr'>val-</span> 
     </span>
     <span class='ocr_line' id='line_1_17' title="bbox 102 1043 1530 1098; baseline 0.001 -13"><span class='ocrx_word' id='word_1_132' title='bbox 102 1046 182 1085; x_wconf 88' lang='lat' dir='ltr'>lum</span> <span class='ocrx_word' id='word_1_133' title='bbox 213 1046 440 1085; x_wconf 78' lang='lat' dir='ltr'>Romanum</span> <span class='ocrx_word' id='word_1_134' title='bbox 469 1045 589 1096; x_wconf 80' lang='lat' dir='ltr'>subit,</span> <span class='ocrx_word' id='word_1_135' title='bbox 621 1045 773 1086; x_wconf 84' lang='lat' dir='ltr'>obsidet</span> <span class='ocrx_word' id='word_1_136' title='bbox 802 1046 922 1095; x_wconf 84' lang='lat' dir='ltr'>ultro,</span> <span class='ocrx_word' id='word_1_137' title='bbox 944 1051 982 1084; x_wconf 85' lang='lat' dir='ltr'>et</span> <span class='ocrx_word' id='word_1_138' title='bbox 1011 1043 1239 1098; x_wconf 76' lang='lat' dir='ltr'>obpugnat!</span> <span class='ocrx_word' id='word_1_139' title='bbox 1270 1059 1396 1098; x_wconf 77' lang='lat' dir='ltr'>quem,</span> <span class='ocrx_word' id='word_1_140' title='bbox 1417 1060 1530 1086; x_wconf 83' lang='lat' dir='ltr'>scru-</span> 
     </span>
     <span class='ocr_line' id='line_1_18' title="bbox 102 1102 1532 1151; baseline 0.001 -9"><span class='ocrx_word' id='word_1_141' title='bbox 102 1109 232 1144; x_wconf 76' lang='lat' dir='ltr'>tantes</span> <span class='ocrx_word' id='word_1_142' title='bbox 252 1108 374 1142; x_wconf 81' lang='lat' dir='ltr'>antea</span> <span class='ocrx_word' id='word_1_143' title='bbox 396 1103 531 1143; x_wconf 79' lang='lat' dir='ltr'>devios</span> <span class='ocrx_word' id='word_1_144' title='bbox 557 1103 697 1151; x_wconf 82' lang='lat' dir='ltr'>soltus,</span> <span class='ocrx_word' id='word_1_145' title='bbox 720 1102 898 1142; x_wconf 82' lang='lat' dir='ltr'>abditum</span> <span class='ocrx_word' id='word_1_146' title='bbox 930 1108 968 1141; x_wconf 77' lang='lat' dir='ltr'>et</span> <span class='ocrx_word' id='word_1_147' title='bbox 997 1102 1185 1141; x_wconf 81' lang='lat' dir='ltr'>latentem</span> <span class='ocrx_word' id='word_1_148' title='bbox 1215 1103 1284 1142; x_wconf 73' lang='lat' dir='ltr'>vix</span> <span class='ocrx_word' id='word_1_149' title='bbox 1304 1103 1532 1143; x_wconf 79' lang='lat' dir='ltr'>invenieba-</span> 
     </span>
     <span class='ocr_line' id='line_1_19' title="bbox 104 1157 1530 1210; baseline 0.001 -10"><span class='ocrx_word' id='word_1_150' title='bbox 104 1174 198 1200; x_wconf 84' lang='lat' dir='ltr'>mus.</span> <span class='ocrx_word' id='word_1_151' title='bbox 280 1159 351 1200; x_wconf 90' lang='lat' dir='ltr'>Ad</span> <span class='ocrx_word' id='word_1_152' title='bbox 389 1159 478 1200; x_wconf 86' lang='lat' dir='ltr'>haec</span> <span class='ocrx_word' id='word_1_153' title='bbox 523 1158 780 1200; x_wconf 87' lang='lat' dir='ltr'>consentiens</span> <span class='ocrx_word' id='word_1_154' title='bbox 817 1157 1073 1200; x_wconf 79' lang='lat' dir='ltr'>reddebatur</span> <span class='ocrx_word' id='word_1_155' title='bbox 1118 1158 1319 1200; x_wconf 80' lang='lat' dir='ltr'>militumb</span> <span class='ocrx_word' id='word_1_156' title='bbox 1361 1159 1530 1210; x_wconf 87' lang='lat' dir='ltr'>clamor,</span> 
     </span>
     <span class='ocr_line' id='line_1_20' title="bbox 103 1215 1530 1271; baseline -0.001 -14"><span class='ocrx_word' id='word_1_157' title='bbox 103 1218 255 1257; x_wconf 80' lang='lat' dir='ltr'>nullam</span> <span class='ocrx_word' id='word_1_158' title='bbox 277 1217 445 1257; x_wconf 83' lang='lat' dir='ltr'>militum</span> <span class='ocrx_word' id='word_1_159' title='bbox 467 1217 623 1269; x_wconf 72' lang='lat' dir='ltr'>culpam</span> <span class='ocrx_word' id='word_1_160' title='bbox 646 1230 738 1264; x_wconf 80' lang='lat' dir='ltr'>esse,</span> <span class='ocrx_word' id='word_1_161' title='bbox 761 1215 902 1269; x_wconf 81' lang='lat' dir='ltr'>quibus</span> <span class='ocrx_word' id='word_1_162' title='bbox 931 1230 1043 1255; x_wconf 76' lang='lat' dir='ltr'>nemo</span> <span class='ocrx_word' id='word_1_163' title='bbox 1072 1217 1131 1255; x_wconf 82' lang='lat' dir='ltr'>ad</span> <span class='ocrx_word' id='word_1_164' title='bbox 1148 1217 1428 1268; x_wconf 83' lang='lat' dir='ltr'>erumpendum</span> <span class='ocrx_word' id='word_1_165' title='bbox 1450 1217 1530 1271; x_wconf 83' lang='lat' dir='ltr'>sig-</span> 
     </span>
     <span class='ocr_line' id='line_1_21' title="bbox 104 1274 1531 1328; baseline 0.001 -14"><span class='ocrx_word' id='word_1_166' title='bbox 104 1289 195 1314; x_wconf 85' lang='lat' dir='ltr'>num</span> <span class='ocrx_word' id='word_1_167' title='bbox 217 1274 401 1314; x_wconf 80' lang='lat' dir='ltr'>dedisset.</span> <span class='ocrx_word' id='word_1_168' title='bbox 462 1275 600 1314; x_wconf 81' lang='lat' dir='ltr'>Daret</span> <span class='ocrx_word' id='word_1_169' title='bbox 619 1275 776 1327; x_wconf 82' lang='lat' dir='ltr'>signum</span> <span class='ocrx_word' id='word_1_170' title='bbox 793 1290 806 1312; x_wconf 92' lang='lat'>.·</span> <span class='ocrx_word' id='word_1_171' title='bbox 839 1274 1147 1321; x_wconf 78' lang='lat' dir='ltr'>intellecturum,</span> <span class='ocrx_word' id='word_1_172' title='bbox 1169 1274 1338 1322; x_wconf 84' lang='lat' dir='ltr'>eosdem,</span> <span class='ocrx_word' id='word_1_173' title='bbox 1361 1275 1433 1328; x_wconf 84' lang='lat' dir='ltr'>qui</span> <span class='ocrx_word' id='word_1_174' title='bbox 1458 1289 1531 1315; x_wconf 83' lang='lat' dir='ltr'>an-</span> 
     </span>
     <span class='ocr_line' id='line_1_22' title="bbox 102 1331 1022 1385; baseline -0.002 -13"><span class='ocrx_word' id='word_1_175' title='bbox 102 1331 360 1385; x_wconf 80' lang='lat' dir='ltr'>teaficerz&#39;nt‚</span> <span class='ocrx_word' id='word_1_176' title='bbox 383 1337 421 1371; x_wconf 86' lang='lat' dir='ltr'>et</span> <span class='ocrx_word' id='word_1_177' title='bbox 442 1331 649 1371; x_wconf 80' lang='lat' dir='ltr'>Romanos</span> <span class='ocrx_word' id='word_1_178' title='bbox 671 1337 709 1370; x_wconf 84' lang='lat' dir='ltr'>et</span> <span class='ocrx_word' id='word_1_179' title='bbox 729 1331 908 1384; x_wconf 83' lang='lat' dir='ltr'>Ligures</span> <span class='ocrx_word' id='word_1_180' title='bbox 929 1345 1022 1371; x_wconf 82' lang='lat' dir='ltr'>esse.</span> 
     </span>
    </p>

    <p class='ocr_par' dir='ltr' id='par_1_3' title="bbox 96 1387 1720 2353">
     <span class='ocr_line' id='line_1_23' title="bbox 163 1387 1529 1442; baseline 0.001 -14"><span class='ocrx_word' id='word_1_181' title='bbox 163 1389 398 1428; x_wconf 85' lang='lat' dir='ltr'>XXVIII.</span> <span class='ocrx_word' id='word_1_182' title='bbox 431 1387 538 1428; x_wconf 87' lang='lat' dir='ltr'>Bina</span> <span class='ocrx_word' id='word_1_183' title='bbox 558 1387 615 1428; x_wconf 86' lang='lat' dir='ltr'>cis</span> <span class='ocrx_word' id='word_1_184' title='bbox 635 1395 797 1428; x_wconf 89' lang='lat' dir='ltr'>montes</span> <span class='ocrx_word' id='word_1_185' title='bbox 821 1396 955 1429; x_wconf 81' lang='lat' dir='ltr'>castra</span> <span class='ocrx_word' id='word_1_186' title='bbox 983 1387 1193 1442; x_wconf 84' lang='lat' dir='ltr'>Ligurum</span> <span class='ocrx_word' id='word_1_187' title='bbox 1221 1396 1351 1429; x_wconf 86' lang='lat' dir='ltr'>erant.</span> <span class='ocrx_word' id='word_1_188' title='bbox 1383 1403 1434 1429; x_wconf 83' lang='lat' dir='ltr'>ex</span> <span class='ocrx_word' id='word_1_189' title='bbox 1464 1388 1529 1436; x_wconf 83' lang='lat' dir='ltr'>iis,</span> 
     </span>
     <span class='ocr_line' id='line_1_24' title="bbox 105 1444 1532 1502; baseline 0 -16"><span class='ocrx_word' id='word_1_190' title='bbox 105 1445 252 1502; x_wconf 86' lang='lat' dir='ltr'>primis</span> <span class='ocrx_word' id='word_1_191' title='bbox 291 1444 456 1493; x_wconf 89' lang='lat' dir='ltr'>diebus,</span> <span class='ocrx_word' id='word_1_192' title='bbox 493 1444 577 1485; x_wconf 90' lang='lat' dir='ltr'>sole</span> <span class='ocrx_word' id='word_1_193' title='bbox 616 1453 723 1493; x_wconf 73' lang='lat' dir='ltr'>orm,</span> <span class='ocrx_word' id='word_1_194' title='bbox 760 1444 916 1500; x_wconf 86' lang='lat' dir='ltr'>pariter</span> <span class='ocrx_word' id='word_1_195' title='bbox 955 1459 1097 1485; x_wconf 87' lang='lat' dir='ltr'>omnes</span> <span class='ocrx_word' id='word_1_196' title='bbox 1137 1445 1354 1500; x_wconf 81' lang='lat' dir='ltr'>compositi</span> <span class='ocrx_word' id='word_1_197' title='bbox 1394 1453 1435 1486; x_wconf 89' lang='lat' dir='ltr'>et</span> <span class='ocrx_word' id='word_1_198' title='bbox 1470 1445 1532 1486; x_wconf 90' lang='lat' dir='ltr'>in-</span> 
     </span>
     <span class='ocr_line' id='line_1_25' title="bbox 106 1500 1532 1558; baseline -0.001 -15"><span class='ocrx_word' id='word_1_199' title='bbox 106 1501 255 1543; x_wconf 86' lang='lat' dir='ltr'>structi</span> <span class='ocrx_word' id='word_1_200' title='bbox 290 1501 594 1558; x_wconf 83' lang='lat' dir='ltr'>procedebant:</span> <span class='ocrx_word' id='word_1_201' title='bbox 639 1510 746 1551; x_wconf 90' lang='lat' dir='ltr'>tum,</span> <span class='ocrx_word' id='word_1_202' title='bbox 780 1501 857 1541; x_wconf 86' lang='lat' dir='ltr'>nisi</span> <span class='ocrx_word' id='word_1_203' title='bbox 889 1500 1080 1542; x_wconf 83' lang='lat' dir='ltr'>exsatiati</span> <span class='ocrx_word' id='word_1_204' title='bbox 1108 1501 1200 1542; x_wconf 89' lang='lat' dir='ltr'>cibo</span> <span class='ocrx_word' id='word_1_205' title='bbox 1234 1502 1431 1557; x_wconf 71' lang='lat' dir='ltr'>vinoque,</span> <span class='ocrx_word' id='word_1_206' title='bbox 1468 1517 1532 1542; x_wconf 86' lang='lat' dir='ltr'>ar-</span> 
     </span>
     <span class='ocr_line' id='line_1_26' title="bbox 106 1557 1533 1614; baseline 0 -15"><span class='ocrx_word' id='word_1_207' title='bbox 106 1574 175 1600; x_wconf 81' lang='lat' dir='ltr'>ina</span> <span class='ocrx_word' id='word_1_208' title='bbox 209 1574 291 1599; x_wconf 91' lang='lat' dir='ltr'>non</span> <span class='ocrx_word' id='word_1_209' title='bbox 331 1558 563 1614; x_wconf 84' lang='lat' dir='ltr'>capiebant.</span> <span class='ocrx_word' id='word_1_210' title='bbox 610 1558 800 1614; x_wconf 87' lang='lat' dir='ltr'>dispersi,</span> <span class='ocrx_word' id='word_1_211' title='bbox 837 1557 1061 1599; x_wconf 84' lang='lat' dir='ltr'>inordinati</span> <span class='ocrx_word' id='word_1_212' title='bbox 1101 1557 1300 1605; x_wconf 81' lang='lat' dir='ltr'>exibant;</span> <span class='ocrx_word' id='word_1_213' title='bbox 1353 1566 1397 1600; x_wconf 89' lang='lat' dir='ltr'>ut</span> <span class='ocrx_word' id='word_1_214' title='bbox 1440 1558 1533 1614; x_wconf 89' lang='lat' dir='ltr'>qui-</span> 
     </span>
     <span class='ocr_line' id='line_1_27' title="bbox 106 1614 1533 1672; baseline -0.001 -15"><span class='ocrx_word' id='word_1_215' title='bbox 106 1616 187 1657; x_wconf 91' lang='lat' dir='ltr'>bus</span> <span class='ocrx_word' id='word_1_216' title='bbox 227 1615 344 1672; x_wconf 79' lang='lat' dir='ltr'>⁹¹pro</span> <span class='ocrx_word' id='word_1_217' title='bbox 385 1630 457 1671; x_wconf 91' lang='lat' dir='ltr'>spe</span> <span class='ocrx_word' id='word_1_218' title='bbox 497 1623 658 1657; x_wconf 90' lang='lat' dir='ltr'>certum</span> <span class='ocrx_word' id='word_1_219' title='bbox 698 1623 818 1664; x_wconf 83' lang='lat' dir='ltr'>esset,</span> <span class='ocrx_word' id='word_1_220' title='bbox 860 1614 999 1656; x_wconf 87' lang='lat' dir='ltr'>hostes</span> <span class='ocrx_word' id='word_1_221' title='bbox 1049 1623 1169 1656; x_wconf 82' lang='lat' dir='ltr'>extra</span> <span class='ocrx_word' id='word_1_222' title='bbox 1208 1615 1366 1656; x_wconf 84' lang='lat' dir='ltr'>vallum</span> <span class='ocrx_word' id='word_1_223' title='bbox 1416 1615 1533 1671; x_wconf 87' lang='lat' dir='ltr'>signa</span> 
     </span>
     <span class='ocr_line' id='line_1_28' title="bbox 107 1671 1531 1727; baseline 0 -14"><span class='ocrx_word' id='word_1_224' title='bbox 107 1688 190 1713; x_wconf 91' lang='lat' dir='ltr'>non</span> <span class='ocrx_word' id='word_1_225' title='bbox 230 1672 424 1713; x_wconf 84' lang='lat' dir='ltr'>elaturos.</span> <span class='ocrx_word' id='word_1_226' title='bbox 505 1673 723 1714; x_wconf 88' lang='lat' dir='ltr'>Adversus</span> <span class='ocrx_word' id='word_1_227' title='bbox 762 1672 821 1713; x_wconf 89' lang='lat' dir='ltr'>ita</span> <span class='ocrx_word' id='word_1_228' title='bbox 860 1671 1155 1727; x_wconf 88' lang='lat' dir='ltr'>incompositos</span> <span class='ocrx_word' id='word_1_229' title='bbox 1196 1687 1264 1713; x_wconf 87' lang='lat' dir='ltr'>eos</span> <span class='ocrx_word' id='word_1_230' title='bbox 1304 1672 1531 1721; x_wconf 85' lang='lat' dir='ltr'>venientes,</span> 
     </span>
     <span class='ocr_line' id='line_1_29' title="bbox 96 1728 1533 1785; baseline -0.001 -14"><span class='ocrx_word' id='word_1_231' title='bbox 96 1729 286 1771; x_wconf 46' lang='lat' dir='ltr'>,clamore</span> <span class='ocrx_word' id='word_1_232' title='bbox 306 1729 462 1785; x_wconf 85' lang='lat' dir='ltr'>pariter</span> <span class='ocrx_word' id='word_1_233' title='bbox 485 1729 687 1778; x_wconf 90' lang='lat' dir='ltr'>omnium,</span> <span class='ocrx_word' id='word_1_234' title='bbox 710 1728 784 1784; x_wconf 92' lang='lat' dir='ltr'>qui</span> <span class='ocrx_word' id='word_1_235' title='bbox 814 1728 856 1769; x_wconf 91' lang='lat' dir='ltr'>in</span> <span class='ocrx_word' id='word_1_236' title='bbox 887 1729 1032 1769; x_wconf 86' lang='lat' dir='ltr'>castris</span> <span class='ocrx_word' id='word_1_237' title='bbox 1059 1737 1194 1778; x_wconf 88' lang='lat' dir='ltr'>erant,</span> <span class='ocrx_word' id='word_1_238' title='bbox 1216 1729 1407 1770; x_wconf 89' lang='lat' dir='ltr'>calonum</span> <span class='ocrx_word' id='word_1_239' title='bbox 1429 1744 1533 1785; x_wconf 80' lang='lat' dir='ltr'>quo-</span> 
     </span>
     <span class='ocr_line' id='line_1_30' title="bbox 108 1785 1534 1843; baseline 0 -16"><span class='ocrx_word' id='word_1_240' title='bbox 108 1802 192 1843; x_wconf 91' lang='lat' dir='ltr'>que</span> <span class='ocrx_word' id='word_1_241' title='bbox 221 1796 262 1828; x_wconf 90' lang='lat' dir='ltr'>et</span> <span class='ocrx_word' id='word_1_242' title='bbox 293 1786 488 1837; x_wconf 87' lang='lat' dir='ltr'>lixarum,</span> <span class='ocrx_word' id='word_1_243' title='bbox 512 1785 692 1836; x_wconf 89' lang='lat' dir='ltr'>sublato,</span> <span class='ocrx_word' id='word_1_244' title='bbox 715 1785 838 1826; x_wconf 90' lang='lat' dir='ltr'>simul</span> <span class='ocrx_word' id='word_1_245' title='bbox 862 1785 1056 1826; x_wconf 90' lang='lat' dir='ltr'>omnibus</span> <span class='ocrx_word' id='word_1_246' title='bbox 1076 1786 1209 1841; x_wconf 88' lang='lat' dir='ltr'>portis</span> <span class='ocrx_word' id='word_1_247' title='bbox 1238 1787 1419 1827; x_wconf 88' lang='lat' dir='ltr'>Romani</span> <span class='ocrx_word' id='word_1_248' title='bbox 1440 1801 1534 1827; x_wconf 88' lang='lat' dir='ltr'>eru-</span> 
     </span>
     <span class='ocr_line' id='line_1_31' title="bbox 107 1841 1720 1900; baseline -0.001 -16"><span class='ocrx_word' id='word_1_249' title='bbox 107 1852 273 1900; x_wconf 88' lang='lat' dir='ltr'>perunt.</span> <span class='ocrx_word' id='word_1_250' title='bbox 335 1843 569 1899; x_wconf 84' lang='lat' dir='ltr'>Liguribus</span> <span class='ocrx_word' id='word_1_251' title='bbox 593 1843 697 1884; x_wconf 90' lang='lat' dir='ltr'>adeo</span> <span class='ocrx_word' id='word_1_252' title='bbox 726 1841 936 1898; x_wconf 84' lang='lat' dir='ltr'>inprovisa</span> <span class='ocrx_word' id='word_1_253' title='bbox 966 1857 1030 1883; x_wconf 87' lang='lat' dir='ltr'>res</span> <span class='ocrx_word' id='word_1_254' title='bbox 1059 1842 1158 1893; x_wconf 87' lang='lat' dir='ltr'>fuit,</span> <span class='ocrx_word' id='word_1_255' title='bbox 1188 1852 1235 1884; x_wconf 90' lang='lat' dir='ltr'>ut</span> <span class='ocrx_word' id='word_1_256' title='bbox 1266 1843 1454 1899; x_wconf 88' lang='lat' dir='ltr'>perinde,</span> <span class='ocrx_word' id='word_1_257' title='bbox 1485 1858 1533 1883; x_wconf 89' lang='lat' dir='ltr'>ac</span> <span class='ocrx_word' id='word_1_258' title='bbox 1546 1852 1720 1885; x_wconf 70' lang='lat' dir='ltr'>Vincuntur</span> 
     </span>
     <span class='ocr_line' id='line_1_32' title="bbox 109 1896 1682 1955; baseline -0.002 -14"><span class='ocrx_word' id='word_1_259' title='bbox 109 1901 142 1941; x_wconf 87' lang='lat' dir='ltr'>si</span> <span class='ocrx_word' id='word_1_260' title='bbox 171 1900 331 1941; x_wconf 89' lang='lat' dir='ltr'>insidiis</span> <span class='ocrx_word' id='word_1_261' title='bbox 361 1899 634 1942; x_wconf 87' lang='lat' dir='ltr'>circumventi</span> <span class='ocrx_word' id='word_1_262' title='bbox 663 1900 816 1949; x_wconf 89' lang='lat' dir='ltr'>forent,</span> <span class='ocrx_word' id='word_1_263' title='bbox 848 1899 1117 1955; x_wconf 84' lang='lat' dir='ltr'>trepidarent.</span> <span class='ocrx_word' id='word_1_264' title='bbox 1180 1900 1400 1955; x_wconf 87' lang='lat' dir='ltr'>Exiguum</span> <span class='ocrx_word' id='word_1_265' title='bbox 1430 1909 1534 1942; x_wconf 90' lang='lat' dir='ltr'>tem-</span> <span class='ocrx_word' id='word_1_266' title='bbox 1547 1896 1682 1938; x_wconf 82' lang='lat' dir='ltr'>Ligures.</span> 
     </span>
     <span class='ocr_line' id='line_1_33' title="bbox 98 1956 1535 2013; baseline 0 -16"><span class='ocrx_word' id='word_1_267' title='bbox 98 1957 221 2013; x_wconf 65' lang='lat' dir='ltr'>‘poris</span> <span class='ocrx_word' id='word_1_268' title='bbox 251 1957 393 2013; x_wconf 86' lang='lat' dir='ltr'>aliqua</span> <span class='ocrx_word' id='word_1_269' title='bbox 421 1956 556 1998; x_wconf 87' lang='lat' dir='ltr'>forma</span> <span class='ocrx_word' id='word_1_270' title='bbox 584 1971 740 2013; x_wconf 83' lang='lat' dir='ltr'>pugnae</span> <span class='ocrx_word' id='word_1_271' title='bbox 770 1956 866 1997; x_wconf 84' lang='lat' dir='ltr'>fuit.</span> <span class='ocrx_word' id='word_1_272' title='bbox 901 1956 1005 2011; x_wconf 87' lang='lat' dir='ltr'>fuga</span> <span class='ocrx_word' id='word_1_273' title='bbox 1035 1956 1185 1997; x_wconf 88' lang='lat' dir='ltr'>deinde</span> <span class='ocrx_word' id='word_1_274' title='bbox 1215 1957 1360 2007; x_wconf 82' lang='lat' dir='ltr'>effusa,</span> <span class='ocrx_word' id='word_1_275' title='bbox 1397 1965 1439 1998; x_wconf 88' lang='lat' dir='ltr'>et</span> <span class='ocrx_word' id='word_1_276' title='bbox 1467 1956 1535 1997; x_wconf 90' lang='lat' dir='ltr'>fu-</span> 
     </span>
     <span class='ocr_line' id='line_1_34' title="bbox 108 2013 1534 2070; baseline 0.001 -16"><span class='ocrx_word' id='word_1_277' title='bbox 108 2013 312 2070; x_wconf 87' lang='lat' dir='ltr'>gientium</span> <span class='ocrx_word' id='word_1_278' title='bbox 353 2013 505 2069; x_wconf 88' lang='lat' dir='ltr'>passim</span> <span class='ocrx_word' id='word_1_279' title='bbox 545 2013 679 2055; x_wconf 89' lang='lat' dir='ltr'>caedes</span> <span class='ocrx_word' id='word_1_280' title='bbox 719 2021 820 2054; x_wconf 84' lang='lat' dir='ltr'>erat.</span> <span class='ocrx_word' id='word_1_281' title='bbox 900 2013 1135 2068; x_wconf 84' lang='lat' dir='ltr'>Equitibus</span> <span class='ocrx_word' id='word_1_282' title='bbox 1169 2013 1270 2055; x_wconf 85' lang='lat' dir='ltr'>dato</span> <span class='ocrx_word' id='word_1_283' title='bbox 1311 2013 1443 2069; x_wconf 87' lang='lat' dir='ltr'>signo,</span> <span class='ocrx_word' id='word_1_284' title='bbox 1485 2022 1534 2055; x_wconf 90' lang='lat' dir='ltr'>ut</span> 
     </span>
     <span class='ocr_line' id='line_1_35' title="bbox 109 2069 1536 2127; baseline -0.001 -16"><span class='ocrx_word' id='word_1_285' title='bbox 109 2069 429 2112; x_wconf 89' lang='lat' dir='ltr'>conscenderent</span> <span class='ocrx_word' id='word_1_286' title='bbox 461 2086 606 2127; x_wconf 89' lang='lat' dir='ltr'>equos,</span> <span class='ocrx_word' id='word_1_287' title='bbox 639 2085 714 2111; x_wconf 88' lang='lat' dir='ltr'>nec</span> <span class='ocrx_word' id='word_1_288' title='bbox 749 2070 932 2125; x_wconf 85' lang='lat' dir='ltr'>effugere</span> <span class='ocrx_word' id='word_1_289' title='bbox 968 2084 1224 2125; x_wconf 86' lang='lat' dir='ltr'>quemquam</span> <span class='ocrx_word' id='word_1_290' title='bbox 1260 2070 1457 2122; x_wconf 83' lang='lat' dir='ltr'>sinerent,</span> <span class='ocrx_word' id='word_1_291' title='bbox 1492 2069 1536 2110; x_wconf 91' lang='lat' dir='ltr'>in</span> 
     </span>
     <span class='ocr_line' id='line_1_36' title="bbox 111 2125 1537 2183; baseline 0 -15"><span class='ocrx_word' id='word_1_292' title='bbox 111 2136 247 2169; x_wconf 86' lang='lat' dir='ltr'>castra</span> <span class='ocrx_word' id='word_1_293' title='bbox 275 2142 417 2168; x_wconf 90' lang='lat' dir='ltr'>omnes</span> <span class='ocrx_word' id='word_1_294' title='bbox 447 2127 612 2183; x_wconf 86' lang='lat' dir='ltr'>trepida</span> <span class='ocrx_word' id='word_1_295' title='bbox 640 2126 745 2182; x_wconf 86' lang='lat' dir='ltr'>fuga</span> <span class='ocrx_word' id='word_1_296' title='bbox 772 2125 976 2182; x_wconf 90' lang='lat' dir='ltr'>compulsi</span> <span class='ocrx_word' id='word_1_297' title='bbox 1008 2135 1128 2168; x_wconf 86' lang='lat' dir='ltr'>sunt:</span> <span class='ocrx_word' id='word_1_298' title='bbox 1162 2126 1313 2168; x_wconf 91' lang='lat' dir='ltr'>deinde</span> <span class='ocrx_word' id='word_1_299' title='bbox 1342 2126 1444 2183; x_wconf 88' lang='lat' dir='ltr'>ipsis</span> <span class='ocrx_word' id='word_1_300' title='bbox 1465 2142 1537 2168; x_wconf 86' lang='lat' dir='ltr'>ex-</span> 
     </span>
     <span class='ocr_line' id='line_1_37' title="bbox 109 2183 1535 2240; baseline -0.001 -15"><span class='ocrx_word' id='word_1_301' title='bbox 109 2185 174 2226; x_wconf 86' lang='lat' dir='ltr'>uti</span> <span class='ocrx_word' id='word_1_302' title='bbox 196 2184 352 2225; x_wconf 87' lang='lat' dir='ltr'>castris.</span> <span class='ocrx_word' id='word_1_303' title='bbox 416 2186 553 2240; x_wconf 89' lang='lat' dir='ltr'>Supra</span> <span class='ocrx_word' id='word_1_304' title='bbox 573 2183 810 2240; x_wconf 90' lang='lat' dir='ltr'>quindecim</span> <span class='ocrx_word' id='word_1_305' title='bbox 833 2183 962 2224; x_wconf 87' lang='lat' dir='ltr'>millia</span> <span class='ocrx_word' id='word_1_306' title='bbox 984 2183 1195 2239; x_wconf 82' lang='lat' dir='ltr'>Ligurum</span> <span class='ocrx_word' id='word_1_307' title='bbox 1216 2199 1264 2224; x_wconf 90' lang='lat' dir='ltr'>eo</span> <span class='ocrx_word' id='word_1_308' title='bbox 1294 2183 1362 2224; x_wconf 86' lang='lat' dir='ltr'>die</span> <span class='ocrx_word' id='word_1_309' title='bbox 1386 2184 1535 2232; x_wconf 88' lang='lat' dir='ltr'>occisa,</span> 
     </span>
     <span class='ocr_line' id='line_1_38' title="bbox 108 2239 1538 2298; baseline -0.001 -17"><span class='ocrx_word' id='word_1_310' title='bbox 108 2250 233 2298; x_wconf 87' lang='lat' dir='ltr'>capta</span> <span class='ocrx_word' id='word_1_311' title='bbox 259 2240 345 2281; x_wconf 93' lang='lat' dir='ltr'>duo</span> <span class='ocrx_word' id='word_1_312' title='bbox 369 2240 500 2282; x_wconf 86' lang='lat' dir='ltr'>millia.</span> <span class='ocrx_word' id='word_1_313' title='bbox 529 2250 569 2282; x_wconf 91' lang='lat' dir='ltr'>et</span> <span class='ocrx_word' id='word_1_314' title='bbox 601 2240 833 2297; x_wconf 86' lang='lat' dir='ltr'>quingenti.</span> <span class='ocrx_word' id='word_1_315' title='bbox 897 2239 1063 2281; x_wconf 88' lang='lat' dir='ltr'>Triduo</span> <span class='ocrx_word' id='word_1_316' title='bbox 1094 2249 1190 2296; x_wconf 88' lang='lat' dir='ltr'>post</span> <span class='ocrx_word' id='word_1_317' title='bbox 1225 2240 1434 2296; x_wconf 83' lang='lat' dir='ltr'>Ligurum</span> <span class='ocrx_word' id='word_1_318' title='bbox 1467 2241 1538 2281; x_wconf 94' lang='lat' dir='ltr'>In-</span> 
     </span>
     <span class='ocr_line' id='line_1_39' title="bbox 103 2296 1538 2353; baseline -0.002 -14"><span class='ocrx_word' id='word_1_319' title='bbox 103 2312 346 2353; x_wconf 83' lang='lat' dir='ltr'>gaunorum</span> <span class='ocrx_word' id='word_1_320' title='bbox 376 2313 497 2340; x_wconf 90' lang='lat' dir='ltr'>omne</span> <span class='ocrx_word' id='word_1_321' title='bbox 527 2312 691 2347; x_wconf 89' lang='lat' dir='ltr'>nomen,</span> <span class='ocrx_word' id='word_1_322' title='bbox 722 2296 939 2338; x_wconf 86' lang='lat' dir='ltr'>obsidibus</span> <span class='ocrx_word' id='word_1_323' title='bbox 969 2296 1093 2347; x_wconf 88' lang='lat' dir='ltr'>datis,</span> <span class='ocrx_word' id='word_1_324' title='bbox 1115 2297 1199 2338; x_wconf 81' lang='lat' dir='ltr'>9⁵in</span> <span class='ocrx_word' id='word_1_325' title='bbox 1228 2297 1441 2339; x_wconf 84' lang='lat' dir='ltr'>ditionemi</span> <span class='ocrx_word' id='word_1_326' title='bbox 1468 2312 1538 2337; x_wconf 86' lang='lat' dir='ltr'>ve-</span> 
     </span>
    </p>
   </div>
   <div class='ocr_carea' id='block_1_3' title="bbox 361 2395 1294 2428">
    <p class='ocr_par' dir='ltr' id='par_1_4' title="bbox 361 2395 1294 2428">
     <span class='ocr_line' id='line_1_40' title="bbox 361 2395 1294 2428; baseline -0.001 -1"><span class='ocrx_word' id='word_1_327' title='bbox 361 2396 376 2421; x_wconf 80' lang='lat' dir='ltr'>h</span> <span class='ocrx_word' id='word_1_328' title='bbox 390 2398 519 2427; x_wconf 77' lang='lat' dir='ltr'>militum</span> <span class='ocrx_word' id='word_1_329' title='bbox 535 2395 597 2427; x_wconf 83' lang='lat' dir='ltr'>del.</span> <span class='ocrx_word' id='word_1_330' title='bbox 614 2397 712 2428; x_wconf 88' lang='lat' dir='ltr'>Gron.</span> <span class='ocrx_word' id='word_1_331' title='bbox 727 2396 821 2427; x_wconf 89' lang='lat' dir='ltr'>Crev.</span> <span class='ocrx_word' id='word_1_332' title='bbox 992 2395 1000 2416; x_wconf 65' lang='grc' dir='ltr'><strong>ί</strong></span> <span class='ocrx_word' id='word_1_333' title='bbox 1017 2396 1188 2426; x_wconf 76' lang='lat' dir='ltr'>deditionem</span> <span class='ocrx_word' id='word_1_334' title='bbox 1206 2395 1294 2427; x_wconf 87' lang='lat' dir='ltr'>Eaed.</span> 
     </span>
    </p>
   </div>
   <div class='ocr_carea' id='block_1_4' title="bbox 106 2489 1539 2651">
    <p class='ocr_par' dir='ltr' id='par_1_5' title="bbox 106 2489 1539 2651">
     <span class='ocr_line' id='line_1_41' title="bbox 160 2489 1539 2533; baseline -0.002 -10"><span class='ocrx_word' id='word_1_335' title='bbox 160 2491 202 2521; x_wconf 88' lang='lat'>93</span> <span class='ocrx_word' id='word_1_336' title='bbox 227 2490 304 2520; x_wconf 85' lang='lat' dir='ltr'>Duoe</span> <span class='ocrx_word' id='word_1_337' title='bbox 337 2492 477 2533; x_wconf 76' lang='lat' dir='ltr'>cohortes]</span> <span class='ocrx_word' id='word_1_338' title='bbox 524 2492 551 2522; x_wconf 90' lang='lat' dir='ltr'><strong>E</strong></span> <span class='ocrx_word' id='word_1_339' title='bbox 586 2490 709 2522; x_wconf 84' lang='lat' dir='ltr'>sinistra</span> <span class='ocrx_word' id='word_1_340' title='bbox 744 2490 805 2521; x_wconf 86' lang='lat' dir='ltr'>ala.</span> <span class='ocrx_word' id='word_1_341' title='bbox 850 2489 942 2520; x_wconf 82' lang='lat' dir='ltr'>fuisse</span> <span class='ocrx_word' id='word_1_342' title='bbox 958 2489 991 2519; x_wconf 87' lang='lat' dir='ltr'>in</span> <span class='ocrx_word' id='word_1_343' title='bbox 1014 2489 1150 2520; x_wconf 83' lang='lat' dir='ltr'>exercitu</span> <span class='ocrx_word' id='word_1_344' title='bbox 1165 2489 1319 2521; x_wconf 82' lang='lat' dir='ltr'>consulari</span> <span class='ocrx_word' id='word_1_345' title='bbox 1341 2490 1449 2532; x_wconf 78' lang='lat' dir='ltr'>vig-inti</span> <span class='ocrx_word' id='word_1_346' title='bbox 1473 2490 1539 2520; x_wconf 84' lang='lat' dir='ltr'>ala-</span> 
     </span>
     <span class='ocr_line' id='line_1_42' title="bbox 119 2532 1538 2577; baseline -0.001 -15"><span class='ocrx_word' id='word_1_347' title='bbox 119 2533 180 2563; x_wconf 91' lang='lat' dir='ltr'>Hic</span> <span class='ocrx_word' id='word_1_348' title='bbox 209 2540 347 2565; x_wconf 82' lang='lat' dir='ltr'>remanet</span> <span class='ocrx_word' id='word_1_349' title='bbox 377 2535 488 2577; x_wconf 77' lang='lat' dir='ltr'>aliquis</span> <span class='ocrx_word' id='word_1_350' title='bbox 517 2534 690 2576; x_wconf 85' lang='lat' dir='ltr'>scrupulus,</span> <span class='ocrx_word' id='word_1_351' title='bbox 721 2532 806 2574; x_wconf 90' lang='lat' dir='ltr'>quod</span> <span class='ocrx_word' id='word_1_352' title='bbox 849 2543 896 2564; x_wconf 86' lang='lat' dir='ltr'>res</span> <span class='ocrx_word' id='word_1_353' title='bbox 926 2532 1084 2563; x_wconf 82' lang='lat' dir='ltr'>cohortes:</span> <span class='ocrx_word' id='word_1_354' title='bbox 1122 2533 1206 2563; x_wconf 88' lang='lat' dir='ltr'>unde</span> <span class='ocrx_word' id='word_1_355' title='bbox 1233 2533 1392 2564; x_wconf 87' lang='lat' dir='ltr'>evidenter</span> <span class='ocrx_word' id='word_1_356' title='bbox 1419 2533 1538 2572; x_wconf 73' lang='lat' dir='ltr'>colligi-</span> 
     </span>
     <span class='ocr_line' id='line_1_43' title="bbox 106 2575 1538 2617; baseline -0.001 -11"><span class='ocrx_word' id='word_1_357' title='bbox 106 2582 250 2617; x_wconf 50' lang='lat' dir='ltr'>,quatuor</span> <span class='ocrx_word' id='word_1_358' title='bbox 294 2580 412 2608; x_wconf 73' lang='lat' dir='ltr'>tantum</span> <span class='ocrx_word' id='word_1_359' title='bbox 456 2577 627 2609; x_wconf 87' lang='lat' dir='ltr'>cohortium</span> <span class='ocrx_word' id='word_1_360' title='bbox 675 2576 805 2607; x_wconf 74' lang='lat' dir='ltr'>sinistrae</span> <span class='ocrx_word' id='word_1_361' title='bbox 849 2582 899 2606; x_wconf 89' lang='lat' dir='ltr'>tur</span> <span class='ocrx_word' id='word_1_362' title='bbox 927 2575 960 2605; x_wconf 91' lang='lat' dir='ltr'>in</span> <span class='ocrx_word' id='word_1_363' title='bbox 988 2575 1094 2606; x_wconf 83' lang='lat' dir='ltr'>decem</span> <span class='ocrx_word' id='word_1_364' title='bbox 1123 2575 1262 2606; x_wconf 79' lang='lat' dir='ltr'>cohortes</span> <span class='ocrx_word' id='word_1_365' title='bbox 1293 2576 1374 2606; x_wconf 84' lang='lat' dir='ltr'>alam</span> <span class='ocrx_word' id='word_1_366' title='bbox 1409 2575 1538 2605; x_wconf 81' lang='lat' dir='ltr'>divisam</span> 
     </span>
     <span class='ocr_line' id='line_1_44' title="bbox 117 2617 954 2651; baseline -0.002 -2"><span class='ocrx_word' id='word_1_367' title='bbox 117 2618 175 2649; x_wconf 82' lang='lat' dir='ltr'>alae</span> <span class='ocrx_word' id='word_1_368' title='bbox 204 2617 390 2649; x_wconf 86' lang='lat' dir='ltr'>mentionem</span> <span class='ocrx_word' id='word_1_369' title='bbox 418 2619 492 2651; x_wconf 82' lang='lat' dir='ltr'>facit</span> <span class='ocrx_word' id='word_1_370' title='bbox 514 2621 546 2651; x_wconf 88' lang='lat' dir='ltr'>in</span> <span class='ocrx_word' id='word_1_371' title='bbox 570 2620 629 2651; x_wconf 87' lang='lat' dir='ltr'>hac</span> <span class='ocrx_word' id='word_1_372' title='bbox 654 2618 806 2650; x_wconf 82' lang='lat' dir='ltr'>exercitus</span> <span class='ocrx_word' id='word_1_373' title='bbox 850 2618 954 2650; x_wconf 78' lang='lat' dir='ltr'>fuisse.</span> 
     </span>
    </p>
   </div>
   <div class='ocr_carea' id='block_1_5' title="bbox 117 2660 1540 2787">
    <p class='ocr_par' dir='ltr' id='par_1_6' title="bbox 117 2660 1540 2787">
     <span class='ocr_line' id='line_1_45' title="bbox 117 2660 1539 2702; baseline -0.002 -11"><span class='ocrx_word' id='word_1_374' title='bbox 117 2661 309 2692; x_wconf 81' lang='lat' dir='ltr'>ordinatione</span> <span class='ocrx_word' id='word_1_375' title='bbox 339 2661 454 2692; x_wconf 76' lang='lat' dir='ltr'>Livius.</span> <span class='ocrx_word' id='word_1_376' title='bbox 509 2663 554 2694; x_wconf 84' lang='lat' dir='ltr'>At</span> <span class='ocrx_word' id='word_1_377' title='bbox 585 2663 615 2693; x_wconf 86' lang='lat' dir='ltr'>in</span> <span class='ocrx_word' id='word_1_378' title='bbox 645 2663 705 2697; x_wconf 74' lang='lat' dir='ltr'>ala,</span> <span class='ocrx_word' id='word_1_379' title='bbox 735 2672 804 2702; x_wconf 82' lang='lat' dir='ltr'>quae</span> <span class='ocrx_word' id='word_1_380' title='bbox 892 2662 934 2691; x_wconf 76' lang='lat'>94</span> <span class='ocrx_word' id='word_1_381' title='bbox 959 2661 1019 2690; x_wconf 85' lang='lat' dir='ltr'>Pro</span> <span class='ocrx_word' id='word_1_382' title='bbox 1040 2671 1087 2700; x_wconf 71' lang='lat' dir='ltr'>spe</span> <span class='ocrx_word' id='word_1_383' title='bbox 1109 2667 1221 2691; x_wconf 78' lang='lat' dir='ltr'>certum</span> <span class='ocrx_word' id='word_1_384' title='bbox 1247 2660 1330 2700; x_wconf 78' lang='lat' dir='ltr'>esset]</span> <span class='ocrx_word' id='word_1_385' title='bbox 1360 2660 1443 2700; x_wconf 80' lang='lat' dir='ltr'>Lege</span> <span class='ocrx_word' id='word_1_386' title='bbox 1469 2669 1539 2689; x_wconf 88' lang='lat' dir='ltr'>cum</span> 
     </span>
     <span class='ocr_line' id='line_1_46' title="bbox 119 2703 1227 2746; baseline -0.002 -12"><span class='ocrx_word' id='word_1_387' title='bbox 119 2704 201 2734; x_wconf 87' lang='lat' dir='ltr'>idem</span> <span class='ocrx_word' id='word_1_388' title='bbox 216 2703 277 2734; x_wconf 84' lang='lat' dir='ltr'>fere</span> <span class='ocrx_word' id='word_1_389' title='bbox 301 2709 366 2734; x_wconf 84' lang='lat' dir='ltr'>erat</span> <span class='ocrx_word' id='word_1_390' title='bbox 389 2704 472 2746; x_wconf 86' lang='lat' dir='ltr'>apud</span> <span class='ocrx_word' id='word_1_391' title='bbox 494 2706 602 2742; x_wconf 85' lang='lat' dir='ltr'>socios,</span> <span class='ocrx_word' id='word_1_392' title='bbox 618 2705 702 2746; x_wconf 81' lang='lat' dir='ltr'>qnod</span> <span class='ocrx_word' id='word_1_393' title='bbox 725 2705 809 2746; x_wconf 84' lang='lat' dir='ltr'>apud</span> <span class='ocrx_word' id='word_1_394' title='bbox 853 2705 990 2739; x_wconf 72' lang='lat' dir='ltr'>Murato,</span> <span class='ocrx_word' id='word_1_395' title='bbox 1006 2715 1091 2743; x_wconf 79' lang='lat' dir='ltr'>prope</span> <span class='ocrx_word' id='word_1_396' title='bbox 1106 2715 1146 2733; x_wconf 64' lang='lat' dir='ltr'>cei</span> <span class='ocrx_word' id='word_1_397' title='bbox 1154 2710 1227 2732; x_wconf 84' lang='lat' dir='ltr'>tum.</span> 
     </span>
     <span class='ocr_line' id='line_1_47' title="bbox 121 2743 1540 2787; baseline -0.003 -10"><span class='ocrx_word' id='word_1_398' title='bbox 121 2746 282 2778; x_wconf 81' lang='lat' dir='ltr'>Romanos</span> <span class='ocrx_word' id='word_1_399' title='bbox 304 2746 395 2787; x_wconf 79' lang='lat' dir='ltr'>legio,</span> <span class='ocrx_word' id='word_1_400' title='bbox 417 2746 524 2778; x_wconf 87' lang='lat' dir='ltr'>decem</span> <span class='ocrx_word' id='word_1_401' title='bbox 546 2748 686 2779; x_wconf 82' lang='lat' dir='ltr'>cohortes</span> <span class='ocrx_word' id='word_1_402' title='bbox 707 2754 808 2783; x_wconf 82' lang='lat' dir='ltr'>erant,</span> <span class='ocrx_word' id='word_1_403' title='bbox 896 2748 938 2778; x_wconf 80' lang='lat'>95</span> <span class='ocrx_word' id='word_1_404' title='bbox 961 2746 999 2776; x_wconf 83' lang='grc' dir='ltr'>Ιιι</span> <span class='ocrx_word' id='word_1_405' title='bbox 1023 2747 1192 2776; x_wconf 76' lang='lat' dir='ltr'>deditionem</span> <span class='ocrx_word' id='word_1_406' title='bbox 1216 2744 1310 2784; x_wconf 76' lang='lat' dir='ltr'>venit]</span> <span class='ocrx_word' id='word_1_407' title='bbox 1334 2744 1455 2785; x_wconf 80' lang='lat' dir='ltr'>Scripta</span> <span class='ocrx_word' id='word_1_408' title='bbox 1477 2743 1540 2774; x_wconf 83' lang='lat' dir='ltr'>lec-</span> 
     </span>
    </p>
   </div>
   <div class='ocr_carea' id='block_1_6' title="bbox 119 2785 1541 2872">
    <p class='ocr_par' dir='ltr' id='par_1_7' title="bbox 119 2785 1541 2872">
     <span class='ocr_line' id='line_1_48' title="bbox 119 2785 1540 2831; baseline -0.001 -12"><span class='ocrx_word' id='word_1_409' title='bbox 119 2789 380 2829; x_wconf 79' lang='lat' dir='ltr'>quemadmodum</span> <span class='ocrx_word' id='word_1_410' title='bbox 407 2789 439 2819; x_wconf 89' lang='lat' dir='ltr'>in</span> <span class='ocrx_word' id='word_1_411' title='bbox 463 2789 595 2830; x_wconf 81' lang='lat' dir='ltr'>legione.</span> <span class='ocrx_word' id='word_1_412' title='bbox 641 2791 710 2821; x_wconf 90' lang='lat' dir='ltr'>Hoc</span> <span class='ocrx_word' id='word_1_413' title='bbox 739 2801 809 2831; x_wconf 88' lang='lat' dir='ltr'>pro·</span> <span class='ocrx_word' id='word_1_414' title='bbox 854 2789 896 2819; x_wconf 88' lang='lat' dir='ltr'>tio</span> <span class='ocrx_word' id='word_1_415' title='bbox 934 2792 963 2819; x_wconf 83' lang='lat' dir='ltr'>in</span> <span class='ocrx_word' id='word_1_416' title='bbox 1000 2790 1147 2818; x_wconf 78' lang='lat' dir='ltr'>ditionem.</span> <span class='ocrx_word' id='word_1_417' title='bbox 1213 2786 1401 2825; x_wconf 76' lang='lat' dir='ltr'>Moguntina</span> <span class='ocrx_word' id='word_1_418' title='bbox 1435 2785 1540 2818; x_wconf 83' lang='lat' dir='ltr'>editio.</span> 
     </span>
     <span class='ocr_line' id='line_1_49' title="bbox 123 2828 1541 2872; baseline -0.003 -11"><span class='ocrx_word' id='word_1_419' title='bbox 123 2832 212 2862; x_wconf 81' lang='lat' dir='ltr'>batur</span> <span class='ocrx_word' id='word_1_420' title='bbox 235 2842 271 2862; x_wconf 80' lang='lat' dir='ltr'>ex</span> <span class='ocrx_word' id='word_1_421' title='bbox 296 2832 394 2867; x_wconf 84' lang='lat' dir='ltr'>Iivio,</span> <span class='ocrx_word' id='word_1_422' title='bbox 418 2831 470 2872; x_wconf 86' lang='lat' dir='ltr'>qui</span> <span class='ocrx_word' id='word_1_423' title='bbox 493 2832 514 2861; x_wconf 82' lang='lat'>1.</span> <span class='ocrx_word' id='word_1_424' title='bbox 532 2833 572 2863; x_wconf 83' lang='lat' dir='ltr'>X.</span> <span class='ocrx_word' id='word_1_425' title='bbox 594 2843 621 2865; x_wconf 84' lang='lat' dir='ltr'>c.</span> <span class='ocrx_word' id='word_1_426' title='bbox 645 2834 696 2862; x_wconf 87' lang='grc'>43.</span> <span class='ocrx_word' id='word_1_427' title='bbox 720 2832 810 2863; x_wconf 85' lang='lat' dir='ltr'>docet</span> <span class='ocrx_word' id='word_1_428' title='bbox 854 2837 932 2861; x_wconf 84' lang='lat' dir='ltr'>teste</span> <span class='ocrx_word' id='word_1_429' title='bbox 957 2829 1124 2865; x_wconf 72' lang='lat' dir='ltr'>Gronovio,</span> <span class='ocrx_word' id='word_1_430' title='bbox 1146 2828 1244 2870; x_wconf 77' lang='lat' dir='ltr'>prium</span> <span class='ocrx_word' id='word_1_431' title='bbox 1267 2829 1383 2858; x_wconf 71' lang='lat' dir='ltr'>invexit</span> <span class='ocrx_word' id='word_1_432' title='bbox 1406 2828 1436 2858; x_wconf 75' lang='lat' dir='ltr'>id</span> <span class='ocrx_word' id='word_1_433' title='bbox 1459 2830 1541 2869; x_wconf 85' lang='lat' dir='ltr'>quod</span> 
     </span>
    </p>
   </div>
  </div>
 </body>
</html>
