1947 3222
373 100 449 136 382
899 96 1050 136 ΤῙΤΙ
1089 97 1268 136 LIV11

155 213 197 244 U.
212 212 337 248 C.56.5.
369 203 512 245 bellum
539 203 659 259 geri?
720 203 849 246 Modo
877 212 978 247 certe
998 206 1176 247 consules
1199 206 1397 248 Grceciam
1420 210 1541 260 atque
1561 205 1702 246 Asiam
1721 219 1787 247 vo-

153 255 244 287 A.C.
264 255 335 287 ¹3⁷·
371 260 514 302 lebant.
561 268 694 307 tamen
722 263 1064 315 perseverantibus
1092 265 1215 313 vobis,
1249 264 1421 319 Ligures
1447 263 1688 316 provinciam
1717 264 1786 303 de·

368 333 539 369 cernere,
573 319 676 361 dicto
710 320 918 360 audientes
934 318 1118 371 fuerunt.
1178 321 1331 362 Merito
1360 335 1454 376 ergo
1484 334 1510 360 a
1543 319 1662 369 vobis,
1694 334 1786 372 pro-

365 390 476 429 spere
505 375 605 418 bello
630 383 756 431 gesto,
786 377 1024 428 triumphum
1050 377 1201 429 petent,
1231 378 1371 432 quibus
1401 377 1625 419 auctoribus
1650 390 1786 431 gesse·-

368 440 476 474 rurat.
576 473 581 477 ,
868 483 873 490 ⁸

424 490 620 533 XLVII.
654 489 773 530 Talis
802 489 937 530 oratio
959 489 1078 530 Furii
1099 498 1140 531 et
1162 490 1325 532 AEmilii
1344 491 1439 534 fuit.
1500 491 1713 533 Manlium
1739 491 1781 532 in

363 546 477 589 hunc
527 546 706 590 maxime
754 544 928 587 modum
975 546 1236 601 respondisse
1286 548 1532 604 accepimus.
1619 549 1784 590 Tribuni

358 604 487 659 plebis
534 609 656 644 antea
702 602 881 643 solebant
941 602 1177 655 triumphum
1230 605 1515 656 postulantibus
1563 607 1782 654 adversari,

364 662 513 702 Patres
542 659 763 711 conscripti.
828 658 982 708 Quibus
1003 673 1078 715 ego
1095 661 1275 714 gratiam
1307 661 1443 710 habeo,
1464 664 1564 715 quod
1588 677 1654 704 seu
1674 663 1780 713 mihi,

362 731 430 759 seu
452 716 722 771 magnitudini
749 730 881 757 rerum
909 723 1128 771 gestarum,
1152 718 1224 758 hoc
1253 718 1457 767 dederunt,
1480 725 1521 758 ut
1547 733 1626 760 non
1654 720 1782 761 solum

360 774 515 815 silentio
543 773 841 826 comprobarent
875 774 1057 814 honorem
1089 789 1232 823 meum,
1264 774 1374 815 ⁶⁶sed
1406 773 1553 827 referre
1583 777 1716 825 etiam,
1747 777 1782 818 si

360 845 459 884 opus
489 838 601 880 esset,
621 831 847 872 viderentur
875 831 1011 884 parati
1041 846 1132 872 esse.
1194 833 1265 873 Ex
1290 834 1421 873 decem
1453 832 1608 886 legatis,
1631 833 1667 873 si
1689 835 1782 875 Diis

354 889 508 941 placet,
532 889 638 943 quod
659 889 876 929 consiliumi
902 889 1179 942 dispensandae
1208 890 1584 944 cohonestandaeque
1611 890 1784 932 victoriae

356 945 659 999 imperatoribus
679 944 852 1000 majores
879 947 1069 987 dederunt
1098 947 1234 994 nostri,
1257 947 1505 988 adversarios
1531 947 1666 988 habeo.
1728 947 1780 988 L.

355 1004 519 1053 Furius,
542 1003 596 1044 L.
615 1004 811 1044 AEmilius
839 1017 994 1044 currum
1024 1003 1304 1056 triumphalem
1325 1019 1387 1045 me
1406 1005 1657 1045 conscendere
1683 1018 1780 1057 pro-

354 1062 498 1111 hibent,
521 1075 706 1102 coronam
727 1061 925 1114 insignem
947 1061 1068 1114 capiti
1089 1062 1299 1102 detrahunt
1306 1083 1323 1109 ,·
1353 1076 1450 1117 quos
1469 1075 1558 1116 ego,
1580 1062 1781 1103 si-tribuni

353 1133 415 1160 me
451 1118 690 1171 triumphare
726 1119 984 1170 prohiberent,
1019 1125 1136 1158 testes
1175 1119 1368 1160 citaturus
1394 1117 1466 1170 fui
1497 1133 1632 1160 rerum
1660 1133 1689 1160 a
1716 1134 1781 1160 me

350 1183 581 1231 gestarum.
642 1175 805 1216 Nullius
834 1176 1005 1230 equidem
1031 1176 1189 1217 invideo
1210 1176 1360 1227 honori,
1387 1177 1533 1217 Patres
1555 1177 1779 1230 conscripti.

361 1234 437 1274 Vos
456 1233 667 1274 ⁶⁷tribunos
696 1232 823 1285 plebei
852 1247 988 1285 nuper,
1010 1233 1113 1273 viros
1130 1231 1265 1286 fortes
1295 1247 1343 1275 ac
1366 1239 1557 1283 strenuos,
1579 1235 1780 1287 inpedien-

355 1298 412 1332 tes
439 1290 489 1340 Q.
507 1291 626 1332 Fabii
652 1289 856 1331 Labeonis
887 1289 1146 1342 triumphum,
1177 1291 1415 1332 auctoritate
1443 1297 1574 1332 vestra
1604 1292 1780 1333 deterru-

351 1348 454 1389 istis.
486 1347 757 1400 triumphavit,
778 1360 893 1401 quem
917 1361 993 1388 non
1014 1347 1157 1388 bellum
1179 1347 1366 1403 injustum
1394 1348 1578 1402 gessisse,
1599 1349 1670 1390 sed
1691 1350 1778 1390 hos·

352 1412 427 1446 tem
447 1405 606 1446 omnino
625 1419 704 1445 non
733 1405 888 1452 vidisse,
911 1404 1062 1445 inimici
1079 1403 1314 1459 jactabant.
1374 1406 1484 1460 Ego,
1505 1405 1572 1460 qui
1590 1420 1673 1446 cum
1693 1420 1783 1447 cen-

354 1469 438 1503 tum
483 1462 653 1503 millibus
690 1459 1026 1513 ferocissimorum
1067 1462 1232 1503 hostium
1281 1462 1404 1517 signis
1453 1462 1615 1504 conlatis
1665 1463 1779 1504 toties

349 1520 542 1574 pugnavi,
575 1519 643 1574 qui
675 1519 762 1572 plus
797 1519 1071 1574 quadraginta
1100 1520 1229 1560 millia
1259 1520 1456 1560 hominum
1491 1520 1577 1571 cepi
1611 1527 1680 1561 aut
1712 1535 1778 1561 oc·

351 1578 444 1626 cidi,
475 1577 540 1632 qui
567 1577 660 1617 bina
686 1583 821 1618 castra
851 1591 986 1617 eorum
1015 1577 1254 1630 expugnavi,
1285 1578 1353 1632 qui
1382 1577 1484 1618 citra
1500 1576 1612 1633 juga
1647 1578 1775 1619 Tauri

350 1635 484 1676 omnia
507 1634 732 1686 pacatiora,
761 1648 883 1688 quam
911 1640 1017 1675 terra
1044 1634 1168 1675 Italia
1194 1641 1263 1684 est,
1288 1635 1444 1689 reliqui,
1474 1649 1550 1675 non
1579 1635 1774 1688 triumpho

349 1694 469 1733 modo
484 1692 684 1745 fraudem
717 1693 787 1733 sed
807 1705 990 1733 caussam
1012 1693 1122 1744 apud
1147 1707 1227 1742 vos,
1253 1693 1398 1733 Patres
1418 1693 1637 1744 conscripti,
1661 1706 1774 1733 accu-

348 1750 527 1791 santibus
555 1749 652 1790 meis
680 1750 762 1802 ipse
794 1749 952 1804 legatis,
980 1749 1083 1790 dico.
1144 1749 1313 1803 Duplex
1343 1764 1489 1800 eorum,
1518 1756 1562 1789 ut
1589 1750 1772 1791 animad-

351 1808 535 1855 vertistis,
565 1808 712 1848 Patres
737 1806 952 1859 conscripti,
982 1807 1180 1847 accusatio
1199 1805 1299 1859 ficit.
1330 1821 1434 1855 nam,
1463 1821 1535 1847 nec
1557 1808 1774 1861 gerendum

351 1865 449 1905 mihi
462 1863 595 1918 ficisse
619 1864 759 1905 bellurn
785 1878 872 1904 cum
902 1864 1046 1911 Gallis,
1070 1870 1108 1903 et
1133 1871 1289 1918 gestum
1319 1870 1464 1904 temere
1493 1871 1612 1919 atque
1638 1864 1774 1916 inpru-

351 1924 498 1972 denter,
522 1922 719 1963 dixerzmt.
749 1935 824 1962 non
846 1928 958 1962 erant
984 1921 1099 1961 Galli
1125 1922 1261 1971 hostes,
1283 1922 1354 1961 sed
1376 1928 1417 1961 tu
1437 1935 1502 1961 cos
1518 1928 1684 1975 pacatos
1703 1922 1775 1961 im-

347 1986 493 2035 perata
512 1977 714 2031 facientes
740 1978 910 2026 violasti.
975 1978 1066 2019 Non
1087 1992 1174 2018 sum
1198 1978 1468 2032 postulaturus
1494 1993 1519 2020 α
1540 1979 1663 2028 vobis,
1689 1979 1774 2020 Pa-

352 2045 429 2078 tres
449 2036 668 2088 conscripti,
691 2042 748 2086 ut,
770 2050 859 2090 quoe
879 2037 1131 2077 communiter
1151 2037 1201 2077 de
1219 2036 1460 2077 inmanitate
1477 2036 1610 2091 gentis
1632 2035 1775 2077 Gallo-

349 2110 450 2143 rum,
474 2095 524 2134 de
549 2092 800 2145 infestissimo
830 2093 921 2133 odio
946 2093 987 2133 in
1006 2107 1146 2133 nornen
1169 2094 1400 2135 Romanum
1419 2093 1540 2143 scitis,
1563 2108 1609 2134 ea
1634 2094 1682 2134 de
1701 2093 1776 2136 illis

351 2165 517 2208 quoque,
552 2151 619 2205 qui
661 2151 806 2191 Asiam
844 2150 1028 2202 incolunt,
1063 2151 1292 2192 existimetis
1327 2150 1518 2192 ⁶8Gatlis.
1585 2151 1774 2192 Remota“

152 492 294 524 Manlius
308 504 340 525 se

151 535 300 568 defendit.

395 2248 405 2271 ¹
419 2251 576 2281 concilium
589 2250 686 2280 Gron.
802 2248 821 2273 k
835 2250 886 2290 qui
901 2255 994 2280 terras
1009 2249 1060 2280 has
1074 2250 1218 2286 incolunt,
1234 2251 1406 2281 existimetis.
1482 2249 1582 2280 Gallos
1595 2255 1701 2280 remota
1717 2256 1772 2280 etc.

355 2293 454 2325 Gron.
471 2293 564 2324 Crev.

400 2373 469 2403 66*
481 2372 535 2402 Sed
550 2371 661 2413 referre
674 2371 777 2412 etiam]
818 2371 838 2403 J
841 2382 877 2402 us
892 2369 1044 2403 referendi

358 2414 399 2446 ad
424 2420 577 2450 senatum,
603 2414 667 2446 sive
694 2421 837 2446 senatum
863 2415 1044 2446 consulendi

358 2458 398 2489 de
411 2458 448 2488 iis
463 2468 534 2499 quae
557 2457 733 2488 viderentur
756 2457 796 2488 ad
818 2458 1044 2500 rempublicam

358 2500 521 2543 pertinere,
537 2499 696 2532 habebant
710 2499 824 2532 tribuni
839 2500 949 2543 plebis.

401 2545 441 2575 67
475 2544 614 2574 Tribunos
650 2545 741 2583 plebei
778 2566 787 2575 .
816 2566 825 2575 .
863 2544 1045 2584 impedientes

361 2587 397 2621 Q.
429 2586 513 2617 Fabii
555 2586 694 2618 Labeonis
739 2587 935 2628 triumphum]
994 2587 1045 2617 De

357 2629 417 2660 hoc
448 2629 544 2660 Fabio
572 2629 693 2660 duobus
723 2629 938 2660 tantummodo
966 2629 1042 2660 locis

358 2673 423 2714 egit
437 2672 555 2708 Livius,
571 2683 681 2715 nempe
697 2683 725 2703 c.
736 2673 796 2703 ult.
819 2672 841 2703 1.
865 2672 1041 2703 XXXVII.

357 2720 389 2746 et
410 2726 440 2746 c.
462 2717 515 2747 39.
537 2715 628 2757 hujus
649 2715 730 2751 libri,
753 2725 809 2746 nec
832 2715 929 2745 ullam
951 2714 1044 2756 hujus

358 2758 536 2789 certaminis
567 2757 759 2790 tribunorum
797 2757 946 2790 adversus
972 2768 1044 2789 eum

358 2801 542 2833 mentionem
559 2801 640 2833 fecit.

400 2844 440 2874 68
466 2844 566 2874 Gallos
597 2869 604 2877 .
633 2867 641 2877 .
671 2856 723 2885 per
755 2846 852 2885 seipsos
885 2844 1042 2885 oestiruate]

1087 2372 1189 2407 Recte
1212 2372 1355 2403 observat
1370 2370 1546 2403 Pen'zonius
1567 2380 1675 2402 vocem
1697 2370 1772 2402 Gal-

1089 2417 1127 2446 los
1153 2415 1203 2445 hic
1234 2420 1409 2457 suspectam
1437 2424 1503 2446 esse
1532 2414 1642 2445 debere
1669 2413 1771 2445 locum

1089 2458 1262 2489 accuratius
1297 2457 1481 2499 inspicienti.
1539 2457 1651 2498 Neque
1689 2457 1770 2488 enim

1087 2501 1290 2532 communiter
1313 2500 1351 2531 de
1367 2500 1470 2532 Gallis
1484 2499 1645 2534 universis,
1661 2499 1717 2531 sed
1732 2500 1772 2532 de

1088 2544 1150 2575 illis
1165 2544 1285 2587 proprie
1307 2543 1359 2584 qui
1373 2543 1483 2574 Asiam
1498 2543 1687 2579 incolebant,
1704 2543 1770 2584 agi-

1088 2594 1148 2618 tur.
1202 2587 1354 2618 videmur
1391 2585 1483 2626 igitur
1511 2586 1611 2626 legere
1647 2585 1770 2621 debere,

1085 2629 1239 2671 quomodo
1261 2629 1293 2659 in
1309 2629 1496 2669 Mogontina
1520 2629 1653 2660 editione
1672 2629 1768 2659 habe-

1086 2679 1145 2708 tur,
1162 2673 1212 2704 cui
1235 2670 1356 2703 accedit
1377 2682 1458 2702 unus
1475 2683 1492 2703 e
1508 2673 1602 2703 MSS.
1619 2671 1765 2702 Hearnii:

1085 2727 1119 2747 ea
1142 2717 1178 2747 de
1200 2716 1260 2745 illis
1281 2726 1401 2755 unoque,
1425 2717 1474 2756 qui
1498 2722 1590 2746 terras
1615 2716 1666 2745 has
1691 2717 1768 2745 irwo-

1088 2759 1166 2794 lunt,
1195 2759 1357 2791 existumetis
1393 2758 1499 2790 Gallis.
1553 2759 1673 2788 Remota
1701 2759 1770 2787 nni-

1085 2812 1175 2832 νει-αι’
1196 2802 1292 2845 gentis
1314 2800 1437 2842 iufamia
1463 2809 1549 2842 alque
1575 2802 1696 2837 invidia,
1721 2811 1773 2840 per

1088 2856 1115 2875 se
1127 2847 1199 2884 ipsos
1211 2845 1360 2877 animate.
