1947 3222
548 86 672 124 LIB.
702 85 787 123 XL.
827 87 955 124 CAP.
985 87 1135 124 XLIX.
1472 96 1548 135 499

138 196 301 252 signum
351 197 615 249 convenerat)
659 193 936 244 sustulissent,
977 195 1167 237 destituti
1217 198 1269 238 ab
1310 199 1431 240 unica
1475 214 1546 255 spe
1560 212 1599 243 U.
1612 211 1650 243 C.
1664 213 1736 243 57-3.

137 253 295 303 auxilii,
324 252 366 293 in
397 252 648 294 deditionem
678 260 897 293 venerunt.
932 250 1207 294 ⁷⁷sestert'1s1m
1239 263 1387 310 quater
1417 263 1458 297 et
1488 255 1736 296 vi-A·C·¹⁷9·

136 310 217 350 cies
251 310 304 351 ab
339 309 388 350 iis
423 317 482 350 est
523 317 732 357 exactum,
769 308 1048 364 quadraginta
1082 309 1324 351 nobilissimi
1360 313 1542 367 equites:

136 381 211 406 nec
235 366 427 408 obsidum
457 366 636 415 nomine,
662 364 776 416 (nam
797 365 974 407 militare
998 366 1105 421 jussi
1138 370 1253 419 sunt)
1277 376 1317 408 et
1346 377 1482 409 tamen
1503 385 1546 412 re

135 423 239 478 ipsa,
262 432 309 464 ut
331 423 482 479 pignus
502 422 598 462 fidei
620 429 766 463 essent.

195 480 417 520 XLVIII.
451 479 557 520 Inde
587 480 676 535 jam
706 478 831 520 duxit
860 478 913 519 ad
944 479 1078 520 Alcen
1109 480 1270 529 urbem,
1306 481 1379 521 ubi
1414 490 1547 524 castra
1558 497 1610 527 Ad
1626 497 1729 527 Alcen

138 536 443 578 Celtiberorum
478 545 610 585 erant,
641 551 665 576 a
699 536 855 591 quibus
890 544 1086 577 venerant
1126 551 1260 593 nuper
1294 536 1433 591 legati.
1479 540 1722 588 eosvincpntur

135 608 267 648 quum
288 608 362 648 per
383 592 544 648 aliquot
572 592 674 642 dies,
697 601 949 633 armaturam
981 593 1113 633 levem
1134 593 1383 634 inmittendo
1404 594 1445 634 in
1468 604 1546 635 sta·
1559 583 1714 614 Celnben.

135 650 279 699 tiones,
311 649 536 690 lacessisset
565 649 704 704 parvis
736 649 907 705 proeliis,
939 649 981 690 in
1015 650 1102 690 dies
1137 651 1293 706 majora
1323 652 1547 692 certamina

134 707 310 755 serebat,
332 715 380 748 ut
401 721 540 746 omnes
570 714 689 747 extra
709 706 959 747 munitiones
980 706 1155 748 eliceret.
1189 706 1276 756 ubi,
1299 707 1415 762 quod
1434 717 1547 763 pete-

132 763 273 811 batur,
309 763 432 803 sensit
473 763 682 813 effectum,
718 762 970 804 auxiliorum
1005 763 1214 819 praefectis
1249 764 1440 819 imperat,
1482 774 1545 815 ut,

132 828 344 861 contracto
383 820 619 869 certamine,
661 828 873 875 tamquam
923 820 1194 862 multitudine
1236 830 1545 876 superarentur,

134 884 301 931 repente
331 877 459 931 tergis
489 876 611 926 datis,
645 876 699 917 ad
731 879 866 917 castra
899 878 1027 918 effuse
1062 877 1269 932 fugerent.
1317 878 1404 933 ipse
1436 878 1547 919 intra

133 933 288 976 vallum
321 933 375 974 ad
407 948 548 974 omnes
578 942 720 989 portas
751 933 951 975 instruxit
987 934 1138 990 copias.
1200 934 1331 975 Haud
1365 934 1545 975 multum

133 990 330 1045 temporis
360 990 604 1038 intercessit,
627 1006 759 1045 quum
789 1006 839 1030 ex
870 992 1099 1046 composito
1129 990 1426 1046 refugientium
1454 1007 1547 1032 suo-

132 1061 225 1086 rum
256 1062 419 1101 agmen,
441 1055 535 1102 post
557 1047 685 1087 effuse
711 1056 930 1102 sequentes
959 1048 1157 1088 barbaros
1187 1048 1414 1103 conspexit.
1478 1049 1547 1088 In-

133 1111 333 1144 structam
355 1103 409 1144 ad
429 1103 507 1144 hoc
536 1104 673 1159 ipsum
703 1104 814 1144 intra
833 1103 991 1144 vallum
1020 1104 1200 1144 habebat
1229 1104 1370 1144 aciem.
1402 1105 1546 1160 itaque

134 1167 296 1201 tantum
328 1168 527 1210 moratus,
550 1168 599 1201 ut
628 1175 722 1200 suos
752 1160 944 1215 refugere
974 1160 1014 1201 in
1045 1168 1180 1202 castra
1209 1160 1339 1201 libero
1369 1161 1545 1202 introitu

133 1216 297 1266 sineret,
320 1216 497 1257 clamore
518 1216 695 1264 sublato,
720 1217 843 1257 simul
863 1217 1058 1258 omnibus
1085 1217 1216 1273 portis
1237 1217 1388 1272 erupit.
1450 1218 1545 1258 Non

132 1273 365 1314 sustinuere
394 1273 582 1329 inpetum
613 1273 904 1329 necopinatum
936 1274 1088 1315 hostes.
1125 1274 1200 1329 qui
1228 1273 1282 1314 ad
1311 1282 1447 1315 castra
1475 1274 1546 1315 ob-

131 1330 360 1385 pugnanda
396 1338 604 1381 venerant,
636 1345 686 1371 ne
718 1345 792 1371 sua
822 1330 992 1386 quidem
1025 1330 1134 1372 tueri
1166 1338 1409 1386 potuerunt.
1450 1346 1546 1371 nam

132 1387 342 1442 extemplo
369 1386 468 1437 fusi,
488 1387 642 1442 fugati,
663 1402 759 1427 mox
789 1387 901 1428 intra
921 1387 1079 1428 vallum
1109 1395 1307 1443 paventes
1328 1387 1545 1443 compulsi,

133 1451 342 1497 postremo
373 1452 588 1485 exuuntur
608 1443 773 1485 castris.
834 1445 902 1485 Eo
932 1444 999 1484 die
1025 1459 1172 1485 novem
1203 1443 1334 1483 millia
1361 1443 1546 1485 hostium

132 1514 260 1540 caesa:
305 1500 415 1556 capti
447 1500 531 1541 vivi
567 1500 740 1542 trecenti
775 1500 938 1556 viginti,
972 1501 1069 1556 equi
1105 1508 1273 1541 centum
1309 1500 1544 1550 duodecim,

133 1556 250 1612 signa
270 1557 465 1598 militaria
484 1557 656 1613 triginta
682 1565 851 1613 septem.
883 1557 935 1599 de
957 1558 1143 1599 exercitu
1166 1558 1356 1598 Romano
1378 1565 1544 1599 centum

132 1628 280 1654 novem
301 1613 554 1655 ceciderunt.

201 1671 380 1711 XLIX.
413 1671 485 1712 Ab
515 1671 594 1712 hoc
623 1671 771 1727 proelio
802 1671 1019 1713 Gracchus
1049 1670 1172 1712 duxit
1202 1670 1256 1711 ad
1286 1670 1544 1727 depopulan-

131 1726 254 1767 dumh
287 1727 553 1768 Celtiberiam
583 1728 778 1783 legiones.
811 1736 866 1778 et,
894 1743 1026 1784 quum
1056 1727 1183 1768 ferret
1213 1727 1364 1783 passim
1395 1737 1546 1770 cuncta

131 1795 259 1839 atque
289 1792 444 1840 ageret,
466 1784 696 1840 populique
717 1785 785 1825 alii
813 1784 1043 1834 voluntate,
1064 1784 1134 1824 alii
1161 1792 1275 1825 metu
1301 1784 1454 1840 jugum
1480 1801 1545 1826 ac-

132 1840 330 1896 ciperent,
353 1849 519 1882 centum
555 1842 635 1882 tria
666 1841 824 1897 oppida
851 1841 963 1882 intra
991 1856 1147 1897 paucos
1177 1841 1265 1881 dies
1294 1841 1336 1881 in
1368 1841 1545 1883 deditio-
1557 1856 1650 1887 CIII.
1667 1866 1720 1897 op-

132 1912 226 1937 nem
261 1898 442 1953 accepit:
486 1898 629 1953 praeda
663 1898 824 1954 potitus
857 1898 1017 1954 ingenti
1053 1906 1126 1939 est.
1190 1897 1406 1939 Convertit
1446 1898 1542 1939 inde
1555 1899 1628 1952 PJdst
1641 1899 1749 1940 recipit

132 1968 280 2008 agmen
316 1964 441 2003 retro,
474 1954 586 1995 unde
623 1965 805 2004 venerat,
839 1954 893 1995 ad
926 1954 1076 2004 Alcen,
1109 1962 1236 2009 atque
1271 1969 1360 1994 eam
1396 1955 1543 1996 urbem
1556 1942 1726 1974 (Jracchus.

132 2011 375 2066 obpugnare
414 2010 576 2052 institit.
653 2010 863 2067 Oppidani
905 2010 1088 2067 primum
1127 2011 1319 2066 inpetum
1359 2010 1542 2053 hostium

134 2067 444 2108 sustinuerunt:
478 2067 639 2118 deinde,
661 2083 792 2123 quum
809 2067 897 2123 jam
918 2082 1000 2108 non
1021 2067 1145 2108 armis
1165 2067 1303 2116 modo,
1327 2067 1398 2108 sed
1419 2067 1543 2109 etiam

132 2123 327 2178 operibus
366 2124 724 2180 obpugnarentur,
765 2124 889 2166 diffisi
928 2123 1122 2180 praesidio
1162 2124 1293 2174 urbis,
1329 2124 1373 2164 in
1408 2139 1543 2166 arcem

133 2180 314 2221 universi
344 2190 643 2222 concesserunt.
675 2188 885 2237 postremo
914 2189 956 2222 et
984 2180 1096 2231 inde,
1123 2180 1344 2236 praemissis
1373 2181 1544 2233 oratori-

133 2236 227 2287 bus,
264 2237 306 2277 in
342 2237 541 2278 ditionem
576 2253 617 2278 se
653 2253 811 2294 suaque
846 2237 985 2279 omnia
1019 2237 1220 2278 Romanis
1251 2236 1541 2293 permiserunt.

135 2294 297 2349 Magna
324 2293 420 2334 inde
449 2293 592 2349 praeda
620 2294 732 2336 facta
751 2303 824 2336 est.
856 2293 979 2335 multi
1009 2294 1163 2350 captivi
1193 2294 1350 2334 nobiles
1379 2294 1422 2333 in
1451 2301 1544 2348 pot-

135 2357 305 2391 estatem
322 2359 523 2391 venerunt
539 2367 550 2397 3
580 2351 688 2392 inter
703 2365 810 2406 quos
826 2359 866 2393 et
887 2350 1062 2391 Thurrii
1083 2350 1157 2391 filij
1174 2350 1259 2392 duo
1275 2359 1316 2392 et
1332 2349 1428 2390 filia.
1461 2351 1544 2389 Re-

135 2406 260 2459 gulus
280 2407 347 2448 hic
368 2422 510 2448 earum
542 2408 731 2463 gentium
752 2415 855 2458 erat,
876 2407 997 2463 longe
1024 2406 1338 2463 potentissimus
1357 2405 1542 2447 omnium

426 2496 442 2520 h
456 2496 653 2535 populandam
665 2496 762 2527 Gron.
778 2496 870 2527 Crev.
1040 2492 1050 2516 i
1069 2495 1159 2525 Turri
1175 2494 1262 2526 Eaed.

180 2571 219 2600 77
243 2570 411 2602 Sestertiam
439 2579 542 2613 quater
569 2578 596 2603 et
620 2572 721 2613 vicies]
767 2572 819 2602 Sic
862 2571 970 2602 novius
990 2571 1023 2602 in
1045 2571 1154 2603 eodem
1175 2571 1228 2602 illo
1253 2570 1427 2602 doctissimo
1452 2581 1543 2612 opere

138 2613 199 2653 legi
224 2612 380 2653 jusserunt
413 2615 550 2656 Scaliger
577 2619 608 2646 et
635 2614 821 2646 Gronovius.
862 2614 901 2645 de
924 2613 1064 2646 Pecunia
1085 2615 1211 2646 Vetere.
1256 2615 1349 2644 Porro
1372 2612 1542 2643 sestertium

139 2655 211 2686 vid.
236 2656 332 2686 Gron.
356 2656 378 2686 1.
401 2657 448 2687 II.
475 2658 514 2689 de
537 2658 611 2688 Pec.
641 2658 713 2689 Vet.
737 2667 766 2688 c.
788 2657 820 2688 4.
863 2663 972 2698 quater
994 2662 1026 2688 et
1043 2656 1147 2692 vicies,
1163 2662 1235 2687 sunt
1255 2656 1303 2686 bis
1324 2655 1408 2685 mille
1423 2660 1454 2685 et
1466 2665 1543 2695 qua-

140 2698 307 2740 Exemplar
341 2698 464 2728 unicum
502 2700 620 2736 habuit,
655 2700 818 2731 Nummum
861 2700 1024 2741 dringenta
1059 2698 1207 2734 sestertia,
1242 2698 1316 2731 sive,
1351 2697 1433 2737 quod
1462 2697 1543 2727 idem

136 2748 240 2780 quater
262 2747 288 2771 et
310 2742 396 2771 vicies
416 2748 455 2770 est
478 2749 626 2773 exactum:
658 2753 751 2784 quam
773 2742 818 2773 lo-
862 2748 920 2778 est,
942 2741 1070 2774 sestertii
1098 2742 1258 2772 2400000.
1283 2740 1368 2769 librae
1392 2740 1542 2769 Romanae

138 2783 254 2822 quendi
278 2783 406 2814 sormam
422 2783 461 2813 ab
476 2785 558 2815 omni
572 2791 603 2816 et
618 2796 673 2816 usu
696 2790 725 2817 et
745 2795 819 2816 ana·
863 2785 965 2826 pondo
988 2785 1082 2816 6000.
1111 2793 1221 2814 marcae
1252 2781 1368 2822 argenti
1395 2787 1544 2812 nostrates

139 2826 220 2867 logia
237 2826 395 2857 abliorrere
416 2826 570 2857 luculente
584 2827 723 2869 probavit
739 2827 819 2859 Gru·
863 2828 959 2858 9375.

894 2869 1017 2910 xkss
