1947 3222
345 91 420 131 262
876 94 1022 135 ΙΤΙΤῙ
1062 94 1223 133 LIVII

193 211 230 242 C.
243 209 317 241 561.
349 215 590 256 magnopere
605 216 708 243 nunc
721 217 826 253 curo,
844 205 945 258 quid
964 204 1102 246 AEtoli
1119 205 1220 246 satis
1235 219 1284 245 ex
1299 218 1407 245 more
1424 202 1758 259 Graecorumfac-

192 254 229 285 C.
246 253 318 285 191.
351 266 433 300 tum
463 274 544 301 esse
570 266 778 301 censeant.-
809 262 901 301 dum
931 275 1001 316 ego
1030 277 1138 303 more
1165 262 1350 303 Romano
1370 261 1620 314 ⁹⁸imperium
1650 262 1759 303 inlu·-

352 316 462 356 beam
484 317 528 357 in
549 318 704 358 deditas
729 318 844 358 modo
864 319 1020 359 decreto
1039 333 1122 367 sua,
1144 327 1240 360 ante
1259 320 1385 360 armis
1405 319 1539 360 victos.
1599 318 1759 372 Itaque,

353 374 400 413 ni
413 387 588 427 propere
588 376 663 427 fit,
686 376 795 428 quod
814 376 977 427 impero,
1000 376 1152 416 vinciri
1171 390 1237 417 vos
1242 375 1339 430 jam
1345 375 1491 429 jubeo.-
1523 375 1763 431 adferrique

352 438 531 481 catenas,
553 439 595 472 et
615 430 915 471 circumsistere
945 431 1109 472 lictores
1132 432 1271 488 jussit.
1333 434 1448 474 Tum
1477 432 1610 473 fracta
1640 432 1762 473 Phae.

352 502 441 528 neae
461 487 629 538 ferocia,
652 486 894 542 AEtolisque
914 487 1005 528 aliis
1025 496 1111 529 est:
1143 496 1184 529 et
1212 489 1394 540 tandem,
1415 490 1536 545 cujus
1563 487 1763 529 conditio-

352 543 416 585 nis
437 552 586 594 essent,
610 559 781 584 sensere.
804 551 861 593 et,
882 558 923 585 se
941 545 1111 598 quidem,
1137 545 1353 595 Phaeneas,
1375 553 1413 586 et
1433 547 1504 600 qui
1523 546 1661 586 adsint
1682 545 1763 585 AE-
1936 560 1947 590 ιῑ

353 602 537 649 talorum,
558 602 660 641 scire
662 601 868 654 facienda
888 615 983 651 esse,
1001 615 1090 655 quae
1105 602 1361 654 imperentur,
1384 603 1489 644 dixit
1507 619 1516 644 :
1547 603 1618 643 sed
1629 603 1685 642 ad
1699 603 1765 642 de-
1937 597 1939 604 '

354 659 553 698 cernenda
570 670 616 697 ea
630 658 799 698 concilio
814 657 1047 698 AEtolorum
1061 672 1159 712 opus
1174 673 1264 699 esse.
1286 660 1343 699 ad
1357 659 1402 699 id
1410 667 1560 711 petere,
1575 666 1619 699 ut
1634 660 1764 700 decem

353 715 508 755 dierum
530 715 713 755 inducias
734 716 866 755 daret.
928 715 1102 756 Petente
1124 714 1274 756 Flacco
1293 730 1370 770 pro
1393 715 1562 766 AEtolis‚
1582 715 1763 757 induciae

354 770 464 812 datae
482 787 493 819 ;
525 779 567 812 et
589 772 808 828 Hypatam
828 771 1012 813 reditum
1033 780 1107 814 est.
1141 772 1228 813 Ubi
1242 787 1374 828 quum
1391 771 1432 813 in
1448 772 1616 813 consilio
1631 772 1764 814 delec-

354 835 509 878 torum,
531 843 636 884 quos
657 828 885 884 Apoeletos
905 836 1070 879 vocant,
1093 828 1309 878 Phaeneas,
1332 837 1373 870 et
1399 844 1496 885 quae
1516 829 1765 884 imperaren-
1933 831 1944 867 1'»

354 893 440 934 tur,
457 893 498 926 et
514 899 612 941 quae
626 885 728 941 ipsis
747 900 879 941 prope
894 885 1153 936 accidissent,
1170 885 1447 942 exposuisset;
1470 886 1765 941 ingemuerunt
1932 887 1942 923 1.*

354 940 525 997 quidem
555 941 764 998 principes
792 941 1018 983 conditioni
1049 957 1150 992 suae,
1181 942 1411 998 parendum
1445 951 1585 984 tamen
1618 941 1766 983 victori

354 998 590 1049 censebant,
621 1007 663 1041 et
692 1014 744 1040 ex
774 999 970 1040 omnibus
998 998 1165 1056 oppidis
1196 999 1480 1040 convocandos
1510 998 1678 1040 AEtolos
1712 998 1766 1040 ad

355 1054 587 1096 concilium.

142 1121 336 1168 Exasperan-
413 1112 601 1152 XXIX.
634 1113 865 1168 Postquam
893 1127 993 1153 vero
1025 1112 1158 1154 omnis
1192 1121 1335 1154 coacta
1363 1112 1593 1154 multitudo
1622 1111 1765 1154 eadem

144 1163 315 1195 turAEtoh.
354 1167 426 1209 illa
453 1168 630 1218 audivit,
652 1168 756 1210 adeo
786 1168 946 1211 saevitia
970 1168 1133 1225 imperii
1163 1177 1290 1225 atque
1319 1169 1569 1225 indignitate
1598 1184 1768 1225 exaspe-

354 1224 434 1266 rati
455 1225 581 1266 animi
601 1234 715 1276 sunt,
737 1233 801 1277 ut,
823 1225 857 1267 si
882 1225 926 1266 in
954 1241 1057 1281 pace
1085 1225 1276 1276 fuissent,
1297 1226 1368 1267 illo
1392 1225 1538 1282 inpetu
1568 1225 1642 1266 irae
1672 1240 1767 1266 con-

354 1281 473 1324 citari
492 1282 706 1338 potuerint
727 1281 782 1323 ad
800 1281 971 1324 bellum.
1032 1282 1106 1323 Ad
1135 1282 1239 1323 iram
1269 1282 1490 1324 accedebat
1520 1290 1562 1324 et
1591 1282 1769 1323 difficul-

355 1346 419 1380 tas
439 1353 598 1389 eorum,
620 1354 717 1394 quae
736 1338 1064 1395 imperarentur:
1097 1353 1266 1393 quonam
1289 1341 1402 1380 modo
1421 1340 1525 1380 enim
1545 1340 1684 1392 utique
1703 1354 1766 1379 re-

350 1410 440 1450 gem
472 1395 780 1450 Amynandrum
811 1410 852 1437 se
880 1397 1044 1436 tradere
1066 1399 1212 1449 posse?
1256 1397 1316 1438 Et
1352 1411 1445 1452 spes
1473 1396 1582 1436 forte
1611 1395 1767 1445 oblata,

355 1452 471 1508 quod
492 1452 718 1500 Nicander,
741 1468 790 1493 eo
818 1452 910 1508 ipso
939 1460 1126 1508 tempore
1147 1453 1200 1494 ab
1219 1468 1317 1508 rege
1344 1452 1557 1495 Antiocho
1586 1451 1768 1503 veniens,

355 1508 529 1565 inplevit
551 1509 861 1565 exspectatione
880 1523 988 1550 vana
1007 1509 1336 1558 multitudinem,
1358 1518 1471 1551 terra
1488 1509 1678 1565 marique
1709 1508 1770 1550 in-

356 1581 458 1621 gens
477 1565 616 1622 parari
636 1566 804 1607 bellum.
867 1566 912 1607 Is
941 1565 1188 1607 duodecimo
1215 1566 1298 1617 die,
1319 1581 1447 1622 quam
1477 1565 1771 1607 conscenderat

357 1637 520 1672 navem,
550 1623 594 1663 in
628 1621 844 1673 AEtoliam,
865 1623 1050 1686 perfecta
1076 1622 1296 1678 legatione,
1326 1623 1488 1664 rediens
1514 1622 1708 1664 Phalara⁸
1727 1622 1769 1663 in

359 1680 452 1720 sinu
484 1678 667 1721 Maliaco
696 1679 844 1721 tenuit.
874 1679 971 1720 mde
1005 1679 1195 1720 Lamiam
1230 1680 1448 1743 pecuniam
1482 1694 1616 1734 quum
1649 1678 1773 1720 deve-

358 1735 501 1786 xisset,
522 1735 610 1792 ipse
639 1751 736 1778 cum
759 1735 965 1791 expeditis
994 1749 1164 1792 vespera
1186 1751 1322 1792 prima
1349 1736 1457 1777 inter
1487 1736 1771 1777 Macedonum

361 1792 635 1849 Romanaque
656 1800 791 1834 castra
810 1792 948 1833 medio
968 1808 1084 1848 agr0,
1106 1791 1207 1833 dum
1230 1794 1447 1849 Hypatam
1463 1793 1574 1833 notis
1594 1792 1772 1834 callibus

358 1849 480 1905 petit,
520 1849 563 1890 in
603 1849 822 1891 stationem
859 1848 1006 1890 incidit
1046 1849 1344 1900 Macedonum,
1384 1849 1677 1904 deductusque
1716 1848 1771 1889 ad

359 1921 499 1962 regem
535 1915 612 1957 est,
647 1905 835 1947 nondum
869 1905 1058 1947 convivio
1093 1905 1273 1948 dimisso.
1336 1905 1459 1956 Quod
1494 1906 1569 1947 ubi
1603 1904 1773 1946 nuncia-

361 1971 453 2005 tum
481 1970 560 2013 est,
581 1962 698 2004 velut
727 1961 919 2018 hospitis,
947 1977 1030 2004 non
1056 1962 1201 2013 hostis,
1232 1963 1417 2004 adventu
1442 1971 1582 2005 motus
1613 1961 1773 2025 Philip-

362 2035 458 2076 pus,
480 2019 730 2061 adcumbere
751 2034 847 2060 eum
867 2018 1113 2075 epularique
1128 2019 1294 2076 jussum
1304 2025 1332 2070 “,
1354 2028 1482 2076 atque
1501 2019 1612 2070 inde,
1634 2019 1776 2060 dimis-

365 2076 420 2118 sis
446 2076 552 2127 aliis,
574 2076 709 2118 solum
738 2083 963 2126 retentum,
985 2075 1124 2132 ipsum
1145 2076 1316 2132 quidem
1343 2075 1395 2117 de
1416 2092 1458 2118 se
1485 2077 1632 2118 timere
1652 2075 1774 2132 quid-

365 2148 493 2189 quam
513 2133 662 2175 vetuit.
724 2132 968 2174 AEtolorum
992 2148 1123 2189 prava
1152 2133 1336 2184 consilia,
1357 2142 1487 2190 atque
1515 2134 1558 2174 in
1588 2133 1774 2189 ipsorum

365 2186 492 2246 caput
522 2205 683 2246 semper
711 2189 952 2240 recidentia,
977 2189 1198 2231 accusavit.
1231 2191 1305 2246 qui
1334 2191 1517 2246 primum
1547 2190 1773 2238 Romanos,

364 2246 515 2287 deinde
536 2246 796 2289 Antiochum
816 2246 859 2287 in
882 2246 1088 2288 Graeciam
1108 2246 1393 2288 adduxissent.
1452 2247 1533 2288 Sed
1543 2246 1775 2299 praeterito-

365 2317 465 2353 rum,
488 2317 577 2358 quoe
597 2305 726 2358 magis
744 2303 998 2357 reprehendi,
1020 2318 1139 2358 quam
1162 2305 1328 2358 corrigi,
1344 2304 1517 2357 possint,
1539 2303 1700 2343 oblitum
1720 2317 1777 2352 se,

365 2361 676 2415 nonfactumcm‚
698 2367 742 2402 ut
762 2361 925 2402 insultet
945 2361 1124 2402 adversis
1153 2361 1267 2402 rebus
1294 2374 1440 2401 eorum.
1499 2359 1662 2400 AEtolos
1682 2373 1776 2413 quo-

365 2418 577 2472 que-finire
596 2418 755 2458 tandem
778 2419 968 2458 adversus
987 2432 1029 2459 se
1047 2418 1142 2458 odia
1165 2417 1326 2465 dehere‚-
1357 2424 1397 2458 et
1418 2417 1671 2457 Nicandrum
1688 2417 1778 2469 pri-

365 2476 489 2516 vatim
510 2473 592 2529 ejus
614 2475 712 2524 diei,
734 2488 810 2533 quo
828 2481 1009 2516 servatus
1030 2489 1055 2515 a
1074 2489 1115 2516 se
1117 2475 1252 2529 joret,
1269 2475 1500 2516 meminisse.
1563 2475 1632 2515 Ita
1651 2472 1775 2522 datis,

140 212 182 242 U.

138 254 179 285 A.

686 2604 696 2624 ¹
716 2603 871 2634 Phalerum
887 2603 984 2634 Gron.
1114 2604 1226 2642 ”jussit
1244 2603 1341 2634 Gron.
1357 2603 1448 2635 Crev.

408 2723 451 2753 98
477 2721 634 2760 Imperium
662 2719 822 2760 inhibeam]
862 2719 931 2749 Hoc
958 2724 1004 2750 est
1031 2729 1050 2749 a
1093 2723 1140 2749 est
1165 2728 1308 2749 exercere
1345 2717 1519 2759 imperium,
1558 2718 1602 2749 uti
1640 2718 1777 2759 imperio,

366 2764 535 2795 certissima
563 2762 710 2795 Gronovii
737 2761 925 2803 conjectura,
954 2771 1050 2801 quum
1094 2760 1168 2792 Vid.
1184 2771 1276 2803 supra
1294 2761 1359 2792 111.
1374 2762 1425 2793 38.
1448 2767 1479 2793 et
1494 2761 1574 2794 adde
1589 2766 1651 2793 not.
1667 2762 1721 2793 62.
1737 2759 1777 2791 ad

368 2807 485 2847 vulgati
514 2807 650 2837 habeant
685 2807 838 2844 imperinm
864 2806 896 2835 id
923 2805 1050 2840 habeam,
1095 2804 1116 2835 Ι.
1133 2804 1199 2835 111.
1215 2805 1311 2836 c.59.

368 2849 472 2892 scripti
509 2850 670 2881 adhibeam.
724 2848 881 2888 Imperium
926 2848 1052 2878 inhibere
