<?xml version="1.0" encoding="UTF-8"?>
<!DOCTYPE html PUBLIC "-//W3C//DTD XHTML 1.0 Transitional//EN"
    "http://www.w3.org/TR/xhtml1/DTD/xhtml1-transitional.dtd">
<html xmlns="http://www.w3.org/1999/xhtml" xml:lang="en" lang="en">
 <head>
  <title>
</title>
<meta http-equiv="Content-Type" content="text/html;charset=utf-8" />
  <meta name='ocr-system' content='tesseract 3.04.00' />
  <meta name='ocr-capabilities' content='ocr_page ocr_carea ocr_par ocr_line ocrx_word'/>
</head>
<body>
  <div class='ocr_page' id='page_1' title='image "./historiarumaburb03livyuoft_0407.png"; bbox 0 0 1947 3222; ppageno 0'>
   <div class='ocr_carea' id='block_1_1' title="bbox 388 323 1314 379">
    <p class='ocr_par' dir='ltr' id='par_1_1' title="bbox 388 323 1314 379">
     <span class='ocr_line' id='line_1_1' title="bbox 388 323 1314 379; baseline 0.001 -1"><span class='ocrx_word' id='word_1_1' title='bbox 388 323 736 378; x_wconf 88' lang='grc' dir='ltr'>ΕΡΙΤΟΜΕ</span> <span class='ocrx_word' id='word_1_2' title='bbox 777 323 995 376; x_wconf 84' lang='lat' dir='ltr'>LIBRI</span> <span class='ocrx_word' id='word_1_3' title='bbox 1036 324 1314 379; x_wconf 89' lang='lat' dir='ltr'>XXXIX.</span> 
     </span>
    </p>
   </div>
   <div class='ocr_carea' id='block_1_2' title="bbox 718 464 980 487">
    <p class='ocr_par' dir='ltr' id='par_1_2' title="bbox 718 464 980 487">
     <span class='ocr_line' id='line_1_2' title="bbox 718 464 980 487; baseline 0 2735"><span class='ocrx_word' id='word_1_4' title='bbox 718 464 980 487; x_wconf 95' lang='lat' dir='ltr'><em> </em></span> 
     </span>
    </p>
   </div>
   <div class='ocr_carea' id='block_1_3' title="bbox 124 560 1563 2174">
    <p class='ocr_par' dir='ltr' id='par_1_3' title="bbox 124 560 1563 2174">
     <span class='ocr_line' id='line_1_3' title="bbox 142 560 1558 623; baseline -0.001 -11"><span class='ocrx_word' id='word_1_5' title='bbox 142 560 230 613; x_wconf 85' lang='lat' dir='ltr'><em>M.</em></span> <span class='ocrx_word' id='word_1_6' title='bbox 264 568 546 610; x_wconf 73' lang='lat' dir='ltr'><em>AEMILIUS</em></span> <span class='ocrx_word' id='word_1_7' title='bbox 583 568 728 616; x_wconf 86' lang='lat' dir='ltr'><em>consul,</em></span> <span class='ocrx_word' id='word_1_8' title='bbox 765 567 991 623; x_wconf 80' lang='lat' dir='ltr'><em>Liguribus</em></span> <span class='ocrx_word' id='word_1_9' title='bbox 1028 569 1210 619; x_wconf 84' lang='lat' dir='ltr'><em>subactis,</em></span> <span class='ocrx_word' id='word_1_10' title='bbox 1250 569 1357 610; x_wconf 75' lang='lat' dir='ltr'><em>viam</em></span> <span class='ocrx_word' id='word_1_11' title='bbox 1397 584 1421 609; x_wconf 93' lang='lat' dir='ltr'><em>a</em></span> <span class='ocrx_word' id='word_1_12' title='bbox 1460 571 1558 610; x_wconf 78' lang='lat' dir='ltr'><em>Pla-</em></span> 
     </span>
     <span class='ocr_line' id='line_1_4' title="bbox 140 625 1558 681; baseline 0.001 -16"><span class='ocrx_word' id='word_1_13' title='bbox 140 627 264 667; x_wconf 78' lang='lat' dir='ltr'><em>centia</em></span> <span class='ocrx_word' id='word_1_14' title='bbox 301 641 416 680; x_wconf 85' lang='lat' dir='ltr'><em>usque</em></span> <span class='ocrx_word' id='word_1_15' title='bbox 452 626 673 667; x_wconf 77' lang='lat' dir='ltr'><em>Ariminum</em></span> <span class='ocrx_word' id='word_1_16' title='bbox 707 626 944 677; x_wconf 72' lang='lat' dir='ltr'><em>perductam</em></span> <span class='ocrx_word' id='word_1_17' title='bbox 979 626 1188 667; x_wconf 65' lang='lat' dir='ltr'><em>Flaminiae</em></span> <span class='ocrx_word' id='word_1_18' title='bbox 1211 625 1362 681; x_wconf 77' lang='lat' dir='ltr'><em>junxit.</em></span> <span class='ocrx_word' id='word_1_19' title='bbox 1433 627 1558 668; x_wconf 88' lang='lat' dir='ltr'><em>Initia</em></span> 
     </span>
     <span class='ocr_line' id='line_1_5' title="bbox 141 683 1558 737; baseline 0 -14"><span class='ocrx_word' id='word_1_20' title='bbox 141 684 319 732; x_wconf 70' lang='lat' dir='ltr'><em>luxuriae,</em></span> <span class='ocrx_word' id='word_1_21' title='bbox 359 685 580 725; x_wconf 85' lang='lat' dir='ltr'><em>introducta</em></span> <span class='ocrx_word' id='word_1_22' title='bbox 621 684 672 723; x_wconf 85' lang='lat' dir='ltr'><em>ab</em></span> <span class='ocrx_word' id='word_1_23' title='bbox 712 683 887 723; x_wconf 78' lang='lat' dir='ltr'><em>exercitu</em></span> <span class='ocrx_word' id='word_1_24' title='bbox 938 684 1133 733; x_wconf 85' lang='lat' dir='ltr'><em>Asiatico,</em></span> <span class='ocrx_word' id='word_1_25' title='bbox 1174 683 1408 737; x_wconf 66' lang='lat' dir='ltr'><em>referuntur.</em></span> <span class='ocrx_word' id='word_1_26' title='bbox 1484 685 1558 725; x_wconf 81' lang='lat' dir='ltr'><em>Li-</em></span> 
     </span>
     <span class='ocr_line' id='line_1_6' title="bbox 137 741 1559 796; baseline 0.001 -16"><span class='ocrx_word' id='word_1_27' title='bbox 137 755 272 794; x_wconf 82' lang='lat' dir='ltr'><em>gures,</em></span> <span class='ocrx_word' id='word_1_28' title='bbox 320 742 552 796; x_wconf 78' lang='lat' dir='ltr'><strong><em>quicumque</em></strong></span> <span class='ocrx_word' id='word_1_29' title='bbox 611 741 712 781; x_wconf 82' lang='lat' dir='ltr'><em>citra</em></span> <span class='ocrx_word' id='word_1_30' title='bbox 766 741 1016 793; x_wconf 80' lang='lat' dir='ltr'><em>Apenninum</em></span> <span class='ocrx_word' id='word_1_31' title='bbox 1075 748 1203 791; x_wconf 87' lang='lat' dir='ltr'><em>erant,</em></span> <span class='ocrx_word' id='word_1_32' title='bbox 1251 742 1407 782; x_wconf 77' lang='lat' dir='ltr'><em>subacti</em></span> <span class='ocrx_word' id='word_1_33' title='bbox 1454 748 1559 783; x_wconf 86' lang='lat' dir='ltr'><em>sunt.</em></span> 
     </span>
     <span class='ocr_line' id='line_1_7' title="bbox 138 799 1559 852; baseline 0.001 -14"><span class='ocrx_word' id='word_1_34' title='bbox 138 799 418 839; x_wconf 77' lang='lat' dir='ltr'><em>Bacchanalia</em></span> <span class='ocrx_word' id='word_1_35' title='bbox 456 814 612 839; x_wconf 85' lang='lat' dir='ltr'><em>sucrum</em></span> <span class='ocrx_word' id='word_1_36' title='bbox 657 799 852 846; x_wconf 76' lang='lat' dir='ltr'><em>Graecum,</em></span> <span class='ocrx_word' id='word_1_37' title='bbox 888 805 924 838; x_wconf 84' lang='lat' dir='ltr'><em>et</em></span> <span class='ocrx_word' id='word_1_38' title='bbox 965 799 1123 852; x_wconf 86' lang='lat' dir='ltr'><em>quidem</em></span> <span class='ocrx_word' id='word_1_39' title='bbox 1163 806 1410 850; x_wconf 83' lang='lat' dir='ltr'><em>nocturnum,</em></span> <span class='ocrx_word' id='word_1_40' title='bbox 1442 800 1559 840; x_wconf 82' lang='lat' dir='ltr'><em>scele-</em></span> 
     </span>
     <span class='ocr_line' id='line_1_8' title="bbox 136 856 1562 911; baseline 0.001 -15"><span class='ocrx_word' id='word_1_41' title='bbox 136 870 223 896; x_wconf 85' lang='lat' dir='ltr'><em>rum</em></span> <span class='ocrx_word' id='word_1_42' title='bbox 254 857 425 896; x_wconf 70' lang='lat' dir='ltr'><em>oninium</em></span> <span class='ocrx_word' id='word_1_43' title='bbox 461 856 733 905; x_wconf 83' lang='lat' dir='ltr'><em>seminarium,</em></span> <span class='ocrx_word' id='word_1_44' title='bbox 771 870 888 910; x_wconf 87' lang='lat' dir='ltr'><em>quum</em></span> <span class='ocrx_word' id='word_1_45' title='bbox 924 858 980 896; x_wconf 84' lang='lat' dir='ltr'><em>acl</em></span> <span class='ocrx_word' id='word_1_46' title='bbox 1013 857 1187 911; x_wconf 83' lang='lat' dir='ltr'><em>ingentis</em></span> <span class='ocrx_word' id='word_1_47' title='bbox 1221 856 1347 898; x_wconf 83' lang='lat' dir='ltr'><em>turbae</em></span> <span class='ocrx_word' id='word_1_48' title='bbox 1378 857 1562 911; x_wconf 82' lang='lat' dir='ltr'><em>conjura-</em></span> 
     </span>
     <span class='ocr_line' id='line_1_9' title="bbox 139 913 1561 968; baseline 0.001 -16"><span class='ocrx_word' id='word_1_49' title='bbox 139 913 282 953; x_wconf 77' lang='lat' dir='ltr'><em>tionem</em></span> <span class='ocrx_word' id='word_1_50' title='bbox 329 915 580 967; x_wconf 84' lang='lat' dir='ltr'><em>pervenisset‚</em></span> <span class='ocrx_word' id='word_1_51' title='bbox 633 928 658 954; x_wconf 95' lang='lat' dir='ltr'><em>a</em></span> <span class='ocrx_word' id='word_1_52' title='bbox 708 913 863 954; x_wconf 86' lang='lat' dir='ltr'><em>consule</em></span> <span class='ocrx_word' id='word_1_53' title='bbox 915 914 1210 968; x_wconf 80' lang='lat' dir='ltr'><em>investigatum,</em></span> <span class='ocrx_word' id='word_1_54' title='bbox 1262 922 1298 954; x_wconf 92' lang='lat' dir='ltr'><em>et</em></span> <span class='ocrx_word' id='word_1_55' title='bbox 1348 915 1561 954; x_wconf 85' lang='lat' dir='ltr'><em>multorum</em></span> 
     </span>
     <span class='ocr_line' id='line_1_10' title="bbox 136 971 1562 1021; baseline 0.001 -10"><span class='ocrx_word' id='word_1_56' title='bbox 136 985 253 1021; x_wconf 66' lang='lat' dir='ltr'><em>poena</em></span> <span class='ocrx_word' id='word_1_57' title='bbox 301 972 498 1012; x_wconf 82' lang='lat' dir='ltr'><em>sublatum</em></span> <span class='ocrx_word' id='word_1_58' title='bbox 548 979 616 1013; x_wconf 85' lang='lat' dir='ltr'><em>est.</em></span> <span class='ocrx_word' id='word_1_59' title='bbox 697 971 739 1011; x_wconf 89' lang='lat' dir='ltr'><em>A</em></span> <span class='ocrx_word' id='word_1_60' title='bbox 778 971 996 1011; x_wconf 77' lang='lat' dir='ltr'><em>censoribus</em></span> <span class='ocrx_word' id='word_1_61' title='bbox 1042 972 1098 1012; x_wconf 91' lang='lat' dir='ltr'><em>L.</em></span> <span class='ocrx_word' id='word_1_62' title='bbox 1133 972 1293 1012; x_wconf 85' lang='lat' dir='ltr'><em>Valerio</em></span> <span class='ocrx_word' id='word_1_63' title='bbox 1334 972 1486 1012; x_wconf 87' lang='lat' dir='ltr'><em>Flacco</em></span> <span class='ocrx_word' id='word_1_64' title='bbox 1525 979 1562 1012; x_wconf 86' lang='lat' dir='ltr'><em>ct</em></span> 
     </span>
     <span class='ocr_line' id='line_1_11' title="bbox 140 1027 1563 1080; baseline 0.001 -12"><span class='ocrx_word' id='word_1_65' title='bbox 140 1027 227 1069; x_wconf 84' lang='lat' dir='ltr'><em>1M.</em></span> <span class='ocrx_word' id='word_1_66' title='bbox 248 1029 397 1070; x_wconf 84' lang='lat' dir='ltr'><em>Porcio</em></span> <span class='ocrx_word' id='word_1_67' title='bbox 430 1031 595 1078; x_wconf 86' lang='lat' dir='ltr'><em>Catone,</em></span> <span class='ocrx_word' id='word_1_68' title='bbox 628 1035 666 1067; x_wconf 76' lang='lat' dir='ltr'><em>et</em></span> <span class='ocrx_word' id='word_1_69' title='bbox 697 1029 788 1068; x_wconf 86' lang='lat' dir='ltr'><em>belli</em></span> <span class='ocrx_word' id='word_1_70' title='bbox 817 1035 854 1068; x_wconf 86' lang='lat' dir='ltr'><em>et</em></span> <span class='ocrx_word' id='word_1_71' title='bbox 883 1030 994 1080; x_wconf 87' lang='lat' dir='ltr'><em>pacis</em></span> <span class='ocrx_word' id='word_1_72' title='bbox 1028 1030 1176 1069; x_wconf 85' lang='lat' dir='ltr'><em>artibus</em></span> <span class='ocrx_word' id='word_1_73' title='bbox 1209 1029 1399 1079; x_wconf 76' lang='lat' dir='ltr'><em>maximo,</em></span> <span class='ocrx_word' id='word_1_74' title='bbox 1432 1036 1563 1070; x_wconf 82' lang='lat' dir='ltr'><em>motus</em></span> 
     </span>
     <span class='ocr_line' id='line_1_12' title="bbox 138 1085 1561 1138; baseline 0.001 -13"><span class='ocrx_word' id='word_1_75' title='bbox 138 1092 196 1125; x_wconf 89' lang='lat' dir='ltr'><em>est</em></span> <span class='ocrx_word' id='word_1_76' title='bbox 230 1094 373 1127; x_wconf 85' lang='lat' dir='ltr'><em>senatu</em></span> <span class='ocrx_word' id='word_1_77' title='bbox 413 1088 468 1127; x_wconf 89' lang='lat' dir='ltr'><em>L.</em></span> <span class='ocrx_word' id='word_1_78' title='bbox 501 1087 703 1135; x_wconf 70' lang='lat' dir='ltr'><em>Quinctius</em></span> <span class='ocrx_word' id='word_1_79' title='bbox 733 1086 998 1134; x_wconf 80' lang='lat' dir='ltr'><em>Flamininus,</em></span> <span class='ocrx_word' id='word_1_80' title='bbox 1044 1087 1092 1126; x_wconf 92' lang='lat' dir='ltr'><em>T.</em></span> <span class='ocrx_word' id='word_1_81' title='bbox 1131 1087 1306 1133; x_wconf 85' lang='lat' dir='ltr'><em>Quinctii</em></span> <span class='ocrx_word' id='word_1_82' title='bbox 1327 1085 1478 1138; x_wconf 82' lang='lat' dir='ltr'><em>frater,</em></span> <span class='ocrx_word' id='word_1_83' title='bbox 1515 1101 1561 1126; x_wconf 89' lang='lat' dir='ltr'><em>eo</em></span> 
     </span>
     <span class='ocr_line' id='line_1_13' title="bbox 136 1142 1561 1199; baseline 0.002 -17"><span class='ocrx_word' id='word_1_84' title='bbox 136 1145 253 1198; x_wconf 87' lang='lat' dir='ltr'><em>quod,</em></span> <span class='ocrx_word' id='word_1_85' title='bbox 288 1159 407 1199; x_wconf 85' lang='lat' dir='ltr'><em>quum</em></span> <span class='ocrx_word' id='word_1_86' title='bbox 446 1144 622 1184; x_wconf 81' lang='lat' dir='ltr'><em>Galliam</em></span> <span class='ocrx_word' id='word_1_87' title='bbox 663 1143 900 1194; x_wconf 84' lang='lat' dir='ltr'><em>provinciam</em></span> <span class='ocrx_word' id='word_1_88' title='bbox 937 1142 1070 1183; x_wconf 84' lang='lat' dir='ltr'><em>consul</em></span> <span class='ocrx_word' id='word_1_89' title='bbox 1103 1144 1337 1192; x_wconf 76' lang='lat' dir='ltr'><em>obtinuerat,</em></span> <span class='ocrx_word' id='word_1_90' title='bbox 1369 1144 1561 1198; x_wconf 75' lang='lat' dir='ltr'><em>²rogatus</em></span> 
     </span>
     <span class='ocr_line' id='line_1_14' title="bbox 137 1201 1560 1254; baseline 0.001 -14"><span class='ocrx_word' id='word_1_91' title='bbox 137 1202 179 1241; x_wconf 80' lang='lat' dir='ltr'><em>in</em></span> <span class='ocrx_word' id='word_1_92' title='bbox 218 1202 386 1242; x_wconf 78' lang='lat' dir='ltr'><em>convivio</em></span> <span class='ocrx_word' id='word_1_93' title='bbox 427 1216 452 1242; x_wconf 88' lang='lat' dir='ltr'><em>a</em></span> <span class='ocrx_word' id='word_1_94' title='bbox 490 1202 676 1254; x_wconf 85' lang='lat' dir='ltr'><em>Philippo</em></span> <span class='ocrx_word' id='word_1_95' title='bbox 714 1201 854 1248; x_wconf 90' lang='lat' dir='ltr'><em>Poeno,</em></span> <span class='ocrx_word' id='word_1_96' title='bbox 892 1214 1007 1254; x_wconf 87' lang='lat' dir='ltr'><em>quem</em></span> <span class='ocrx_word' id='word_1_97' title='bbox 1043 1202 1223 1250; x_wconf 80' lang='lat' dir='ltr'><em>amabat,</em></span> <span class='ocrx_word' id='word_1_98' title='bbox 1261 1208 1391 1241; x_wconf 88' lang='lat' dir='ltr'><em>scorto</em></span> <span class='ocrx_word' id='word_1_99' title='bbox 1425 1202 1560 1251; x_wconf 78' lang='lat' dir='ltr'><em>nobili,</em></span> 
     </span>
     <span class='ocr_line' id='line_1_15' title="bbox 140 1258 1560 1313; baseline 0.001 -15"><span class='ocrx_word' id='word_1_100' title='bbox 140 1259 303 1299; x_wconf 85' lang='lat' dir='ltr'><em>Gallum</em></span> <span class='ocrx_word' id='word_1_101' title='bbox 334 1260 546 1313; x_wconf 77' lang='lat' dir='ltr'><em>quemdam</em></span> <span class='ocrx_word' id='word_1_102' title='bbox 576 1273 650 1298; x_wconf 83' lang='lat' dir='ltr'><em>sua</em></span> <span class='ocrx_word' id='word_1_103' title='bbox 681 1272 804 1298; x_wconf 86' lang='lat' dir='ltr'><em>manu.</em></span> <span class='ocrx_word' id='word_1_104' title='bbox 834 1259 1049 1298; x_wconf 76' lang='lat' dir='ltr'><em>occiderat.-</em></span> <span class='ocrx_word' id='word_1_105' title='bbox 1084 1258 1177 1308; x_wconf 84' lang='lat' dir='ltr'><em>sive,</em></span> <span class='ocrx_word' id='word_1_106' title='bbox 1207 1265 1250 1298; x_wconf 84' lang='lat' dir='ltr'><em>ut</em></span> <span class='ocrx_word' id='word_1_107' title='bbox 1280 1259 1443 1313; x_wconf 84' lang='lat' dir='ltr'><em>quidum</em></span> <span class='ocrx_word' id='word_1_108' title='bbox 1478 1265 1560 1300; x_wconf 83' lang='lat' dir='ltr'><em>tra-</em></span> 
     </span>
     <span class='ocr_line' id='line_1_16' title="bbox 135 1315 1560 1371; baseline 0.001 -15"><span class='ocrx_word' id='word_1_109' title='bbox 135 1316 335 1364; x_wconf 85' lang='lat' dir='ltr'><em>diderunt,</em></span> <span class='ocrx_word' id='word_1_110' title='bbox 374 1331 497 1357; x_wconf 87' lang='lat' dir='ltr'><em>unum</em></span> <span class='ocrx_word' id='word_1_111' title='bbox 537 1331 587 1357; x_wconf 78' lang='lat' dir='ltr'><em>ex</em></span> <span class='ocrx_word' id='word_1_112' title='bbox 623 1316 825 1356; x_wconf 88' lang='lat' dir='ltr'><em>damnatis</em></span> <span class='ocrx_word' id='word_1_113' title='bbox 868 1315 996 1355; x_wconf 84' lang='lat' dir='ltr'><em>securi</em></span> <span class='ocrx_word' id='word_1_114' title='bbox 1030 1323 1288 1367; x_wconf 81' lang='lat' dir='ltr'><em>percusserat,</em></span> <span class='ocrx_word' id='word_1_115' title='bbox 1331 1324 1498 1371; x_wconf 81' lang='lat' dir='ltr'><em>rogatus</em></span> <span class='ocrx_word' id='word_1_116' title='bbox 1534 1331 1560 1357; x_wconf 91' lang='lat' dir='ltr'><em>a</em></span> 
     </span>
     <span class='ocr_line' id='line_1_17' title="bbox 135 1372 1560 1427; baseline 0.001 -13"><span class='ocrx_word' id='word_1_117' title='bbox 135 1375 333 1414; x_wconf 79' lang='lat' dir='ltr'><em>meretrice</em></span> <span class='ocrx_word' id='word_1_118' title='bbox 363 1375 616 1421; x_wconf 85' lang='lat' dir='ltr'><em>Placentina,</em></span> <span class='ocrx_word' id='word_1_119' title='bbox 648 1372 755 1427; x_wconf 73' lang='lat' dir='ltr'><em>cujus</em></span> <span class='ocrx_word' id='word_1_120' title='bbox 785 1387 920 1413; x_wconf 87' lang='lat' dir='ltr'><em>amore</em></span> <span class='ocrx_word' id='word_1_121' title='bbox 946 1373 1160 1425; x_wconf 80' lang='lat' dir='ltr'><em>deperibat.</em></span> <span class='ocrx_word' id='word_1_122' title='bbox 1225 1374 1375 1414; x_wconf 75' lang='lat' dir='ltr'><em>Exstat</em></span> <span class='ocrx_word' id='word_1_123' title='bbox 1403 1375 1443 1414; x_wconf 87' lang='lat' dir='ltr'><em>in</em></span> <span class='ocrx_word' id='word_1_124' title='bbox 1473 1389 1560 1415; x_wconf 85' lang='lat' dir='ltr'><em>eum</em></span> 
     </span>
     <span class='ocr_line' id='line_1_18' title="bbox 137 1430 1560 1485; baseline 0 -13"><span class='ocrx_word' id='word_1_125' title='bbox 137 1432 202 1472; x_wconf 90' lang='lat' dir='ltr'><em>M.</em></span> <span class='ocrx_word' id='word_1_126' title='bbox 235 1432 400 1472; x_wconf 85' lang='lat' dir='ltr'><em>Catonis</em></span> <span class='ocrx_word' id='word_1_127' title='bbox 439 1432 581 1471; x_wconf 85' lang='lat' dir='ltr'><em>oratio.</em></span> <span class='ocrx_word' id='word_1_128' title='bbox 642 1431 771 1483; x_wconf 83' lang='lat' dir='ltr'><em>Scipio</em></span> <span class='ocrx_word' id='word_1_129' title='bbox 811 1430 966 1471; x_wconf 85' lang='lat' dir='ltr'><em>Literni</em></span> <span class='ocrx_word' id='word_1_130' title='bbox 1007 1431 1184 1471; x_wconf 82' lang='lat' dir='ltr'><em>decessit.</em></span> <span class='ocrx_word' id='word_1_131' title='bbox 1243 1432 1317 1480; x_wconf 89' lang='lat' dir='ltr'><em>Et,</em></span> <span class='ocrx_word' id='word_1_132' title='bbox 1355 1438 1560 1485; x_wconf 84' lang='lat' dir='ltr'><em>tamquam</em></span> 
     </span>
     <span class='ocr_line' id='line_1_19' title="bbox 124 1486 1560 1542; baseline 0.001 -15"><span class='ocrx_word' id='word_1_133' title='bbox 124 1486 323 1542; x_wconf 82' lang='lat' dir='ltr'><em>jungente</em></span> <span class='ocrx_word' id='word_1_134' title='bbox 359 1487 534 1540; x_wconf 84' lang='lat' dir='ltr'><em>fortuna</em></span> <span class='ocrx_word' id='word_1_135' title='bbox 574 1488 678 1529; x_wconf 78' lang='lat' dir='ltr'><em>circa</em></span> <span class='ocrx_word' id='word_1_136' title='bbox 726 1488 831 1527; x_wconf 86' lang='lat' dir='ltr'><em>idem</em></span> <span class='ocrx_word' id='word_1_137' title='bbox 877 1494 1028 1540; x_wconf 85' lang='lat' dir='ltr'><em>tempus</em></span> <span class='ocrx_word' id='word_1_138' title='bbox 1068 1489 1143 1528; x_wconf 87' lang='lat' dir='ltr'><em>duo</em></span> <span class='ocrx_word' id='word_1_139' title='bbox 1171 1486 1325 1540; x_wconf 66' lang='lat' dir='ltr'><em>filmera</em></span> <span class='ocrx_word' id='word_1_140' title='bbox 1366 1490 1560 1530; x_wconf 48' lang='lat' dir='ltr'><em>matrimo-</em></span> 
     </span>
     <span class='ocr_line' id='line_1_20' title="bbox 136 1545 1558 1601; baseline 0.001 -17"><span class='ocrx_word' id='word_1_141' title='bbox 136 1560 224 1585; x_wconf 90' lang='lat' dir='ltr'><em>rum</em></span> <span class='ocrx_word' id='word_1_142' title='bbox 254 1547 440 1594; x_wconf 82' lang='lat' dir='ltr'><em>virorum,</em></span> <span class='ocrx_word' id='word_1_143' title='bbox 471 1545 700 1594; x_wconf 85' lang='lat' dir='ltr'><em>Hannibal,</em></span> <span class='ocrx_word' id='word_1_144' title='bbox 734 1559 759 1585; x_wconf 90' lang='lat' dir='ltr'><em>a</em></span> <span class='ocrx_word' id='word_1_145' title='bbox 786 1545 936 1586; x_wconf 88' lang='lat' dir='ltr'><em>Prusia</em></span> <span class='ocrx_word' id='word_1_146' title='bbox 968 1545 1176 1599; x_wconf 77' lang='lat' dir='ltr'><em>Bithynice</em></span> <span class='ocrx_word' id='word_1_147' title='bbox 1204 1560 1313 1599; x_wconf 78' lang='lat' dir='ltr'><em>rege,</em></span> <span class='ocrx_word' id='word_1_148' title='bbox 1346 1548 1402 1586; x_wconf 89' lang='lat' dir='ltr'><em>ad</em></span> <span class='ocrx_word' id='word_1_149' title='bbox 1429 1561 1558 1601; x_wconf 88' lang='lat' dir='ltr'><em>quem,</em></span> 
     </span>
     <span class='ocr_line' id='line_1_21' title="bbox 136 1601 1561 1659; baseline 0.001 -17"><span class='ocrx_word' id='word_1_150' title='bbox 136 1603 238 1643; x_wconf 87' lang='lat' dir='ltr'><em>victo</em></span> <span class='ocrx_word' id='word_1_151' title='bbox 286 1604 495 1655; x_wconf 82' lang='lat' dir='ltr'><em>Antiocho,</em></span> <span class='ocrx_word' id='word_1_152' title='bbox 537 1601 781 1659; x_wconf 72' lang='lat' dir='ltr'><em>confiagerat,</em></span> <span class='ocrx_word' id='word_1_153' title='bbox 822 1617 942 1657; x_wconf 88' lang='lat' dir='ltr'><em>quum</em></span> <span class='ocrx_word' id='word_1_154' title='bbox 983 1603 1192 1643; x_wconf 82' lang='lat' dir='ltr'><em>dederetur</em></span> <span class='ocrx_word' id='word_1_155' title='bbox 1239 1602 1453 1653; x_wconf 83' lang='lat' dir='ltr'><em>Romanis,</em></span> <span class='ocrx_word' id='word_1_156' title='bbox 1494 1605 1561 1659; x_wconf 86' lang='lat' dir='ltr'><em>qui</em></span> 
     </span>
     <span class='ocr_line' id='line_1_22' title="bbox 136 1659 1557 1713; baseline 0.001 -14"><span class='ocrx_word' id='word_1_157' title='bbox 136 1661 192 1700; x_wconf 85' lang='lat' dir='ltr'><em>ad</em></span> <span class='ocrx_word' id='word_1_158' title='bbox 231 1663 513 1713; x_wconf 73' lang='lat' dir='ltr'><em>exposcendum</em></span> <span class='ocrx_word' id='word_1_159' title='bbox 550 1661 659 1700; x_wconf 88' lang='lat' dir='ltr'><em>illum</em></span> <span class='ocrx_word' id='word_1_160' title='bbox 702 1661 749 1700; x_wconf 88' lang='lat' dir='ltr'><em>T.</em></span> <span class='ocrx_word' id='word_1_161' title='bbox 783 1659 1005 1708; x_wconf 85' lang='lat' dir='ltr'><em>Quinctium</em></span> <span class='ocrx_word' id='word_1_162' title='bbox 1045 1660 1316 1701; x_wconf 84' lang='lat' dir='ltr'><em>Flamininum</em></span> <span class='ocrx_word' id='word_1_163' title='bbox 1356 1662 1557 1711; x_wconf 86' lang='lat' dir='ltr'><em>miserant,</em></span> 
     </span>
     <span class='ocr_line' id='line_1_23' title="bbox 136 1717 1559 1772; baseline 0.001 -14"><span class='ocrx_word' id='word_1_164' title='bbox 136 1732 281 1758; x_wconf 72' lang='lat' dir='ltr'><em>veneno</em></span> <span class='ocrx_word' id='word_1_165' title='bbox 301 1719 372 1758; x_wconf 84' lang='lat' dir='ltr'><em>sibi</em></span> <span class='ocrx_word' id='word_1_166' title='bbox 392 1725 554 1759; x_wconf 86' lang='lat' dir='ltr'><em>mortem</em></span> <span class='ocrx_word' id='word_1_167' title='bbox 575 1718 776 1759; x_wconf 76' lang='lat' dir='ltr'><em>conscivit.</em></span> <span class='ocrx_word' id='word_1_168' title='bbox 826 1717 1099 1768; x_wconf 63' lang='lat' dir='ltr'><em>Philopoemen</em></span> <span class='ocrx_word' id='word_1_169' title='bbox 1121 1732 1283 1772; x_wconf 87' lang='lat' dir='ltr'><em>quoque,</em></span> <span class='ocrx_word' id='word_1_170' title='bbox 1305 1720 1389 1759; x_wconf 72' lang='lat' dir='ltr'><em>dux</em></span> <span class='ocrx_word' id='word_1_171' title='bbox 1409 1719 1559 1759; x_wconf 80' lang='lat' dir='ltr'><em>Achae-</em></span> 
     </span>
     <span class='ocr_line' id='line_1_24' title="bbox 133 1775 1558 1830; baseline 0.001 -15"><span class='ocrx_word' id='word_1_172' title='bbox 133 1789 256 1822; x_wconf 88' lang='lat' dir='ltr'><em>orum,</em></span> <span class='ocrx_word' id='word_1_173' title='bbox 280 1776 338 1816; x_wconf 71' lang='lat' dir='ltr'><em>vir</em></span> <span class='ocrx_word' id='word_1_174' title='bbox 367 1777 579 1825; x_wconf 77' lang='lat' dir='ltr'><em>maximus,</em></span> <span class='ocrx_word' id='word_1_175' title='bbox 608 1790 632 1815; x_wconf 91' lang='lat' dir='ltr'><em>a</em></span> <span class='ocrx_word' id='word_1_176' title='bbox 664 1775 878 1815; x_wconf 71' lang='lat' dir='ltr'><em>Messeniis</em></span> <span class='ocrx_word' id='word_1_177' title='bbox 905 1776 1138 1815; x_wconf 81' lang='lat' dir='ltr'><em>interemtus</em></span> <span class='ocrx_word' id='word_1_178' title='bbox 1167 1790 1327 1827; x_wconf 75' lang='lat' dir='ltr'><em>veneno,</em></span> <span class='ocrx_word' id='word_1_179' title='bbox 1350 1791 1474 1830; x_wconf 82' lang='lat' dir='ltr'><em>quum</em></span> <span class='ocrx_word' id='word_1_180' title='bbox 1504 1777 1558 1816; x_wconf 91' lang='lat' dir='ltr'><em>ab</em></span> 
     </span>
     <span class='ocr_line' id='line_1_25' title="bbox 132 1831 1558 1886; baseline 0.001 -14"><span class='ocrx_word' id='word_1_181' title='bbox 132 1833 182 1873; x_wconf 86' lang='lat' dir='ltr'><em>iis</em></span> <span class='ocrx_word' id='word_1_182' title='bbox 216 1833 314 1874; x_wconf 85' lang='lat' dir='ltr'><em>bello</em></span> <span class='ocrx_word' id='word_1_183' title='bbox 346 1841 484 1886; x_wconf 85' lang='lat' dir='ltr'><em>captus</em></span> <span class='ocrx_word' id='word_1_184' title='bbox 516 1840 630 1874; x_wconf 84' lang='lat' dir='ltr'><em>esset.</em></span> <span class='ocrx_word' id='word_1_185' title='bbox 706 1833 882 1874; x_wconf 66' lang='lat' dir='ltr'><em>Coloniae</em></span> <span class='ocrx_word' id='word_1_186' title='bbox 914 1831 1142 1883; x_wconf 70' lang='lat' dir='ltr'><em>³Potentia‚</em></span> <span class='ocrx_word' id='word_1_187' title='bbox 1179 1839 1217 1872; x_wconf 84' lang='lat' dir='ltr'><em>et</em></span> <span class='ocrx_word' id='word_1_188' title='bbox 1249 1833 1484 1882; x_wconf 86' lang='lat' dir='ltr'><em>Pisaurum,</em></span> <span class='ocrx_word' id='word_1_189' title='bbox 1523 1840 1558 1874; x_wconf 83' lang='lat' dir='ltr'><em>et</em></span> 
     </span>
     <span class='ocr_line' id='line_1_26' title="bbox 135 1890 1555 1941; baseline 0.001 -12"><span class='ocrx_word' id='word_1_190' title='bbox 135 1890 312 1941; x_wconf 75' lang='grc' dir='ltr'><strong><em>ΙῑΙιιτὶηα,</em></strong></span> <span class='ocrx_word' id='word_1_191' title='bbox 335 1898 371 1930; x_wconf 87' lang='lat' dir='ltr'><em>et</em></span> <span class='ocrx_word' id='word_1_192' title='bbox 397 1892 551 1932; x_wconf 81' lang='lat' dir='ltr'><em>Parma</em></span> <span class='ocrx_word' id='word_1_193' title='bbox 580 1892 756 1931; x_wconf 74' lang='lat' dir='ltr'><em>dectnctae</em></span> <span class='ocrx_word' id='word_1_194' title='bbox 778 1897 879 1930; x_wconf 83' lang='lat' dir='ltr'><em>sunt.</em></span> <span class='ocrx_word' id='word_1_195' title='bbox 944 1891 1151 1930; x_wconf 69' lang='lat' dir='ltr'><em>Praeterea</em></span> <span class='ocrx_word' id='word_1_196' title='bbox 1175 1904 1237 1931; x_wconf 87' lang='lat' dir='ltr'><em>res</em></span> <span class='ocrx_word' id='word_1_197' title='bbox 1258 1892 1446 1932; x_wconf 78' lang='lat' dir='ltr'><em>aduersus</em></span> <span class='ocrx_word' id='word_1_198' title='bbox 1470 1892 1555 1932; x_wconf 86' lang='lat' dir='ltr'><em>Cel-</em></span> 
     </span>
     <span class='ocr_line' id='line_1_27' title="bbox 133 1948 1560 2003; baseline 0.002 -17"><span class='ocrx_word' id='word_1_199' title='bbox 133 1948 279 1988; x_wconf 82' lang='lat' dir='ltr'><em>tiberos</em></span> <span class='ocrx_word' id='word_1_200' title='bbox 307 1963 491 2000; x_wconf 87' lang='lat' dir='ltr'><em>prospere</em></span> <span class='ocrx_word' id='word_1_201' title='bbox 520 1955 672 2003; x_wconf 83' lang='lat' dir='ltr'><em>gestas,</em></span> <span class='ocrx_word' id='word_1_202' title='bbox 705 1954 741 1987; x_wconf 89' lang='lat' dir='ltr'><em>et</em></span> <span class='ocrx_word' id='word_1_203' title='bbox 773 1948 884 1987; x_wconf 87' lang='lat' dir='ltr'><em>initia</em></span> <span class='ocrx_word' id='word_1_204' title='bbox 915 1962 1154 2001; x_wconf 85' lang='lat' dir='ltr'><em>caussasque</em></span> <span class='ocrx_word' id='word_1_205' title='bbox 1185 1948 1274 1988; x_wconf 86' lang='lat' dir='ltr'><em>belli</em></span> <span class='ocrx_word' id='word_1_206' title='bbox 1303 1948 1560 1989; x_wconf 62' lang='lat' dir='ltr'><em>BIacedonici</em></span> 
     </span>
     <span class='ocr_line' id='line_1_28' title="bbox 134 2005 1556 2060; baseline 0.001 -15"><span class='ocrx_word' id='word_1_207' title='bbox 134 2006 298 2045; x_wconf 85' lang='lat' dir='ltr'><em>continet</em></span> <span class='ocrx_word' id='word_1_208' title='bbox 307 2028 321 2051; x_wconf 91' lang='lat'><em>‚·</em></span> <span class='ocrx_word' id='word_1_209' title='bbox 354 2005 463 2060; x_wconf 71' lang='lat' dir='ltr'><em>cujus</em></span> <span class='ocrx_word' id='word_1_210' title='bbox 483 2007 596 2060; x_wconf 84' lang='lat' dir='ltr'><em>origo</em></span> <span class='ocrx_word' id='word_1_211' title='bbox 623 2005 861 2059; x_wconf 78' lang='lat' dir='ltr'><em>indefluxit,</em></span> <span class='ocrx_word' id='word_1_212' title='bbox 885 2006 992 2058; x_wconf 84' lang='lat' dir='ltr'><em>quod.</em></span> <span class='ocrx_word' id='word_1_213' title='bbox 1014 2005 1225 2058; x_wconf 83' lang='lat' dir='ltr'><em>Philippus</em></span> <span class='ocrx_word' id='word_1_214' title='bbox 1248 2019 1358 2059; x_wconf 77' lang='lat' dir='ltr'><em>aegre</em></span> <span class='ocrx_word' id='word_1_215' title='bbox 1377 2005 1556 2057; x_wconf 82' lang='lat' dir='ltr'><em>ferebat,</em></span> 
     </span>
     <span class='ocr_line' id='line_1_29' title="bbox 133 2062 1556 2117; baseline 0.001 -15"><span class='ocrx_word' id='word_1_216' title='bbox 133 2076 302 2116; x_wconf 81' lang='lat' dir='ltr'><em>regnum</em></span> <span class='ocrx_word' id='word_1_217' title='bbox 323 2077 433 2103; x_wconf 89' lang='lat' dir='ltr'><em>suum</em></span> <span class='ocrx_word' id='word_1_218' title='bbox 454 2063 622 2103; x_wconf 82' lang='lat' dir='ltr'><em>inminui</em></span> <span class='ocrx_word' id='word_1_219' title='bbox 643 2077 668 2102; x_wconf 90' lang='lat' dir='ltr'><em>a</em></span> <span class='ocrx_word' id='word_1_220' title='bbox 692 2062 900 2111; x_wconf 81' lang='lat' dir='ltr'><em>Romanis,</em></span> <span class='ocrx_word' id='word_1_221' title='bbox 919 2069 957 2102; x_wconf 89' lang='lat' dir='ltr'><em>et</em></span> <span class='ocrx_word' id='word_1_222' title='bbox 979 2063 1084 2116; x_wconf 80' lang='lat' dir='ltr'><em>quod</em></span> <span class='ocrx_word' id='word_1_223' title='bbox 1103 2069 1319 2117; x_wconf 82' lang='lat' dir='ltr'><em>cogeretur,</em></span> <span class='ocrx_word' id='word_1_224' title='bbox 1337 2076 1363 2103; x_wconf 92' lang='lat' dir='ltr'><em>a</em></span> <span class='ocrx_word' id='word_1_225' title='bbox 1390 2064 1556 2104; x_wconf 85' lang='lat' dir='ltr'><em>Thraci-</em></span> 
     </span>
     <span class='ocr_line' id='line_1_30' title="bbox 134 2120 932 2174; baseline 0.001 -15"><span class='ocrx_word' id='word_1_226' title='bbox 134 2120 204 2160; x_wconf 82' lang='lat' dir='ltr'><em>bus</em></span> <span class='ocrx_word' id='word_1_227' title='bbox 224 2120 388 2174; x_wconf 73' lang='lat' dir='ltr'><em>aliisque</em></span> <span class='ocrx_word' id='word_1_228' title='bbox 410 2121 500 2161; x_wconf 85' lang='lat' dir='ltr'><em>locis</em></span> <span class='ocrx_word' id='word_1_229' title='bbox 519 2121 708 2174; x_wconf 80' lang='lat' dir='ltr'><em>proesidia</em></span> <span class='ocrx_word' id='word_1_230' title='bbox 729 2121 932 2161; x_wconf 81' lang='lat' dir='ltr'><em>deducere.</em></span> 
     </span>
    </p>
   </div>
   <div class='ocr_carea' id='block_1_4' title="bbox 136 2228 1554 2742">
    <p class='ocr_par' dir='ltr' id='par_1_4' title="bbox 136 2228 1554 2479">
     <span class='ocr_line' id='line_1_31' title="bbox 182 2228 1554 2272; baseline 0.002 -13"><span class='ocrx_word' id='word_1_231' title='bbox 182 2231 196 2259; x_wconf 91' lang='lat'>1</span> <span class='ocrx_word' id='word_1_232' title='bbox 223 2230 270 2260; x_wconf 88' lang='grc' dir='ltr'><em>Μ.</em></span> <span class='ocrx_word' id='word_1_233' title='bbox 287 2229 391 2260; x_wconf 85' lang='lat' dir='ltr'><em>Porcio</em></span> <span class='ocrx_word' id='word_1_234' title='bbox 415 2230 524 2261; x_wconf 84' lang='lat' dir='ltr'><em>Catone</em></span> <span class='ocrx_word' id='word_1_235' title='bbox 546 2252 578 2260; x_wconf 89' lang='lat'><em>..</em></span> <span class='ocrx_word' id='word_1_236' title='bbox 599 2231 736 2271; x_wconf 74' lang='lat' dir='ltr'><em>maximo]</em></span> <span class='ocrx_word' id='word_1_237' title='bbox 767 2229 820 2259; x_wconf 87' lang='lat' dir='ltr'><em>Li-</em></span> <span class='ocrx_word' id='word_1_238' title='bbox 866 2228 1009 2269; x_wconf 84' lang='lat' dir='ltr'><em>Sigonius</em></span> <span class='ocrx_word' id='word_1_239' title='bbox 1037 2229 1098 2271; x_wconf 81' lang='lat' dir='ltr'><em>legi</em></span> <span class='ocrx_word' id='word_1_240' title='bbox 1130 2229 1265 2271; x_wconf 82' lang='lat' dir='ltr'><em>jusserat</em></span> <span class='ocrx_word' id='word_1_241' title='bbox 1295 2230 1442 2266; x_wconf 80' lang='lat' dir='ltr'><em>Potentia,</em></span> <span class='ocrx_word' id='word_1_242' title='bbox 1471 2231 1554 2272; x_wconf 85' lang='lat' dir='ltr'><em>quod</em></span> 
     </span>
     <span class='ocr_line' id='line_1_32' title="bbox 136 2271 1552 2314; baseline 0.001 -12"><span class='ocrx_word' id='word_1_243' title='bbox 136 2272 184 2302; x_wconf 83' lang='lat' dir='ltr'><em>bri</em></span> <span class='ocrx_word' id='word_1_244' title='bbox 206 2272 364 2304; x_wconf 86' lang='lat' dir='ltr'><em>habebant</em></span> <span class='ocrx_word' id='word_1_245' title='bbox 378 2275 422 2303; x_wconf 84' lang='lat' dir='ltr'><em>vir</em></span> <span class='ocrx_word' id='word_1_246' title='bbox 437 2296 445 2303; x_wconf 93' lang='lat'>.</span> <span class='ocrx_word' id='word_1_247' title='bbox 463 2296 471 2304; x_wconf 89' lang='lat'><strong>.</strong></span> <span class='ocrx_word' id='word_1_248' title='bbox 487 2275 639 2303; x_wconf 72' lang='lat' dir='ltr'><em>maa-imus.</em></span> <span class='ocrx_word' id='word_1_249' title='bbox 683 2271 822 2303; x_wconf 81' lang='lat' dir='ltr'><em>Mutavit</em></span> <span class='ocrx_word' id='word_1_250' title='bbox 866 2282 979 2302; x_wconf 87' lang='lat' dir='ltr'><em>nomen</em></span> <span class='ocrx_word' id='word_1_251' title='bbox 1005 2272 1038 2302; x_wconf 88' lang='lat' dir='ltr'><em>in</em></span> <span class='ocrx_word' id='word_1_252' title='bbox 1060 2272 1123 2303; x_wconf 87' lang='lat' dir='ltr'><em>suis</em></span> <span class='ocrx_word' id='word_1_253' title='bbox 1147 2272 1232 2303; x_wconf 86' lang='lat' dir='ltr'><em>libris</em></span> <span class='ocrx_word' id='word_1_254' title='bbox 1254 2273 1377 2314; x_wconf 77' lang='lat' dir='ltr'><em>reperiri</em></span> <span class='ocrx_word' id='word_1_255' title='bbox 1402 2274 1552 2304; x_wconf 85' lang='lat' dir='ltr'><em>affirmat:</em></span> 
     </span>
     <span class='ocr_line' id='line_1_33' title="bbox 138 2315 1554 2357; baseline 0.001 -12"><span class='ocrx_word' id='word_1_256' title='bbox 138 2315 292 2357; x_wconf 80' lang='lat' dir='ltr'><em>Sigonius,</em></span> <span class='ocrx_word' id='word_1_257' title='bbox 320 2322 355 2346; x_wconf 90' lang='lat' dir='ltr'><em>ut</em></span> <span class='ocrx_word' id='word_1_258' title='bbox 384 2317 431 2346; x_wconf 86' lang='lat' dir='ltr'><em>hae</em></span> <span class='ocrx_word' id='word_1_259' title='bbox 461 2315 572 2346; x_wconf 88' lang='lat' dir='ltr'><em>laudes</em></span> <span class='ocrx_word' id='word_1_260' title='bbox 597 2315 630 2345; x_wconf 88' lang='lat' dir='ltr'><em>in</em></span> <span class='ocrx_word' id='word_1_261' title='bbox 657 2315 820 2352; x_wconf 85' lang='lat' dir='ltr'><em>Catonem,</em></span> <span class='ocrx_word' id='word_1_262' title='bbox 866 2320 897 2345; x_wconf 89' lang='lat' dir='ltr'><em>et</em></span> <span class='ocrx_word' id='word_1_263' title='bbox 913 2315 1076 2346; x_wconf 82' lang='lat' dir='ltr'><em>assentitur</em></span> <span class='ocrx_word' id='word_1_264' title='bbox 1094 2326 1217 2357; x_wconf 89' lang='lat' dir='ltr'><em>quoque</em></span> <span class='ocrx_word' id='word_1_265' title='bbox 1231 2316 1373 2347; x_wconf 74' lang='lat' dir='ltr'><em>Velleius</em></span> <span class='ocrx_word' id='word_1_266' title='bbox 1386 2316 1441 2348; x_wconf 88' lang='lat' dir='ltr'><em>lib.</em></span> <span class='ocrx_word' id='word_1_267' title='bbox 1458 2317 1486 2348; x_wconf 93' lang='lat'><em>1.</em></span> <span class='ocrx_word' id='word_1_268' title='bbox 1501 2317 1554 2347; x_wconf 90' lang='lat' dir='ltr'><em>ubi</em></span> 
     </span>
     <span class='ocr_line' id='line_1_34' title="bbox 137 2357 1553 2400; baseline 0.001 -12"><span class='ocrx_word' id='word_1_269' title='bbox 137 2359 244 2389; x_wconf 91' lang='lat' dir='ltr'><em>nonin</em></span> <span class='ocrx_word' id='word_1_270' title='bbox 261 2360 299 2389; x_wconf 92' lang='lat' dir='ltr'><em>L.</em></span> <span class='ocrx_word' id='word_1_271' title='bbox 313 2359 479 2397; x_wconf 86' lang='lat' dir='ltr'><em>Quintium</em></span> <span class='ocrx_word' id='word_1_272' title='bbox 494 2358 651 2390; x_wconf 80' lang='lat' dir='ltr'><em>caderent.</em></span> <span class='ocrx_word' id='word_1_273' title='bbox 697 2359 738 2388; x_wconf 84' lang='lat' dir='ltr'><em>Et</em></span> <span class='ocrx_word' id='word_1_274' title='bbox 753 2358 821 2399; x_wconf 90' lang='lat' dir='ltr'><em>qui-</em></span> <span class='ocrx_word' id='word_1_275' title='bbox 866 2357 905 2388; x_wconf 88' lang='lat' dir='ltr'><em>de</em></span> <span class='ocrx_word' id='word_1_276' title='bbox 932 2358 1059 2389; x_wconf 88' lang='lat' dir='ltr'><em>coloniis</em></span> <span class='ocrx_word' id='word_1_277' title='bbox 1090 2358 1164 2400; x_wconf 83' lang='lat' dir='ltr'><em>agit.</em></span> <span class='ocrx_word' id='word_1_278' title='bbox 1197 2358 1318 2389; x_wconf 82' lang='lat' dir='ltr'><em>Plinius</em></span> <span class='ocrx_word' id='word_1_279' title='bbox 1348 2358 1470 2400; x_wconf 70' lang='lat' dir='ltr'><em>quoqtie</em></span> <span class='ocrx_word' id='word_1_280' title='bbox 1494 2360 1553 2390; x_wconf 87' lang='lat' dir='ltr'><em>Po-</em></span> 
     </span>
     <span class='ocr_line' id='line_1_35' title="bbox 139 2400 1553 2437; baseline 0.001 -7"><span class='ocrx_word' id='word_1_281' title='bbox 139 2400 211 2431; x_wconf 85' lang='lat' dir='ltr'><em>dem</em></span> <span class='ocrx_word' id='word_1_282' title='bbox 225 2402 368 2433; x_wconf 85' lang='lat' dir='ltr'><em>Andreas</em></span> <span class='ocrx_word' id='word_1_283' title='bbox 390 2402 485 2433; x_wconf 84' lang='lat' dir='ltr'><em>habet</em></span> <span class='ocrx_word' id='word_1_284' title='bbox 507 2403 640 2437; x_wconf 70' lang='lat' dir='ltr'><em>marimo,</em></span> <span class='ocrx_word' id='word_1_285' title='bbox 656 2401 710 2432; x_wconf 87' lang='lat' dir='ltr'><em>sed</em></span> <span class='ocrx_word' id='word_1_286' title='bbox 732 2400 822 2431; x_wconf 85' lang='lat' dir='ltr'><em>omit·</em></span> <span class='ocrx_word' id='word_1_287' title='bbox 867 2403 964 2431; x_wconf 84' lang='lat' dir='ltr'><em>tentiae</em></span> <span class='ocrx_word' id='word_1_288' title='bbox 985 2402 1069 2432; x_wconf 86' lang='lat' dir='ltr'><em>urbis</em></span> <span class='ocrx_word' id='word_1_289' title='bbox 1091 2401 1123 2431; x_wconf 90' lang='lat' dir='ltr'><em>in</em></span> <span class='ocrx_word' id='word_1_290' title='bbox 1148 2401 1266 2432; x_wconf 82' lang='lat' dir='ltr'><em>Piceno</em></span> <span class='ocrx_word' id='word_1_291' title='bbox 1295 2402 1483 2433; x_wconf 83' lang='lat' dir='ltr'><em>mentionem</em></span> <span class='ocrx_word' id='word_1_292' title='bbox 1507 2402 1553 2432; x_wconf 89' lang='lat' dir='ltr'><em>fa-</em></span> 
     </span>
     <span class='ocr_line' id='line_1_36' title="bbox 136 2443 1552 2479; baseline 0.002 -7"><span class='ocrx_word' id='word_1_293' title='bbox 136 2443 173 2473; x_wconf 82' lang='lat' dir='ltr'><em>tit</em></span> <span class='ocrx_word' id='word_1_294' title='bbox 189 2444 223 2475; x_wconf 70' lang='grc' dir='ltr'><em>τὸ</em></span> <span class='ocrx_word' id='word_1_295' title='bbox 237 2447 307 2475; x_wconf 80' lang='lat' dir='ltr'><em>viro.</em></span> <span class='ocrx_word' id='word_1_296' title='bbox 867 2443 920 2479; x_wconf 84' lang='lat' dir='ltr'><em>cit,</em></span> <span class='ocrx_word' id='word_1_297' title='bbox 933 2444 956 2474; x_wconf 87' lang='lat'><em>1.</em></span> <span class='ocrx_word' id='word_1_298' title='bbox 973 2444 1038 2474; x_wconf 83' lang='grc' dir='ltr'><strong>ΙΙΙ.</strong></span> <span class='ocrx_word' id='word_1_299' title='bbox 1054 2455 1081 2475; x_wconf 89' lang='lat' dir='ltr'><em>c.</em></span> <span class='ocrx_word' id='word_1_300' title='bbox 1099 2445 1148 2475; x_wconf 89' lang='lat'><em>13.</em></span> <span class='ocrx_word' id='word_1_301' title='bbox 1173 2444 1233 2476; x_wconf 90' lang='lat' dir='ltr'><em>Sed</em></span> <span class='ocrx_word' id='word_1_302' title='bbox 1247 2444 1331 2475; x_wconf 88' lang='lat' dir='ltr'><em>idem</em></span> <span class='ocrx_word' id='word_1_303' title='bbox 1346 2444 1462 2476; x_wconf 86' lang='lat' dir='ltr'><em>ibidem</em></span> <span class='ocrx_word' id='word_1_304' title='bbox 1477 2446 1552 2475; x_wconf 82' lang='lat' dir='ltr'><em>Pol-</em></span> 
     </span>
    </p>

    <p class='ocr_par' dir='ltr' id='par_1_5' title="bbox 138 2486 1553 2702">
     <span class='ocr_line' id='line_1_37' title="bbox 180 2486 1553 2529; baseline 0.001 -13"><span class='ocrx_word' id='word_1_305' title='bbox 180 2488 201 2516; x_wconf 85' lang='lat'><strong>2</strong></span> <span class='ocrx_word' id='word_1_306' title='bbox 224 2487 357 2528; x_wconf 80' lang='lat' dir='ltr'><em>Rogatus</em></span> <span class='ocrx_word' id='word_1_307' title='bbox 382 2490 414 2519; x_wconf 78' lang='lat' dir='ltr'><em>in</em></span> <span class='ocrx_word' id='word_1_308' title='bbox 441 2488 584 2529; x_wconf 78' lang='lat' dir='ltr'><em>convivio]</em></span> <span class='ocrx_word' id='word_1_309' title='bbox 628 2487 718 2518; x_wconf 68' lang='lat' dir='ltr'><em>Duas</em></span> <span class='ocrx_word' id='word_1_310' title='bbox 739 2493 822 2528; x_wconf 88' lang='lat' dir='ltr'><em>post·</em></span> <span class='ocrx_word' id='word_1_311' title='bbox 867 2486 989 2517; x_wconf 78' lang='lat' dir='ltr'><em>lentinos</em></span> <span class='ocrx_word' id='word_1_312' title='bbox 1000 2497 1122 2528; x_wconf 90' lang='lat' dir='ltr'><em>quoque</em></span> <span class='ocrx_word' id='word_1_313' title='bbox 1145 2487 1293 2529; x_wconf 87' lang='lat' dir='ltr'><em>appellat.</em></span> <span class='ocrx_word' id='word_1_314' title='bbox 1339 2489 1445 2525; x_wconf 91' lang='lat' dir='ltr'><em>Quum</em></span> <span class='ocrx_word' id='word_1_315' title='bbox 1460 2487 1553 2528; x_wconf 86' lang='lat' dir='ltr'><em>igitur</em></span> 
     </span>
     <span class='ocr_line' id='line_1_38' title="bbox 138 2528 1550 2572; baseline 0 -13"><span class='ocrx_word' id='word_1_316' title='bbox 138 2539 239 2559; x_wconf 78' lang='lat' dir='ltr'><em>remas</em></span> <span class='ocrx_word' id='word_1_317' title='bbox 261 2540 349 2562; x_wconf 86' lang='lat' dir='ltr'><em>voees</em></span> <span class='ocrx_word' id='word_1_318' title='bbox 372 2531 553 2572; x_wconf 82' lang='lat' dir='ltr'><em>adjecimus,</em></span> <span class='ocrx_word' id='word_1_319' title='bbox 577 2540 656 2572; x_wconf 81' lang='lat' dir='ltr'><em>quas</em></span> <span class='ocrx_word' id='word_1_320' title='bbox 677 2536 709 2561; x_wconf 85' lang='lat' dir='ltr'><em>et</em></span> <span class='ocrx_word' id='word_1_321' title='bbox 734 2530 823 2570; x_wconf 88' lang='lat' dir='ltr'><em>Sigo-</em></span> <span class='ocrx_word' id='word_1_322' title='bbox 866 2528 899 2559; x_wconf 89' lang='lat' dir='ltr'><em>in</em></span> <span class='ocrx_word' id='word_1_323' title='bbox 924 2530 1039 2560; x_wconf 86' lang='lat' dir='ltr'><em>Piceno</em></span> <span class='ocrx_word' id='word_1_324' title='bbox 1065 2530 1178 2560; x_wconf 76' lang='lat' dir='ltr'><em>fuerint</em></span> <span class='ocrx_word' id='word_1_325' title='bbox 1207 2536 1241 2560; x_wconf 88' lang='lat' dir='ltr'><em>et-</em></span> <span class='ocrx_word' id='word_1_326' title='bbox 1264 2531 1405 2561; x_wconf 80' lang='lat' dir='ltr'><em>Potentia</em></span> <span class='ocrx_word' id='word_1_327' title='bbox 1427 2535 1458 2561; x_wconf 86' lang='lat' dir='ltr'><em>et</em></span> <span class='ocrx_word' id='word_1_328' title='bbox 1481 2530 1550 2560; x_wconf 87' lang='lat' dir='ltr'><em>Pol-</em></span> 
     </span>
     <span class='ocr_line' id='line_1_39' title="bbox 140 2572 1552 2610; baseline 0 -8"><span class='ocrx_word' id='word_1_329' title='bbox 140 2572 208 2602; x_wconf 89' lang='lat' dir='ltr'><em>nius</em></span> <span class='ocrx_word' id='word_1_330' title='bbox 234 2572 267 2602; x_wconf 87' lang='lat' dir='ltr'><em>in</em></span> <span class='ocrx_word' id='word_1_331' title='bbox 288 2574 442 2604; x_wconf 80' lang='lat' dir='ltr'><em>veteribus</em></span> <span class='ocrx_word' id='word_1_332' title='bbox 467 2574 564 2610; x_wconf 88' lang='lat' dir='ltr'><em>libris,</em></span> <span class='ocrx_word' id='word_1_333' title='bbox 591 2580 622 2604; x_wconf 88' lang='lat' dir='ltr'><em>et</em></span> <span class='ocrx_word' id='word_1_334' title='bbox 649 2573 824 2604; x_wconf 88' lang='lat' dir='ltr'><em>Gronovius</em></span> <span class='ocrx_word' id='word_1_335' title='bbox 868 2573 958 2603; x_wconf 80' lang='lat' dir='ltr'><em>tentia</em></span> <span class='ocrx_word' id='word_1_336' title='bbox 973 2573 1074 2609; x_wconf 80' lang='lat' dir='ltr'><em>urbes,</em></span> <span class='ocrx_word' id='word_1_337' title='bbox 1090 2573 1178 2604; x_wconf 84' lang='lat' dir='ltr'><em>nulla</em></span> <span class='ocrx_word' id='word_1_338' title='bbox 1200 2573 1288 2603; x_wconf 88' lang='lat' dir='ltr'><em>nobis</em></span> <span class='ocrx_word' id='word_1_339' title='bbox 1303 2584 1368 2604; x_wconf 88' lang='lat' dir='ltr'><em>esse</em></span> <span class='ocrx_word' id='word_1_340' title='bbox 1391 2573 1468 2603; x_wconf 84' lang='lat' dir='ltr'><em>ratio</em></span> <span class='ocrx_word' id='word_1_341' title='bbox 1486 2572 1552 2603; x_wconf 84' lang='lat' dir='ltr'><em>visa</em></span> 
     </span>
     <span class='ocr_line' id='line_1_40' title="bbox 139 2615 1550 2657; baseline 0 -13"><span class='ocrx_word' id='word_1_342' title='bbox 139 2615 170 2645; x_wconf 86' lang='lat' dir='ltr'><em>in</em></span> <span class='ocrx_word' id='word_1_343' title='bbox 198 2615 294 2645; x_wconf 79' lang='lat' dir='ltr'><em>tribus</em></span> <span class='ocrx_word' id='word_1_344' title='bbox 317 2616 412 2647; x_wconf 89' lang='lat' dir='ltr'><em>MSS.</em></span> <span class='ocrx_word' id='word_1_345' title='bbox 433 2623 555 2648; x_wconf 85' lang='lat' dir='ltr'><em>exstare</em></span> <span class='ocrx_word' id='word_1_346' title='bbox 579 2621 739 2647; x_wconf 82' lang='lat' dir='ltr'><em>testantur.</em></span> <span class='ocrx_word' id='word_1_347' title='bbox 784 2616 825 2646; x_wconf 84' lang='lat' dir='ltr'><em>Et</em></span> <span class='ocrx_word' id='word_1_348' title='bbox 866 2621 924 2651; x_wconf 81' lang='lat' dir='ltr'><em>est,</em></span> <span class='ocrx_word' id='word_1_349' title='bbox 951 2626 1005 2646; x_wconf 91' lang='lat' dir='ltr'><em>cur</em></span> <span class='ocrx_word' id='word_1_350' title='bbox 1030 2621 1163 2647; x_wconf 86' lang='lat' dir='ltr'><em>veterem</em></span> <span class='ocrx_word' id='word_1_351' title='bbox 1190 2615 1282 2657; x_wconf 87' lang='lat' dir='ltr'><em>hujus</em></span> <span class='ocrx_word' id='word_1_352' title='bbox 1304 2616 1364 2647; x_wconf 87' lang='lat' dir='ltr'><em>loci</em></span> <span class='ocrx_word' id='word_1_353' title='bbox 1387 2615 1550 2646; x_wconf 86' lang='lat' dir='ltr'><em>lectionem</em></span> 
     </span>
     <span class='ocr_line' id='line_1_41' title="bbox 139 2655 1548 2702; baseline -0.001 -14"><span class='ocrx_word' id='word_1_354' title='bbox 139 2658 294 2689; x_wconf 85' lang='lat' dir='ltr'><em>consentit</em></span> <span class='ocrx_word' id='word_1_355' title='bbox 310 2657 424 2694; x_wconf 87' lang='lat' dir='ltr'><em>Livius,</em></span> <span class='ocrx_word' id='word_1_356' title='bbox 438 2659 519 2691; x_wconf 81' lang='lat' dir='ltr'><em>infra</em></span> <span class='ocrx_word' id='word_1_357' title='bbox 532 2671 560 2691; x_wconf 92' lang='lat' dir='ltr'><em>c.</em></span> <span class='ocrx_word' id='word_1_358' title='bbox 574 2661 627 2690; x_wconf 74' lang='lat'><em>42,</em></span> <span class='ocrx_word' id='word_1_359' title='bbox 866 2659 1108 2700; x_wconf 82' lang='lat' dir='ltr'><em>repudiaremus.</em></span> <span class='ocrx_word' id='word_1_360' title='bbox 1156 2655 1336 2702; x_wconf 71' lang='lat' dir='ltr'><em>Cainpanus</em></span> <span class='ocrx_word' id='word_1_361' title='bbox 1364 2665 1468 2689; x_wconf 88' lang='lat' dir='ltr'><em>tamen</em></span> <span class='ocrx_word' id='word_1_362' title='bbox 1493 2657 1548 2688; x_wconf 89' lang='lat' dir='ltr'><em>ha-</em></span> 
     </span>
    </p>

    <p class='ocr_par' dir='ltr' id='par_1_6' title="bbox 181 2701 1086 2742">
     <span class='ocr_line' id='line_1_42' title="bbox 181 2701 1086 2742; baseline 0.002 -10"><span class='ocrx_word' id='word_1_363' title='bbox 181 2702 201 2732; x_wconf 88' lang='lat'><strong>3</strong></span> <span class='ocrx_word' id='word_1_364' title='bbox 226 2701 389 2742; x_wconf 80' lang='lat' dir='ltr'><em>Pollentia]</em></span> <span class='ocrx_word' id='word_1_365' title='bbox 426 2702 477 2733; x_wconf 84' lang='lat' dir='ltr'><em>Sic</em></span> <span class='ocrx_word' id='word_1_366' title='bbox 500 2702 616 2734; x_wconf 87' lang='lat' dir='ltr'><em>habent</em></span> <span class='ocrx_word' id='word_1_367' title='bbox 638 2702 712 2734; x_wconf 86' lang='lat' dir='ltr'><em>olim</em></span> <span class='ocrx_word' id='word_1_368' title='bbox 736 2701 823 2734; x_wconf 83' lang='lat' dir='ltr'><em>editi.</em></span> <span class='ocrx_word' id='word_1_369' title='bbox 866 2701 920 2733; x_wconf 87' lang='lat' dir='ltr'><em>bet</em></span> <span class='ocrx_word' id='word_1_370' title='bbox 935 2703 1086 2734; x_wconf 76' lang='lat' dir='ltr'><em>Potentia.</em></span> 
     </span>
    </p>
   </div>
  </div>
 </body>
</html>
