1947 3222
516 265 592 330 T.
645 262 920 330 LIVII
995 260 1518 330 PATAVINI

716 419 984 469 LIBER
1040 419 1324 470 xxxvn.

890 567 1154 591 -4-

113 672 293 716 U.c.562.
325 674 389 728 L.
415 682 732 724 CORNELIO
755 682 960 739 Scipione,
985 683 1032 723 C.
1051 682 1185 724 Laefio
1205 681 1457 732 consulibus,
1478 681 1594 723 nulla
1612 681 1731 738 prius

111 727 293 801 ssgorffieo
325 740 553 783 secundum
573 739 793 795 religiones
813 747 906 780 acta
925 738 969 779 in
991 746 1136 780 senatu
1156 754 1221 779 res
1241 747 1318 788 est,
1340 753 1467 793 quam
1488 738 1540 779 de
1562 738 1728 780 AEtolis.

110 792 164 848 lif),
182 813 303 844 C.Lae-
325 799 384 838 Et
417 796 544 852 legati
578 811 723 837 eorum
754 795 955 843 institere,
991 795 1093 851 quia
1121 795 1290 836 brevem
1325 795 1589 836 induciarum
1621 795 1730 836 diem

113 855 155 886 lio
171 855 259 886 Coss.
324 853 560 902 habebant3
592 861 634 894 et
664 853 716 895 ab
740 853 793 893 T.
818 852 1028 903 Quinctio,
1051 851 1125 908 qui
1155 860 1245 893 tum
1275 853 1453 892 Romam
1483 867 1534 892 ex
1567 852 1733 892 Graecia

324 910 519 960 redierat,
537 909 674 966 adjuti
695 917 804 953 sunt.
866 908 1014 959 AEtoli,
1031 917 1080 950 ut
1101 909 1256 964 quibus
1276 908 1372 964 plus
1391 907 1433 949 in
1455 903 1736 955 misericordia

328 963 507 1016 senatus,
529 981 657 1022 quam
686 967 729 1007 in
756 980 915 1015 caussa,
938 965 1024 1021 spei
1046 973 1166 1015 esset,
1188 964 1432 1021 suppliciter
1453 972 1641 1020 egerunt,
1663 979 1734 1004 ve-

113 1031 272 1063 AEtolile-
326 1023 486 1065 teribus
519 1022 747 1064 benefactis
777 1037 885 1063 nova
918 1030 1137 1078 pensantes
1173 1021 1383 1062 maleficia.
1461 1022 1658 1062 Ceterum
1693 1028 1736 1062 et

115 1075 316 1160 ξὲἓῑέὶῗὲῗῡῑᾶ
326 1087 563 1143 praesentes·
582 1078 990 1134 interrogationibus.
1022 1078 1211 1134 undique
1241 1085 1493 1127 senatorum,
1515 1076 1735 1118 confessio-

116 1161 210 1192 nussi.
326 1152 422 1177 nem
456 1151 588 1192 magls
622 1150 759 1186 noxae,
792 1150 920 1191 quam
951 1150 1161 1192 responsa,
1197 1135 1538 1191 exprimentium,
1571 1133 1746 1189 fatigati.

329 1201 442 1244 sunt,
464 1201 520 1243 et,
542 1193 740 1233 excedere
760 1207 877 1233 curla
900 1193 1022 1248 jussi,
1044 1206 1244 1247 magnum
1265 1199 1471 1233 certamen
1502 1191 1733 1247 praebuere.

330 1250 434 1291 Plus
454 1250 529 1298 ira,
552 1264 680 1305 quam
699 1248 996 1299 misericordia,
1018 1248 1061 1289 in
1081 1264 1226 1290 caussa
1245 1263 1388 1289 eorum
1412 1248 1603 1294 valebat;
1637 1248 1739 1303 quia

328 1321 411 1348 non
432 1314 481 1348 ut
510 1306 702 1347 hostibus
722 1305 862 1355 modo,
884 1305 955 1346 sed
977 1313 1190 1360 tamquam
1212 1304 1427 1347 indomitae
1447 1313 1489 1346 et
1510 1303 1739 1345 insociabili

329 1364 460 1419 genti,
491 1363 796 1404 succensebant.
858 1363 940 1403 Per
969 1362 1130 1418 aliquot
1165 1361 1252 1426 dies
1282 1377 1414 1416 quum
1444 1368 1649 1402 certatum
1679 1376 1747 1402 es-

331 1429 407 1470 set,
428 1427 640 1476 postremo
664 1433 801 1475 neque
821 1418 926 1468 dari,
947 1433 1082 1474 neque
1106 1433 1248 1474 negari
1276 1433 1419 1474 pacem
1439 1417 1609 1474 placuit.
1641 1416 1740 1458 duae

331 1477 589 1518 conditiones
609 1476 666 1517 eis
686 1476 782 1517 latae
803 1483 923 1518 sunt:
956 1475 1020 1518 vel
1049 1475 1210 1517 senatui
1231 1475 1409 1516 liberum
1439 1473 1657 1515 arbitrium
1688 1473 1740 1515 de

333 1549 375 1574 se
414 1533 728 1589 permitterent;
775 1532 841 1573 vel
876 1531 1009 1572 1mille
1050 1532 1255 1573 talentfim
1295 1531 1457 1581 darent,
1494 1530 1744 1586 eosdemque

333 1590 485 1631 amicos
516 1598 644 1645 atque
679 1589 865 1630 inimicos
895 1588 1108 1630 haberent.
1181 1588 1430 1644 Exprimere
1461 1586 1742 1643 cupientibus,

335 1662 513 1703 quarum
544 1659 686 1687 rerum
715 1646 756 1686 in
791 1661 832 1687 se
864 1645 1084 1686 arbitrium
1115 1645 1276 1687 senatui
1306 1645 1611 1701 permitterent,
1641 1643 1746 1685 nihil

335 1703 437 1745 certi
466 1717 711 1758 responsum
741 1710 814 1744 est.
846 1702 906 1743 ita
937 1701 1090 1742 infecta
1120 1716 1221 1757 pace
1255 1701 1428 1752 dimissi,
1460 1701 1564 1742 urbe
1599 1700 1744 1742 eodem

125 1764 306 1797 Provinciae.
336 1760 418 1808 die,
457 1760 583 1801 Italia
615 1759 726 1801 intra
751 1759 988 1814 quindecim
1023 1758 1110 1799 dies
1140 1757 1336 1799 excedere
1363 1758 1482 1814 jussi.
1545 1758 1659 1799 Tum
1692 1757 1745 1798 de

337 1817 555 1858 consulum
584 1816 807 1871 provinciis
834 1823 1019 1871 coeptum
1050 1823 1111 1855 est
1141 1815 1220 1870 agi.
1281 1816 1423 1856 Ambo
1446 1815 1651 1855 Graeciam
1674 1829 1746 1855 cu-

337 1873 520 1929 piebant.
582 1872 770 1914 Multum
796 1871 955 1912 Laelius
974 1872 1015 1912 in
1038 1880 1183 1912 senatu
1204 1878 1379 1927 poterat.
1406 1872 1455 1920 is,
1478 1886 1608 1927 quum
1632 1886 1747 1912 sena-

339 1939 408 1972 tus
440 1937 514 1971 aut
550 1929 701 1979 sortiri,
727 1936 800 1970 aut
831 1942 1068 1984 comparare
1094 1927 1202 1969 inter
1227 1943 1268 1968 se
1295 1927 1528 1984 provincias
1558 1927 1747 1969 consules

334 1987 541 2043 jussisset,
564 1986 794 2041 elegantius
814 1985 997 2026 facturos
1023 1984 1144 2034 dixit,
1167 1984 1198 2026 si
1223 1985 1385 2040 judicio
1406 1985 1596 2033 Patrum,
1619 1999 1747 2040 quam

342 2043 375 2084 si
397 2043 512 2093 sorti,
529 2058 619 2084 eam
635 2057 726 2090 ,rem
747 2041 1038 2098 permisissent.
1083 2041 1234 2096 Scipio,
1250 2056 1446 2098 responso
1466 2041 1520 2082 ad
1540 2041 1618 2083 hoc
1634 2041 1749 2093 dato,

342 2101 620 2152 cogitaturum,
644 2100 743 2153 quid
770 2099 849 2139 sibi
861 2099 1102 2151 faciendum
1133 2105 1243 2146 esset,
1266 2113 1361 2139 cum
1382 2098 1511 2139 fratre
1535 2113 1619 2141 uno
1639 2097 1752 2140 locu-

344 2165 427 2205 tus,
444 2157 672 2212 jussusque
703 2155 755 2197 ab
776 2171 824 2197 eo
844 2155 1083 2211 permittere
1113 2154 1311 2196 audacter
1340 2155 1514 2205 senatui,
1536 2154 1751 2196 renunciat

344 2212 528 2268 collegae,
534 2213 748 2267 facturum
768 2227 821 2260 se,
845 2213 951 2265 quod
970 2213 1004 2252 is
1024 2219 1209 2252 censeret.
1271 2213 1411 2262 Quum
1433 2227 1511 2260 res,
1534 2222 1607 2252 aut
1627 2225 1749 2260 nova,

344 2277 418 2310 aut
466 2277 675 2310 vetustate
723 2269 1009 2325 exemplorum
1059 2269 1268 2309 memoriae
1312 2269 1399 2324 jam
1440 2267 1627 2315 exoletae,
1667 2266 1752 2307 ²re-

344 2326 430 2366 lata
464 2326 771 2382 exspectatione
802 2325 1036 2378 certaminis
1072 2334 1257 2367 senatum
1293 2324 1502 2373 erexisset,
1540 2325 1586 2364 P.
1612 2323 1750 2379 Scipio

133 2392 301 2424 Africanus
345 2382 573 2423 Africanus
602 2382 726 2432 dixit,
748 2383 795 2423 Si
814 2383 867 2423 L.
891 2383 1074 2435 Scipioni
1086 2383 1230 2436 sratm'
1255 2396 1323 2422 suo
1349 2381 1598 2432 provinciam
1634 2380 1753 2420 (ἅντε-

133 2435 216 2466 fratri
232 2436 316 2477 lega-
344 2440 469 2479 ciama
503 2441 778 2487 decrevissent,
811 2454 851 2479 se
886 2441 1058 2493 legatum
1096 2441 1254 2479 iturum.
1330 2438 1436 2478 Hac
1471 2452 1566 2485 vox,
1599 2451 1751 2493 niagno

133 2483 192 2509 tus.
345 2496 520 2537 adsensu
543 2495 701 2545 audita,
725 2495 893 2537 sustulit
915 2505 1131 2537 certamen.
1194 2494 1389 2550 Experiri
1411 2493 1581 2541 libebat,
1604 2502 1747 2534 utrum

345 2553 441 2608 plus
462 2551 548 2607 regi
578 2552 789 2593 Antiocho
814 2552 853 2592 in
887 2553 1124 2594 Hannibale
1153 2551 1278 2598 viem,
1300 2565 1349 2591 an
1379 2550 1419 2590 in
1450 2550 1603 2591 victore
1635 2551 1751 2591 Afri-

347 2624 448 2649 cano
468 2608 625 2649 consuli
647 2608 965 2664 legionibusque
988 2609 1201 2655 Romanis,
1223 2606 1366 2648 auxilii
1389 2607 1518 2647 foret:
1552 2623 1599 2648 ac
1620 2622 1750 2664 prope

347 2681 488 2706 omnes
511 2665 693 2721 Scipioni
718 2666 940 2714 Graeciam,
966 2665 1099 2706 Lzelio
1123 2665 1287 2706 Italiam
1309 2663 1593 2705 decreverunt.

871 2762 884 2778 ³
902 2758 1049 2789 Graeciam
1067 2758 1129 2789 del.
1146 2758 1238 2789 Crev.

392 2853 401 2880 l
435 2852 516 2882 Mille
552 2851 709 2892 mlmn‘nn]
750 2851 872 2881 Marcas
908 2850 1024 2890 argenti
1112 2850 1291 2890 &Rclamj
1363 2848 1583 2880 Deliberationi
1642 2858 1749 2890 propo-

347 2900 494 2924 nostrates
509 2896 624 2925 93750.
1071 2898 1137 2922 sna.

1899 3088 1909 3118 τὶ
