1947 3222
545 141 672 179 L113:
697 140 889 178 xxxvl.
929 141 1055 178 CAl‘.
1086 142 1174 178 ΠΙ.
1497 149 1565 181 241

156 247 294 289 secula
324 250 490 307 publice
518 250 801 330 privatimque
831 247 996 290 labante
1023 249 1191 305 egregia
1210 251 1419 305 quondam
1452 252 1570 294 disci-
1585 259 1623 290 U.
1639 258 1674 291 C.
1687 261 1760 291 561.

157 302 270 357 plina
289 308 439 361 gentis,
461 315 501 348 et
540 306 789 348 ⁴multorun1
812 320 861 347 eo
882 314 1010 355 statu,
1031 305 1105 362 qui
1126 305 1354 348 diuturnus
1374 324 1459 349 esse
1481 310 1567 351 siue
1582 302 1759 334 A.C.191.

156 363 386 405 mutatione
410 378 547 405 rerum
569 378 651 404 non
681 371 831 420 posset.
893 363 1071 404 Obviam
1102 362 1242 403 effusis
1264 365 1450 419 undique
1473 367 1566 408 Boe-

152 415 249 461 Otiae
269 421 539 476 principibus,
562 419 732 462 Thebas
752 419 877 461 venit.
908 420 966 461 ibi
987 420 1030 460 in
1049 419 1221 461 concilio
1250 419 1400 476 gentis,
1423 437 1565 477 quam-

154 487 282 528 quam
303 485 343 518 et
372 477 426 517 ad
447 476 633 527 Delium,
655 477 802 533 inpetu
832 477 874 518 in
905 477 1148 532 praesidium
1171 475 1409 517 Romanum
1439 479 1564 528 facto,

153 541 195 574 et
215 533 268 573 ad
291 533 529 574 Chalcidem
562 535 820 575 commiserat
852 549 926 574 nec
947 549 971 574 a
990 534 1130 589 parvis
1150 548 1225 574 nec
1245 533 1386 575 dubiis
1415 536 1566 589 princi-

183 589 231 630 iis
257 589 428 640 bellum,
450 598 589 632 tamen
619 591 806 632 eamdem
836 591 1065 631 orationem
1095 605 1282 641 exorsus,
1304 606 1389 646 qua
1408 591 1451 631 in
1472 607 1566 632 con-

167 645 291 701 oquio
321 647 457 703 primo
477 647 530 688 ad
553 647 809 698 Chalcidem,
832 663 1000 703 quaque
1031 662 1105 703 per
1134 647 1292 702 legatos
1320 648 1363 688 in
1394 649 1564 688 concilio

151 702 406 744 Achaeorum
429 720 529 745 usus
557 713 659 755 erat,
682 714 730 746 ut
751 704 976 745 amicitiam
1008 719 1144 745 secum
1176 704 1355 754 institui,
1377 720 1459 745 non
1479 705 1564 746 bel-

149 757 237 799 lum
268 759 393 801 indici
430 761 631 802 Romanis
664 761 922 818 postularet;
966 761 1186 811 neminem,
1217 761 1322 817 quid
1353 771 1562 817 ageretur,

148 814 332 858 fallebat.
364 818 578 859 decretum
601 827 739 859 tamen
759 818 878 859 ²⁵sub
899 818 980 859 levi
1002 818 1224 859 verborum
1255 827 1467 874 praetextu
1487 835 1564 875 pro

147 887 244 928 rege
280 874 479 916 adversus
520 876 730 916 Romanos
770 875 929 916 factum
965 883 1037 916 est.
1105 876 1199 915 Hac
1234 890 1406 930 quoque
1440 885 1564 932 gente

146 929 361 986 adjuncta,
400 931 641 973 Chalcidem
681 947 906 988 regressus,
942 931 1166 987 praemissis
1200 932 1298 972 inde
1333 932 1476 984 literis,
1513 943 1561 975 ut

149 986 460 1030 Demetriadem
488 988 754 1030 convenirent
776 988 984 1045 principes
1007 988 1263 1037 AEtolorum,
1286 1003 1382 1029 cum
1407 990 1561 1044 quibus
1574 1000 1736 1031 Deliberat

145 1042 199 1083 de
220 1059 381 1086 summa
409 1061 548 1086 rerum
580 1045 843 1094 deliberaret,
864 1045 1041 1086 navibus
1062 1060 1111 1085 eo
1138 1045 1192 1085 ad
1222 1045 1332 1085 diem
1362 1045 1558 1088 indictam
1573 1054 1642 1115 gum
1659 1044 1748 1074 sociis

144 1101 317 1142 concilio
338 1102 462 1143 venit.
524 1104 583 1143 Et
604 1101 880 1158 Amynander
907 1102 1071 1142 adcitus
1092 1101 1143 1142 ad
1167 1101 1487 1143 consultandum
1510 1119 1560 1145 ex
1574 1097 1745 1161 rglslpsma

148 1157 424 1200 Athamania:
462 1167 503 1201 et
535 1159 749 1200 Hannibal
782 1158 967 1209 Poenus³,
993 1158 1082 1214 jam
1113 1158 1188 1199 diu
1219 1173 1301 1199 non
1331 1159 1561 1209 adhibitus,

145 1213 335 1256 interfuit
367 1216 405 1257 ei
438 1215 622 1257 concilio.
685 1215 982 1257 Consultatum
1017 1215 1070 1256 de
1107 1214 1406 1256 Thessalorum
1437 1226 1561 1272 gente

144 1279 222 1321 est,
244 1287 424 1327 quorum
454 1273 662 1322 omnibus,
685 1273 759 1328 qui
786 1272 974 1323 aderant,
997 1272 1188 1313 voluntas
1218 1273 1419 1314 tentanda
1448 1274 1561 1314 vide-

143 1326 282 1368 batur.
314 1328 357 1371 in
386 1346 435 1371 eo
465 1330 589 1371 modo
620 1330 795 1370 diversae
826 1329 1040 1371 sententiae
1071 1337 1214 1376 erant,
1251 1330 1367 1385 quod
1394 1330 1463 1371 alii
1491 1347 1560 1372 ex-

144 1385 301 1441 templo
322 1387 529 1443 agendum
547 1404 558 1435 ;
592 1386 660 1427 alii
682 1403 733 1428 ex
750 1386 899 1436 hieme,
917 1402 1014 1442 quae
1036 1396 1124 1428 tum
1149 1386 1277 1427 ferme
1299 1386 1435 1427 media
1456 1400 1558 1439 erat,

143 1440 422 1486 differendum
451 1445 494 1485 in
519 1443 626 1485 veris
655 1443 933 1500 principium3
966 1452 1007 1485 et
1027 1443 1098 1484 alii
1119 1443 1278 1498 legatos
1309 1452 1562 1486 tantummo-

144 1498 200 1539 do
228 1500 478 1548 mittendos;
512 1500 581 1541 alii
603 1516 698 1541 cum
723 1500 916 1541 omnibus
946 1501 1076 1556 copiis
1106 1500 1291 1540 eundum
1323 1502 1558 1551 censebant,

142 1557 442 1613 terrendosque
463 1566 593 1607 metu,
616 1558 648 1598 si
671 1565 980 1598 cunctarentur.

204 1614 307 1653 VII.
341 1615 483 1664 Quum
518 1614 626 1654 circa
658 1614 765 1655 hanc
805 1614 891 1654 fere
926 1613 1272 1655 consultationem
1311 1614 1560 1671 disceptatio

142 1670 276 1711 omnis
303 1679 549 1721 verteretur,
573 1671 802 1720 Hannibal,
823 1670 1068 1711 nominatim
1098 1670 1379 1725 interrogatus
1401 1681 1560 1713 senten-

144 1727 260 1777 tiam,
290 1728 334 1768 in
364 1728 545 1768 universi
578 1727 677 1768 belli
712 1727 1005 1783 cogitationem
1036 1742 1175 1783 regem
1211 1736 1339 1783 atque
1369 1744 1452 1777 eos,
1485 1729 1558 1785 qui

141 1783 329 1834 aderant,
352 1785 425 1826 tali
446 1785 631 1826 oratione
657 1785 832 1825 avertit:
869 1784 929 1835 Si,
949 1799 999 1824 ex
1019 1799 1094 1839 quo
1125 1784 1352 1839 trajecimus
1373 1786 1415 1825 in
1441 1785 1560 1826 Grae-
1571 1791 1759 1822 Hannibalis

139 1842 258 1889 ciam,
277 1842 478 1883 adhibitus
494 1857 608 1884 essem
631 1842 674 1882 in
688 1843 910 1892 consilinm,
928 1856 1042 1896 quum
1066 1843 1114 1882 de
1129 1843 1299 1891 Euhan,
1318 1844 1366 1882 de
1382 1843 1555 1895 Achaeis,
1568 1833 1607 1906 ἐξ
1617 1834 1698 1895 nollo
1708 1835 1771 1865 Ro-

141 1899 191 1939 de
213 1899 374 1939 Boeotia
395 1899 611 1954 agebatur;
644 1899 838 1940 eamdem*
859 1901 1097 1940 sententiam
1125 1901 1327 1948 dixissem,
1346 1914 1464 1953 quam
1484 1902 1553 1941 ho·
1567 1888 1659 1951 tioaao
1672 1888 1738 1908 ora-

142 1956 222 2006 die,
245 1971 360 2009 quum
382 1959 430 1997 de
457 1957 658 1998 Thessalis
678 1959 831 2011 agitur,
853 1957 996 1997 dicam.
1039 1957 1146 1997 Am‘e
1166 1958 1300 1997 omnia
1317 1958 1555 2011 Philippum

141 2019 180 2053 et
201 2013 453 2055 Macedonas
483 2016 527 2055 in
555 2015 781 2055 societatem
812 2014 908 2054 belli
932 2029 1172 2068 quacumque
1201 2016 1362 2055 ratione
1381 2014 1555 2056 26censeo

141 2071 388 2112 deducendos
404 2086 494 2112 esse.
521 2086 611 2112 nam
633 2073 740 2125 quod
754 2073 810 2111 ad
824 2071 1018 2112 Euboeam
1036 2073 1272 2125 Boeotosque
1288 2078 1324 2111 et
1348 2072 1557 2114 Thessalos

140 2129 310 2177 adtinet,
333 2130 398 2168 cui
427 2130 586 2169 dubium
616 2136 685 2178 est,
709 2130 820 2183 quin,
843 2135 884 2168 ut
907 2129 1045 2182 quibus
1075 2130 1197 2168 722leae
1226 2143 1307 2169 suoe
1334 2130 1438 2170 vires
1457 2131 1553 2180 sint,

133 2186 400 2237 praesentibus
419 2188 629 2227 adulando
643 2201 808 2239 semper,
825 2201 934 2240 quem
952 2192 1091 2226 metam
1115 2188 1156 2226 in
1178 2187 1345 2226 consilio
1364 2187 1552 2237 habeant,

138 2244 271 2283 eodem
292 2246 350 2283 ml
367 2244 666 2297 impetrandam
686 2245 840 2284 veniam
859 2247 1057 2284 utantur?
1088 2243 1244 2284 ²⁷simul
1264 2258 1313 2283 ac
1331 2244 1553 2286 Romanmn

1027 2315 1045 2340 k
1059 2327 1119 2347 eam
1135 2316 1223 2348 Eaed.

185 2379 228 2409 24
251 2380 417 2410 Multorum
442 2392 471 2411 eo
494 2386 584 2415 statu,
611 2380 676 2420 qui]
716 2380 823 2416 Quum
867 2385 947 2411 esset
960 2380 1091 2411 obscuri.

144 2421 232 2452 multi
260 2434 316 2465 per
341 2423 450 2454 luxum
480 2433 516 2453 ac
543 2421 672 2453 delicias
697 2422 825 2453 fortunis
909 2423 951 2453 ‘26
976 2424 1079 2454 Censeo
1101 2424 1295 2464 deducendos]
1326 2424 1475 2455 Libenter
1497 2424 1550 2455 de—

145 2464 285 2496 omnibus
310 2467 406 2497 eversi
433 2466 465 2496 in
492 2477 529 2497 eo
551 2471 634 2496 statu
657 2470 768 2501 essent,
792 2470 826 2495 ut
868 2465 1031 2497 leverimus
1048 2467 1173 2496 verbum
1195 2477 1301 2497 censeo.
1347 2467 1453 2507 Magis
1469 2467 1550 2497 enim

145 2504 310 2539 incolumes
327 2519 393 2540 esse
416 2509 475 2540 nisi
496 2508 627 2539 turbatis
650 2509 741 2539 rebus
764 2519 825 2538 non
869 2507 990 2540 videtur
1013 2509 1075 2539 fore
1097 2508 1137 2539 ad
1159 2514 1282 2549 gustum
1306 2509 1396 2544 Livii,
1418 2511 1443 2540 si
1466 2510 1549 2551 lega-

143 2555 281 2589 possent:
306 2552 413 2592 quales
435 2552 581 2582 describit
603 2551 748 2582 Catilinae
771 2562 819 2582 so·
864 2556 932 2581 tur:
976 2552 1049 2582 Εαηι
1084 2553 1254 2582 sententiam
1291 2553 1431 2588 dirissem,
1464 2565 1547 2592 quam

145 2590 209 2621 cios
230 2592 402 2625 Sallustius.
447 2594 579 2636 Egregie
600 2595 667 2625 haec
690 2594 824 2624 illustrat
867 2595 949 2625 hodie
975 2617 982 2625 .

466 2312 477 2337 i
493 2317 601 2347 Poenus
616 2316 675 2347 del.
693 2316 788 2347 Gron.
806 2316 898 2347 Crev.

1006 2617 1014 2625 .
1039 2617 1046 2625 .
1069 2597 1183 2631 dicam;
1216 2605 1327 2637 nempe
1357 2602 1426 2625 ante
1454 2598 1548 2625 omnin

147 2632 270 2674 Polybii
283 2635 368 2666 loeus
386 2638 418 2667 in
431 2638 578 2680 Excerpt.
592 2637 631 2668 de
647 2636 824 2669 Virtutibus

144 2680 175 2705 et
190 2676 294 2712 Vitiis,
309 2678 328 2708 l.
345 2680 417 2710 XX.

185 2719 227 2749 25
250 2720 308 2749 Sub
327 2722 380 2751 leri
397 2724 546 2753 verborum
566 2725 725 2765 praetextu]
758 2723 824 2754 De·

143 2766 259 2791 cretum
282 2762 398 2794 factum
424 2770 481 2801 est,
505 2771 538 2795 ut
567 2771 736 2797 sumeretur
755 2766 822 2796 bel-

139 2803 204 2834 lum
236 2804 382 2836 adversus
409 2807 582 2844 Romanos,
608 2820 670 2839 non
697 2808 822 2850 quidem

140 2845 323 2882 nominatos,
349 2848 402 2879 sed
431 2849 532 2880 verbis
555 2861 620 2881 rem
644 2851 689 2882 ita
715 2851 824 2882 leviter

141 2890 379 2930 praetexentibus
410 2902 445 2922 ac
470 2894 654 2932 tegentibus,
682 2901 718 2923 ut
746 2893 822 2924 nihil

201 2947 294 2972 voL.
320 2947 387 2973 111.

869 2637 1042 2678 Philippum
1071 2644 1097 2668 et
1128 2638 1303 2668 Macedonas
1331 2640 1361 2667 in
1390 2640 1547 2668 societatem

868 2681 934 2711 belli
961 2692 1140 2721 quacumque
1167 2683 1278 2711 ratione
1305 2681 1483 2711 deducendos
1506 2692 1548 2710 es-

868 2734 904 2753 se.
933 2724 1082 2755 Judicent
1104 2724 1124 2754 ii
1141 2724 1252 2765 quibus
1268 2730 1341 2754 nota
1356 2729 1401 2753 est
1416 2722 1548 2754 Liviana

865 2766 994 2808 phrasis.

908 2811 947 2840 27
974 2810 1068 2841 Simul
1092 2810 1141 2850 ac]
1181 2808 1351 2838 Mallemus
1374 2818 1444 2838 cum
1470 2809 1548 2840 Gro-

866 2852 966 2887 novio,
995 2865 1040 2887 ac,
1070 2853 1158 2883 simul
1192 2851 1354 2881 Romanum
1387 2853 1549 2891 imperium.

868 2894 972 2929 Simul,
987 2906 1041 2937 pro
1056 2895 1141 2925 simul
1157 2905 1201 2927 ac,
1216 2895 1302 2924 simul
1316 2899 1414 2933 utque.

947 2951 972 2975 R
