1947 3222
285 118 360 154 356
818 108 955 146 T1T1
1000 109 1171 146 LIVII

82 238 121 267 U.
135 236 172 267 C.
188 235 260 266 563.
290 232 461 281 paratus
480 219 697 263 missilium
719 218 894 260 telorum
918 233 1017 259 cura
1038 218 1132 267 fuit,
1151 218 1264 274 quod
1288 233 1386 258 saxa
1407 217 1580 259 adfatim
1601 212 1715 274 praess

86 302 96 309 .
116 302 123 309 ·
141 278 260 309 (2189.
291 282 473 323 bituram
495 277 758 334 asperitatem
780 275 910 331 ipsam
933 275 1116 316 locorum
1138 275 1374 316 credebant.
1715 325 1718 328 ἢ

350 336 460 378 XX.
509 333 680 383 Consul,
721 331 822 388 quia
860 347 941 372 non
981 331 1167 372 cominus
1205 345 1407 387 pugnam,
1449 331 1520 372 sed
1560 331 1707 386 procul

292 393 391 436 locis
430 389 737 448 obpugnandis,
779 388 967 429 futuram
1011 396 1264 443 praeceperat
1303 389 1455 438 aninw,
1495 388 1706 443 ingentem

293 452 376 492 vim
417 449 613 506 pilorum,
644 445 920 487 ⁷⁵velitarium
960 444 1189 494 hastarum,
1232 444 1492 501 sagittarum,
1528 444 1713 500 glandis-

295 523 395 564 que,
425 516 467 548 et
495 505 767 550 modicorum,
799 499 874 556 qui
907 500 1040 541 funda
1068 500 1180 541 mitti
1209 509 1389 556 possent,
1421 501 1606 557 lapidum
1639 516 1716 557 pa-

90 572 207 603 Consul
222 570 262 602 ad
298 571 472 606 raverat.
522 562 835 613 instructusque
873 557 1091 598 missilium
1137 557 1341 612 adparatu
1386 558 1440 598 ad
1481 558 1710 615 Olympum

91 617 261 656 Olympum
299 630 481 663 montem
516 617 648 666 ducit,
679 623 719 656 et
759 630 784 655 a
817 615 1006 669 quinque
1038 613 1169 655 ferme
1204 613 1388 655 millibus
1423 614 1529 656 locat
1566 623 1710 655 castra.

90 663 292 740 ἓΐὲἶξεῐὲιῃρῃ
303 679 475 719 Postero
495 674 561 715 die
582 688 678 714 cum
698 670 1013 727 quadringentis
1043 670 1256 726 equitibus
1286 678 1327 711 et
1358 671 1506 712 Attalo
1526 686 1714 727 progres—

91 723 238 785 ceper'ant
302 749 394 775 sum
416 746 525 781 eum,
548 730 601 771 ad
627 737 820 771 naturam
850 726 1002 769 montis
1032 727 1242 784 situmque
1275 727 1531 768 Gallicorum
1562 735 1714 768 castro-

94 786 281 817 'solistoboit
302 805 396 831 rum
417 787 649 837 visendum,
671 785 833 841 equites
852 785 1052 834 hostium,
1074 784 1231 840 duplex
1258 799 1469 832 numerus,
1491 784 1610 824 effusi
1630 799 1716 824 cas-

305 848 380 888 tris
409 846 453 886 in
480 846 626 900 fugam
655 849 908 885 averterunt.
944 842 1066 882 occisi
1096 856 1267 897 quoque
1295 841 1417 896 pauci
1447 840 1716 896 fugientium,

305 901 511 944 vulnerati
540 901 694 957 plures.
756 898 902 940 Tertio
929 898 996 939 die
1027 913 1119 939 eum
1149 898 1343 938 omnibus
1374 898 1427 938 ad
1458 898 1547 938 loca
1575 896 1722 953 exploss

305 959 435 1001 randa
463 958 690 1014 profectus,
711 955 811 1012 quia
830 971 950 996 nemo
979 956 1163 996 bostium
1192 963 1313 996 extra
1341 955 1598 996 munimenta
1625 969 1720 1010 pro-

305 1016 442 1065 cessit,
473 1023 567 1057 tuto
599 1014 900 1056 circumvectus
931 1020 1128 1062 montem,
1156 1011 1463 1060 animadvertit,
1494 1010 1722 1051 meridiana

307 1074 473 1129 regione
508 1081 690 1113 terrenos
724 1078 766 1111 et
800 1069 962 1125 placide
996 1069 1179 1109 adclivos
1207 1068 1301 1109 ⁷⁴¹ad
1335 1068 1559 1124 quemdam
1595 1068 1718 1108 finem

309 1130 432 1171 colles
451 1144 551 1178 esse,
573 1127 627 1168 ad
658 1126 976 1182 septentrionem
1007 1125 1159 1166 arduas
1183 1134 1223 1166 et
1251 1134 1383 1167 rectas
1407 1140 1538 1181 prope
1565 1139 1718 1180 rupes;

309 1195 451 1242 atque,
484 1185 677 1226 omnibus
707 1183 834 1224 ferme
861 1183 953 1223 aliis
979 1182 1116 1231 inviis,
1143 1182 1292 1223 itinera
1324 1181 1403 1223 tria
1432 1197 1541 1222 esse:
1588 1196 1720 1222 unum

309 1243 447 1285 medio
476 1250 630 1291 monte,
662 1255 747 1296 qua
772 1247 935 1280 terrena
961 1247 1100 1280 erant:
1139 1238 1224 1279 duo
1254 1238 1436 1280 difficilia
1465 1239 1518 1279 ab
1547 1238 1723 1279 hiberno

312 1300 407 1341 solis
427 1308 538 1348 ortu,
560 1306 600 1339 et
622 1298 674 1338 ab
705 1295 849 1337 aestivo
878 1311 1036 1336 occasu.
1099 1296 1205 1336 Haee
1235 1295 1553 1351 contemplatus,
1575 1310 1623 1336 eo
1653 1294 1721 1335 die

312 1357 389 1397 sub
429 1355 528 1412 ipsis
568 1354 777 1395 radicibus
820 1352 958 1408 posuit
1000 1361 1144 1393 castra.
1195 1361 1359 1407 postero
1399 1352 1481 1401 die,
1523 1351 1723 1393 sacrificio

310 1414 433 1459 facto,
465 1426 597 1467 quum
630 1409 773 1466 primis
802 1409 948 1450 hostiis
968 1409 1139 1459 litasset,
1170 1409 1371 1450 trifariam
1401 1409 1630 1450 exercitum
1660 1409 1725 1449 di-

309 1471 444 1510 visum
465 1469 617 1510 ducere
637 1468 691 1507 ad
711 1467 872 1507 hostem
893 1466 1043 1522 pergit.
1074 1466 1161 1521 ipse
1189 1480 1284 1506 curn
1309 1466 1491 1506 maxima
1517 1474 1635 1521 parte
1656 1481 1722 1506 co-

307 1526 487 1582 piarum,
509 1540 594 1580 qua
614 1523 896 1579 aequissimum
919 1523 1081 1563 aditum
1108 1522 1321 1578 praebebat
1343 1537 1474 1571 mons,
1495 1522 1723 1563 adscendit.

314 1583 362 1623 L.
386 1582 595 1623 Manlium
627 1581 798 1621 fratrem
831 1580 883 1620 ab
916 1579 1089 1619 hiberno
1123 1588 1235 1629 ortu,
1268 1579 1408 1634 quoad
1443 1579 1532 1620 loca
1562 1580 1725 1635 patian-

313 1649 396 1688 tur,
418 1647 457 1679 et
488 1647 582 1679 tuto
612 1637 756 1693 possit,
785 1636 923 1677 subire
947 1636 1082 1690 jubet.
1116 1636 1148 1676 si
1176 1651 1262 1691 qua
1290 1636 1520 1691 periculosa
1549 1645 1590 1677 et
1621 1651 1728 1692 prae-

315 1705 438 1751 rupta
466 1695 706 1743 obcurrant,
737 1709 818 1734 non
849 1707 1037 1749 pugnare
1065 1707 1157 1733 eum
1184 1692 1405 1747 iniquitate
1431 1693 1632 1743 locorum,
1656 1708 1727 1734 ne-

312 1767 393 1807 que
424 1750 826 1807 inexsuperabilibus
855 1749 939 1790 vim
969 1749 1156 1796 adferre;
1199 1750 1270 1789 sed
1300 1749 1472 1804 obliquo
1502 1758 1642 1791 monte
1670 1750 1725 1791 ad

313 1825 354 1849 se
389 1808 608 1857 declinare,
644 1816 685 1848 et
721 1822 796 1848 suo
835 1806 986 1861 agmini
1023 1805 1230 1861 conjungi.
1308 1807 1354 1846 C.
1389 1806 1588 1847 Helvium
1630 1822 1726 1847 cum

317 1865 437 1909 tertia
465 1872 584 1921 parte
608 1863 823 1904 circumire
854 1863 1002 1903 sensim
1032 1877 1106 1917 per
1134 1863 1276 1902 intima
1304 1863 1470 1910 montis,
1491 1863 1641 1904 deinde
1671 1864 1730 1904 ab

316 1922 460 1963 aestivo
494 1936 642 1962 occasu
676 1920 832 1975 erigere
867 1934 1026 1974 agmen.
1072 1927 1113 1960 et
1149 1919 1285 1960 Attali
1325 1920 1482 1960 auxilia
1521 1919 1724 1961 trifariam

315 1994 438 2035 :equo
467 1992 640 2018 numero
674 1976 838 2017 divisit:
887 1991 1024 2016 secum
1060 1991 1145 2016 esse
1180 1976 1317 2031 ipsum
1351 1975 1548 2032 juvenem
1585 1977 1724 2032 jussit.
1774 1993 1777 1999 ’

315 2035 550 2091 equitatum
575 2048 669 2075 cum
695 2032 923 2088 elephantis
953 2033 992 2072 in
1024 2032 1213 2088 proxima
1242 2033 1416 2073 tumulis
1440 2033 1612 2089 planitie
1632 2034 1725 2075 reli-

316 2092 420 2147 quit.
482 2089 682 2133 Edictum
713 2089 935 2146 praefectis,
958 2097 1005 2131 ut
1036 2089 1197 2139 intenti,
1220 2089 1324 2145 quid
1352 2090 1510 2146 ubique
1539 2099 1725 2146 geratur,

316 2147 670 2193 animadvertant;
703 2161 910 2203 opemque
939 2146 1061 2197 ferre,
1081 2145 1206 2201 ⁷⁵quo
1233 2146 1444 2202 postulent
1473 2162 1552 2198 reS,
1581 2161 1728 2204 prope-

317 2213 420 2246 rent.

375 2260 511 2301 XXI.
545 2259 672 2310 Galli,
708 2259 874 2301 duobus
909 2259 1108 2302 lateribus
1142 2261 1242 2302 satis
1274 2260 1448 2301 fidentes
1481 2260 1593 2301 invia
1624 2275 1727 2311 esse,

318 2318 370 2359 ab
390 2333 439 2358 ea
458 2325 589 2373 parte,
612 2332 708 2372 quae
728 2317 770 2357 in
792 2316 1002 2357 meridiem
1034 2325 1237 2373 vergeret,
1259 2325 1307 2358 ut
1337 2317 1461 2358 armis
1489 2315 1727 2358 clauderent

322 2375 444 2423 viam,
472 2382 655 2429 quatuor
683 2373 811 2413 ferme
840 2373 969 2415 millia
995 2383 1247 2415 armatorum
1276 2373 1329 2414 ad
1355 2372 1579 2421 tumulum,
1611 2373 1732 2414 inmi-

322 2439 486 2472 nentem
516 2430 594 2470 viae
624 2429 760 2470 minus
794 2429 905 2470 mille
944 2445 1142 2486 passuum
1181 2446 1205 2470 a
1244 2431 1401 2478 castris,
1436 2430 1725 2485 occupandum

322 2488 522 2533 mittunt,
561 2502 608 2526 eo
638 2501 679 2526 se
706 2485 783 2526 rati
814 2486 930 2528 velut
965 2487 1131 2528 castello
1163 2486 1240 2527 iter
1274 2486 1543 2542 inpedituros.
1605 2487 1730 2537 Quod

323 2545 396 2585 ubi
420 2542 596 2584 Romani
618 2542 827 2589 viderunt,
849 2543 1079 2598 expediunt
1110 2558 1194 2584 sese
1223 2543 1274 2583 ad
1305 2557 1501 2598 pugnam.
1533 2552 1628 2584 ante
1649 2544 1731 2600 sig‘-

327 2615 378 2641 na
409 2599 571 2641 modico
599 2598 815 2640 intervallo
845 2599 989 2640 velites
1022 2609 1137 2647 eunt,
1172 2607 1213 2640 et
1248 2600 1300 2639 ab
1333 2599 1479 2641 Attalo
1510 2601 1731 2641 Cretenses-

370 2730 410 2759 73
453 2729 625 2759 ῐῖρῐὶιανίιιυι
667 2727 831 2768 hastarum]
893 2727 1004 2757 Earum
1049 2727 1215 2769 quamdam
1229 2727 1431 2758 altitudinem.

328 2773 449 2802 brevem
473 2770 707 2812 descriptionem
730 2776 800 2812 pete
823 2779 860 2800 ex
876 2774 939 2800 not.
955 2770 1005 2799 74.
1094 2772 1133 2801 75
1158 2772 1221 2805 Quo
1243 2772 1383 2811 postulent
1414 2772 1473 2812 res]
1508 2772 1613 2814 Magis
1642 2771 1730 2803 vide-

330 2815 367 2845 ..d
385 2815 406 2843 1.
424 2815 548 2844 xxiv.
561 2824 588 2844 c.
602 2815 654 2844 34.
1051 2819 1131 2844 retur
1145 2824 1180 2845 cv
1197 2824 1278 2844 more
1298 2813 1373 2844 Livii
1387 2816 1518 2853 pmlnler.

372 2857 495 2886 '1422411
522 2860 669 2895 quemdum
690 2856 799 2895 finem]
836 2855 941 2895 Usque
967 2855 1005 2885 ml
