1947 3222
517 133 637 170 LIB.
666 131 858 169 XXXIV.
896 132 1029 168 CAP.
1060 132 1192 169 LXII.
1487 138 1557 176 187

154 254 240 280 rum
264 248 472 296 zagantem
488 241 594 280 circa
612 240 801 294 erenas,
817 245 1134 292 persequeretur,
1148 242 1340 292 precario
1355 241 1406 281 ab
1425 255 1466 283 se
1481 242 1559 282 tter
1573 252 1613 283 U.
1627 251 1663 282 C.
1677 249 1753 281 559.

148 311 225 349 per
245 313 328 338 eum
351 300 476 350 ipsum
496 311 572 347 {1⁰7
575 310 650 344 um,
669 303 868 349 tamquam
890 296 999 336 haud
1019 295 1136 336 dubie
1155 294 1611 350 KarthaginiensiumA·
1627 294 1666 326 C·
1683 293 1754 324 193.

2 365 6 419 Ι
139 355 266 407 JurI‘s,
282 356 460 408 petisset.
522 352 718 393 Numidae
740 361 777 393 et
798 354 846 392 a'e
868 353 1150 393 terminatione
1169 353 1369 418 Scipionis
1399 356 1562 395 mentiri

2 421 5 434 '
156 425 219 451 eos
240 411 496 467 arguebant.
529 415 581 459 et,
596 410 634 449 si
654 410 741 463 quis
762 424 892 449 veram
914 408 1233 464 07³zginemjurz‘s
1253 412 1412 463 exigere
1432 412 1562 460 vellet,

156 482 267 521 quem
282 468 491 520 proprium
513 481 657 520 agrum
678 467 1081 520 Karthaginiensium
1105 467 1147 506 in
1170 466 1316 521 Africa
1338 470 1445 507 esse?
1478 467 1564 507 Ad-

158 525 278 572 venis,
301 523 529 577 ¹²'quantum
551 529 653 563 secto
675 523 783 563 bovis
804 530 914 578 tergo
930 524 1118 576 amplecti
1135 524 1215 563 loci
1226 529 1373 576 potum
1376 524 1450 571 int,
1473 530 1565 563 tan-

157 587 236 621 tum
258 581 315 620 ad
340 580 471 620 urbem
493 581 828 620 communiendam
854 581 1044 633 precario
1064 582 1212 621 datum.
1244 580 1442 634 quidquid
1466 580 1567 634 Byr-

158 652 239 678 sam
261 638 386 677 sedem
412 651 522 678 suam
544 638 792 685 excesserint,
815 638 857 677 vi
886 644 1005 691 atque
1035 636 1188 691 injuria
1211 643 1378 690 partum
1408 636 1567 676 lzabere.

160 693 192 717 ¹⁵
200 693 339 747 Neque
354 699 472 743 eumz,
491 695 539 734 de
559 708 634 747 quo
650 700 812 747 agatur,
828 695 1005 747 probare
1025 708 1089 735 eos
1100 708 1230 747 posse,
1246 708 1324 733 non
1342 695 1456 733 modo
1470 707 1569 734 sem-

156 765 242 803 per,
266 766 314 791 ex
344 765 420 805 quo
440 752 640 804 coeperint,
662 751 732 791 sed
759 765 808 790 ne
828 752 898 791 diu
928 752 1083 805 quidem
1105 765 1169 791 eos
1191 751 1425 803 possedisse.
1487 751 1571 791 Per

158 809 490 861 opportunitates,
520 821 623 848 nunc
652 809 757 857 illos,
786 822 889 848 nunc
918 822 1028 862 reges
1053 807 1329 857 Numidarum,
1363 821 1572 860 usurpasse

144 864 245 919 jus.-
276 879 502 918 semperque
516 878 639 917 penes
659 878 742 905 eum
763 865 1044 917 possessionem
1057 864 1206 918 fuisse,
1230 866 1300 918 qui
1322 865 1417 917 plus
1447 864 1572 904 armis

155 922 361 975 potuisset.
425 920 548 975 Cujus
567 922 810 961 conditionis
829 936 892 962 res
905 921 1060 974 suerit,
1076 922 1313 974 priusquam
1335 922 1463 961 lzostes
1483 921 1571 961 Ro-

162 979 292 1020 manis
312 979 694 1032 Karthaginienses,
723 979 849 1018 socius
878 984 997 1031 atque
1027 978 1175 1018 amicus
1202 992 1275 1018 rex
1307 978 1571 1018 Numidarum

164 1042 276 1085 esset,
300 1050 381 1088 ejus
405 1035 581 1075 sinerent
611 1049 710 1075 esse:
741 1048 810 1074 nec
833 1049 873 1074 se
894 1037 1207 1087 interponerent,
1230 1048 1306 1088 quo
1336 1035 1481 1084 minus,
1503 1049 1572 1088 quz

157 1099 332 1156 possent,
350 1097 539 1132 tenerent.
573 1090 837 1156 Responderi
852 1090 998 1146 legatis
1014 1090 1233 1147 utriusque
1254 1091 1384 1147 partis
1399 1091 1571 1147 placuit,

165 1148 360 1190 missuros
381 1163 421 1188 se
442 1148 485 1188 in
506 1147 710 1196 Africam,
732 1147 805 1202 qui
827 1148 934 1189 inter
955 1147 1159 1204 populum
1183 1147 1573 1202 Karthaginiensem

166 1213 207 1246 et
227 1220 364 1260 regem
391 1204 432 1244 in
453 1219 496 1245 re
516 1204 710 1260 praesenti
732 1204 1021 1260 disceptarent.
1083 1204 1204 1245 Missi
1227 1206 1274 1245 P.
1301 1204 1437 1260 Scipio
1458 1203 1574 1245 Afri-

166 1277 307 1311 canus,
339 1269 379 1302 et
417 1262 462 1301 C.
489 1260 705 1301 Cornelius
740 1261 966 1316 Cethegus,
997 1273 1038 1303 et
1070 1263 1132 1302 Μ.
1157 1261 1372 1302 Minucius
1404 1261 1569 1309 Rufus3
1586 1272 1687 1314 Scipio
1701 1272 1785 1312 lega-

167 1317 312 1359 audita
351 1317 618 1373 inspectaque
657 1333 714 1365 re,
757 1332 953 1373 suspensa
986 1319 1138 1368 omnia,
1178 1325 1328 1359 neutro
1367 1317 1573 1359 1ncl1nat1s
1586 1321 1633 1346 tus
1648 1315 1678 1346 in
1692 1314 1777 1346 Afri-

167 1374 394 1424 sententiis,
416 1374 630 1439 reliquere.
692 1373 746 1414 Id
771 1382 912 1415 utrum
935 1389 1008 1415 sua
1029 1383 1174 1431 sponte
1193 1374 1380 1424 fecerint,
1401 1389 1453 1415 an
1474 1375 1574 1430 quia
1585 1369 1652 1432 ἔζη
1667 1358 1738 1389 mis

167 1430 410 1472 mandatum
444 1431 504 1472 ita
537 1430 680 1480 fuerit,
712 1445 793 1470 non
830 1439 915 1471 tam
950 1440 1109 1472 certum
1144 1438 1220 1481 est,
1246 1446 1372 1486 quam
1406 1431 1575 1472 videtur

170 1487 357 1552 tempori
389 1495 536 1542 aptum
580 1486 776 1535 fuisse,1
781 1486 969 1542 ¹integro
1008 1487 1229 1528 certamine
1273 1502 1340 1527 eos
1379 1487 1572 1543 relinqui.

173 1544 296 1593 Nam,
318 1543 360 1584 ni
390 1543 449 1584 ita
479 1551 598 1592 esset,
623 1558 729 1583 unus
762 1543 913 1598 Scipio,
934 1543 1001 1584 vel
1030 1543 1179 1584 notitia
1207 1543 1280 1592 rei,
1303 1544 1368 1584 vel
1401 1545 1580 1585 auctori-

173 1608 273 1650 tate,
295 1600 355 1640 ita
374 1599 426 1640 de
446 1600 636 1655 utrisque
656 1599 843 1649 meritus,
865 1599 983 1640 finire
1012 1608 1120 1641 nutu
1141 1599 1480 1656 disceptationem
1507 1616 1579 1656 po-

176 1655 333 1697 tuisset

765 1731 782 1747 z
796 1729 872 1758 enim
889 1727 985 1758 Gron.

219 1804 284 1833 12*
297 1803 447 1837 Quantum
467 1809 539 1834 secto
557 1804 631 1833 bovis
648 1803 743 1844 tergo]
766 1803 855 1834 Jam-
944 1804 981 1833 13
1006 1803 1107 1843 Neque
1128 1814 1193 1833 eum
1215 1805 1250 1834 de
1271 1815 1325 1844 quo
1346 1805 1472 1846 agatur]
1501 1805 1580 1835 Eum

176 1845 292 1876 dudum
316 1846 370 1876 illa
385 1845 499 1876 fabella
513 1855 532 1876 a
546 1845 644 1876 doctis
658 1846 784 1887 explosa
798 1851 854 1876 est.
899 1854 1015 1886 agrum.
1060 1847 1090 1877 V
1093 1846 1164 1886 ulgo
1184 1846 1233 1876 hic
1247 1845 1370 1887 legitur,
1384 1859 1473 1887 neque
1487 1850 1580 1878 enim:

176 1889 267 1920 Poeni
294 1894 478 1919 vocaverant
504 1888 636 1934 primum
658 1888 760 1919 locum
783 1898 801 1919 a
823 1898 856 1919 se
898 1889 989 1919 male.
1037 1888 1113 1918 Eum
1133 1889 1227 1920 habet
1241 1889 1363 1920 Thuan.
1380 1890 1487 1926 codex,
1502 1895 1580 1922 teste

177 1930 397 1962 communitum
436 1930 537 1967 Basra,
580 1930 612 1961 id
650 1937 707 1967 est,
744 1941 856 1962 arcem.
897 1933 967 1963 JaC.
991 1931 1162 1963 Gronovio:
1201 1937 1231 1962 et
1263 1933 1414 1963 consentit
1448 1933 1581 1964 Victori-

179 1973 291 2010 Graeci,
317 1973 400 2022 apud
422 1984 498 2014 quos
520 1955 629 2004 litterae
651 1985 662 2004 s
684 1980 714 2005 et
739 1986 756 2004 r
778 1984 857 2004 nun·
898 1984 966 2006 nus.
1010 1974 1072 2004 Sed
1093 1980 1122 2005 et
1141 1973 1225 2005 iniis
1240 1985 1310 2015 quae
1324 1981 1493 2017 sequuntur
1504 1976 1582 2007 ratio

179 2027 273 2057 quam
313 2016 540 2052 continuantur,
579 2016 721 2047 dixerunt
755 2015 857 2064 βύρσα.
903 2017 1122 2048 Grammaticae
1158 2018 1304 2058 postulat,
1332 2023 1367 2049 ut
1401 2018 1520 2060 legatur
1555 2030 1582 2050 se

178 2069 247 2099 quae
274 2069 332 2089 vox
358 2069 453 2099 quum
478 2058 617 2099 designet
645 2062 764 2094 corium,
788 2059 860 2090 inde
899 2061 1057 2099 possedisse,
1073 2070 1134 2091 non
1149 2071 1201 2090 eos.

179 2107 349 2143 propagata
363 2107 410 2132 est
427 2101 531 2144 lepida
545 2102 599 2133 illa
614 2102 728 2134 fabella
741 2102 780 2134 de
794 2113 858 2134 sec·
948 2104 986 2133 14
996 2103 1143 2145 ²¹*Integre
1178 2104 1349 2145 certamine]
1404 2103 1581 2145 Injudicata

181 2150 212 2175 to
226 2144 312 2175 bovis
326 2150 421 2186 tergo.
903 2145 969 2176 lite.
