1947 3222
2 49 7 159 ἒ

0 168 5 249 ,ι

0 263 3 350 ÷

0 352 2 429 l

473 105 507 143 L
526 105 544 142 I
558 106 600 144 B.
638 105 806 143 XXXV.
853 106 883 142 C
898 106 932 142 A
949 105 988 142 P.
1018 107 1195 146 XXXII.
1473 113 1549 152 217

132 212 247 254 nibus
266 221 406 255 sancta
434 228 610 268 caraque
636 214 734 263 sint,
762 213 809 254 T.
832 212 1024 262 Quinctio
1045 220 1083 254 et
1102 216 1258 267 populo
1277 216 1464 258 Romano
1482 219 1549 260 de·
1562 231 1604 263 U.
1616 232 1654 264 C.
1665 232 1739 263 560.

132 269 233 310 bere.
301 272 418 313 Nihil
447 284 675 325 quemquam
707 270 759 311 ab
794 271 892 311 Diis
921 270 1201 312 inmortalibus
1225 275 1393 324 precari
1414 289 1546 328 posse,
1559 275 1650 307 Λ·()·
1669 276 1740 307 192.

133 329 240 381 quod
258 343 337 369 non
359 329 575 382 Magnetes
596 327 647 367 ab
669 328 754 368 illis
772 328 988 374 haberent;
1022 335 1060 368 et
1081 331 1126 368 in
1145 343 1313 382 corpora
1334 345 1406 371 sua
1427 334 1550 374 citius

124 398 206 438 per
216 387 408 439 furorem
437 386 658 435 saevituros,
685 399 804 439 quam
834 391 877 426 ut
907 386 1136 426 Romanam
1165 387 1391 428 amicitiam
1421 391 1549 430 viola-

133 449 236 482 rent.

191 500 408 540 XXXII.
442 499 588 554 Hujus
618 499 847 540 orationem
877 499 1111 541 subsecutae
1141 500 1428 542 multitudinis
1457 517 1551 557 pre-

133 572 199 597 ces
235 564 343 597 sunt.
410 556 681 611 Eurylochus
721 571 773 596 ex
813 556 987 597 concilio
1025 556 1246 598 itineribus
1286 557 1460 599 occultis
1496 560 1550 600 ad

132 620 311 669 portam,
345 621 475 667 atque
509 612 606 653 inde
642 613 834 668 protinus
869 614 912 654 in
949 613 1151 655 AEltoliam
1186 615 1389 671 profugit.
1450 616 1549 656 «Iam

131 670 255 719 enim,
288 677 329 711 et
361 670 407 711 id
439 670 572 724 magis
607 669 650 710 in
691 670 793 719 dies,
831 670 966 711 AEtoli
999 670 1273 712 defectionem
1305 668 1731 717 nudabant':fl⁴]tolide-

130 742 264 782 eoque
297 727 389 783 ipso
424 727 533 768 forte
570 736 756 783 tempore
791 726 974 778 ⁸Thoas,
1011 727 1204 784 princeps
1239 729 1391 784 gentis,
1425 745 1550 785 quem
1563 729 1723 803 ξῗὲὲῑὲἓῗω

129 783 326 825 miserant
348 783 402 825 ad
424 784 702 834 Antiochum,
719 784 916 833 redierat,
932 785 1114 840 indeque
1136 786 1390 842 Menippum
1412 801 1551 828 secum

130 840 380 891 adduxerat,
417 841 527 897 regis
566 841 764 897 legatum.
828 841 925 891 Qui,
960 843 1209 897 priusquam
1246 842 1468 884 concilium
1501 844 1553 885 iis

130 897 317 948 daretur,
358 898 620 954 inpleverant
660 898 846 939 omnium
885 913 1007 940 aures
1045 907 1262 940 terrestres
1301 900 1553 956 navalesque

131 955 270 1010 copias
306 954 691 1003 commemorand03
738 956 943 1009 ingentem
978 957 1057 996 vim
1084 957 1270 1008 peditum
1301 958 1554 1011 equitumque

129 1013 286 1052 venire.-
329 1027 378 1052 ea·
415 1012 543 1052 India
582 1013 834 1064 elephantos:
878 1011 1015 1053 ‘’ante‘³
1054 1013 1190 1053 omnia
1234 1016 1336 1068 (quo
1371 1015 1554 1056 maxime

129 1068 286 1109 moveri
316 1069 541 1110 credebant
565 1069 849 1111 multitudinis
879 1069 1055 1120 animos)
1077 1076 1233 1111 tantum
1264 1071 1413 1111 advehi
1441 1073 1552 1122 auri,

129 1131 173 1165 ut
199 1126 308 1178 ipsos
337 1141 464 1166 emere
487 1127 694 1166 Romanos
717 1127 859 1179 possit.
921 1126 1186 1183 Adparebat,
1212 1127 1318 1183 quid
1348 1143 1396 1168 ea
1419 1129 1554 1170 oratio

133 1181 175 1222 in
205 1183 379 1224 concilio
409 1191 577 1224 motura
606 1191 724 1224 esset.
755 1198 852 1224 nam
882 1191 923 1224 et
949 1184 1110 1225 venisse
1139 1200 1223 1234 eos,
1249 1192 1305 1234 et,
1332 1200 1429 1240 quae
1459 1201 1555 1241 age-

132 1247 240 1289 rent,
271 1240 410 1281 omnia
443 1239 642 1281 Romanis
672 1240 820 1296 legatis
850 1240 1170 1282 deferebantur:
1209 1249 1265 1291 et,
1294 1257 1553 1297 quamquam

130 1310 263 1351 prope
283 1297 442 1338 abscisa
462 1313 526 1352 res
548 1305 651 1347 erat,
675 1305 815 1339 tamen
845 1313 928 1338 non
950 1298 1003 1338 ab
1024 1314 1068 1338 re
1089 1313 1176 1339 esse
1199 1298 1396 1348 Quinctio
1417 1299 1553 1340 visum

130 1361 208 1403 est,
238 1353 444 1395 sociorum
474 1354 637 1410 aliquos
667 1354 826 1410 legatos
856 1354 1052 1396 interesse
1083 1356 1120 1395 ei
1155 1355 1343 1405 concilio,
1376 1355 1450 1411 qui
1483 1356 1555 1397 ad-

129 1419 344 1452 monerent
388 1411 589 1452 Romanae
625 1412 832 1453 societatis
873 1411 1055 1462 AEtolos,
1093 1412 1167 1468 qui
1201 1428 1346 1453 vocem
1381 1413 1555 1454 liberam

130 1467 296 1508 mittere
317 1468 517 1510 adversus
545 1468 655 1524 regis
684 1468 870 1524 legatum
892 1468 1107 1509 auderent.
1168 1469 1447 1510 Athenienses
1467 1485 1554 1511 ma-

129 1524 241 1564 xime
272 1525 316 1565 in
347 1541 438 1566 eam
472 1540 559 1566 rem
599 1525 737 1565 idonei
771 1526 850 1566 visi
891 1533 1003 1575 sunt,
1037 1525 1249 1582 ¹⁰propter
1284 1527 1346 1568 et‘
1372 1527 1553 1568 civitatis

131 1580 395 1636 dignitatem,
436 1590 476 1623 et
517 1590 728 1623 vetustam
779 1583 1018 1623 societatem
1058 1598 1155 1623 cum
1191 1583 1358 1624 sEtolis.
1411 1584 1464 1625 ab
1504 1584 1553 1624 iis

134 1638 357 1687 Quinctius
386 1639 523 1695 petiit,
547 1647 595 1680 ut
617 1639 775 1694 legatos
805 1639 860 1680 ad
881 1639 1186 1680 Panaetolicum
1216 1640 1438 1681 concilium
1458 1641 1554 1682 mit·
1568 1650 1737 1682 Concilium

131 1702 277 1736 terent.
341 1697 484 1737 Thoas
518 1697 680 1752 primus
714 1695 758 1736 in
794 1711 843 1737 eo
879 1696 1052 1737 coneilio
1087 1696 1348 1738 renunciavit
1383 1697 1554 1753 legatio-
1567 1694 1735 1768 gffiaefflfi·

130 1766 236 1792 nem.
312 1754 543 1809 Menippus
582 1760 678 1809 post
718 1768 815 1794 eum
854 1753 1131 1804 intromissus,
1177 1753 1382 1807 Optimum
1415 1755 1555 1809 fuisse

130 1809 323 1860 omnibus,
346 1811 417 1865 qui
449 1812 653 1850 Grceciam
683 1810 904 1865 Asiamque
935 1811 1170 1862 incolerent,
1193 1811 1266 1862 ait,
1290 1813 1463 1867 integris
1491 1828 1555 1854 re-

129 1865 199 1907 bus
219 1868 413 1921 Philippi
429 1869 605 1921 potuisse
625 1868 873 1909 intervenire
887 1868 1146 1909 Antiochum.-
1175 1883 1250 1910 sua
1271 1883 1460 1924 quemque
1479 1870 1554 1911 ha-

129 1923 462 1980 biturumficisse,
483 1939 610 1980 neque
628 1927 764 1966 omnia
783 1926 854 1967 sub
874 1932 1012 1967 nutum
1032 1927 1305 1981 ditionemque
1324 1929 1555 1970 Romanam

121 1989 384 2033 perventura.
431 1983 552 2024 Nunc
571 1997 737 2037 quoque,
754 1983 909 2039 inquit,
927 1984 964 2024 si
983 1985 1098 2025 modo
1118 1998 1196 2033 vos,
1214 1998 1303 2038 quse
1321 1985 1554 2036 inchoastis,

131 2040 302 2080 consilia
321 2047 552 2081 constanter
563 2041 792 2093 perducitis
811 2042 868 2081 ad
887 2042 1050 2092 exitum,
1068 2043 1237 2094 poterit,
1257 2043 1359 2083 Diis
1365 2041 1557 2096 juvanti-

107 2147 113 2154 .
133 2095 218 2144 hus,
235 2103 274 2137 et
294 2097 450 2139 AEtolis
469 2099 602 2147 sociis,
621 2098 842 2139 Antiochus
857 2099 1036 2153 quamvis
1057 2099 1277 2140 inclinatas
1295 2099 1474 2140 Graeciae
1493 2114 1557 2141 res

136 2155 348 2195 restituere
368 2156 413 2195 in
428 2156 646 2208 pristinam
667 2156 921 2210 dignitatem.
971 2157 1041 2196 Ea
1062 2162 1193 2197 autem
1214 2157 1259 2196 in
1279 2156 1468 2197 libertate
1479 2171 1557 2210 po-

133 2212 216 2252 sita
247 2218 316 2262 est,
338 2226 427 2266 qua:
445 2214 526 2253 suis
554 2219 638 2253 stat
668 2213 833 2262 viribus,
856 2227 937 2253 non
958 2228 1007 2254 ex
1027 2214 1162 2254 alieno
1191 2213 1368 2254 arbitrio
1388 2216 1556 2267 pendet.

135 2268 428 2319 Athenienses,
465 2269 622 2325 quibus
661 2269 820 2325 primiS,
857 2278 952 2326 post
992 2270 1148 2326 regiam
1190 2270 1454 2327 legationem,
1495 2271 1558 2312 di-

137 2325 271 2375 cendi,
293 2342 391 2382 quae
422 2326 590 2377 vellent,
612 2335 798 2382 potestas
826 2327 938 2368 facta
966 2336 1042 2377 est,
1065 2327 1274 2369 mentione
1304 2329 1417 2369 omni
1447 2327 1558 2384 regis

140 2382 432 2435 praetermissa,
467 2384 669 2425 Romanae
701 2383 907 2425 societatis
938 2384 1120 2434 AEtolos,
1153 2384 1485 2442 meritorumque
1515 2385 1557 2426 in

507 2481 522 2497 e
535 2478 574 2507 ad
590 2476 686 2507 Gron.
700 2477 789 2507 Crev.
878 2472 892 2497 f
905 2483 933 2507 et
945 2483 1065 2516 propter
1081 2477 1180 2509 Gron-

183 2556 202 2585 8
228 2556 317 2589 Thoas
341 2579 351 2589 .
372 2581 381 2589 .
399 2581 408 2590 .
431 2570 514 2600 quem
535 2561 673 2590 miserant
701 2561 739 2589 ad
763 2560 826 2590 An·
871 2558 1054 2590 auctoritate
1069 2566 1206 2591 moveret
1218 2570 1333 2601 regem.

142 2597 282 2640 tiochum]
327 2602 437 2644 Supra,
471 2613 499 2633 c.
538 2604 589 2634 12.
633 2603 828 2633 Dicoearchus
913 2604 933 2633 9
956 2604 1004 2633 Ad
1030 2604 1143 2644 omnia]
1190 2604 1306 2634 Praeter
1343 2603 1408 2634 haec
1446 2604 1560 2635 omnia.

132 2639 236 2680 frater
259 2647 403 2681 proetm-is,
436 2644 467 2675 id
504 2651 561 2682 est,
597 2645 760 2681 Thoantis,
789 2648 827 2675 ad
872 2645 1012 2676 Forsitan
1037 2652 1142 2677 tamen
1164 2645 1233 2686 quis
1254 2646 1354 2681 malit,
1378 2646 1461 2687 quod
1485 2646 1560 2678 editi

142 2684 316 2715 Antiochum
351 2689 451 2718 missus
485 2697 551 2719 esse
589 2688 710 2725 dicitur,
740 2688 828 2719 nulla
869 2688 997 2729 quidam
1011 2688 1138 2725 habent,
1153 2696 1221 2720 ante
1233 2692 1341 2720 omnia.

143 2724 225 2771 facta
253 2727 401 2759 Thoantis
426 2729 522 2771 ipsius
550 2731 716 2762 mentione.
762 2731 824 2762 Sed
913 2733 953 2762 10
978 2732 1101 2771 Propter
1123 2740 1150 2763 et
1174 2733 1316 2772 civitatis]
1346 2731 1450 2772 Vulgo
1477 2742 1559 2764 nunc

142 2769 375 2810 intelligendum
403 2778 459 2807 est,
488 2779 519 2803 et
553 2773 666 2815 ipsum,
694 2774 824 2805 circum·
866 2780 895 2804 et
914 2781 1043 2814 propter.
1087 2776 1155 2806 Nos
1177 2774 1365 2805 restituimus
1385 2785 1457 2804 eum
1476 2775 1558 2806 ordi-

144 2817 212 2841 acto
235 2813 432 2854 magistratus
454 2816 548 2845 annui
571 2817 680 2858 spatio,
698 2818 738 2848 ad
758 2818 825 2848 An·
869 2826 937 2847 nem
966 2818 1156 2853 vocularum,
1182 2818 1234 2858 qui
1261 2817 1392 2848 habetur
1414 2817 1446 2848 in
1474 2818 1558 2849 Vici.

143 2854 277 2886 tiochum
321 2857 489 2897 profectum
524 2868 601 2894 esse,
639 2867 673 2891 ut
710 2860 826 2901 majore
871 2859 982 2891 cod.et
997 2860 1028 2891 in
1044 2860 1152 2901 priscis
1167 2859 1267 2890 editis.
