1947 3222
182 191 226 266 es:

237 191 276 266 §³5³

287 189 349 263 ἐξ

196 1445 383 1489 Legationes

195 1491 280 1522 Asiae
295 1490 336 1521 ad

196 1535 234 1565 M
238 1532 352 1565 antium
357 1556 366 1565 .

393 75 470 115 370
918 66 1068 106 T1T1
1115 69 1292 107 LI-vlt

351 210 360 218 .
394 179 600 222 indictum
633 186 712 230 est,
744 176 860 234 quod
889 178 932 219 in
964 178 1178 220 Aventino
1208 177 1419 234 lapidibus
1450 177 1637 234 pluisset.
1699 180 1822 221 Cam-

353 254 362 263 ·
396 236 508 294 pani,
530 250 664 293 quum
684 251 756 277 eos
774 250 826 277 ex
847 235 1221 285 senatusconsulto,
1244 235 1359 291 quod
1386 235 1546 277 factum
1576 243 1664 277 erat
1684 236 1822 292 priore

397 292 541 343 anno‘¹,
578 306 765 334 censores
801 293 949 334 Romae
983 292 1139 333 censeri
1176 293 1420 348 coegissent,
1459 292 1574 344 (nam
1608 301 1730 334 antea
1764 293 1824 334 in-

398 359 559 392 certum
580 350 733 400 fuerat,
756 349 829 391 ubi
855 350 1140 402 censerentur)
1162 350 1390 405 petierunt,
1412 358 1461 391 ut
1492 349 1571 391 sibi
1600 350 1710 390 cives
1739 349 1824 390 Ro-

399 422 542 448 manas
570 406 722 448 ducere
749 421 901 447 uxores
930 404 1098 452 liceret;
1130 413 1187 454 et,
1210 405 1339 461 siqui
1369 407 1487 463 prius
1517 406 1750 457 duxissent,
1772 414 1822 448 ut

399 464 554 506 habere
574 479 656 513 eaS,
679 471 719 505 et
740 471 836 504 ante
857 477 944 502 eam
968 461 1077 502 diem
1104 462 1207 512 nati,
1229 462 1294 504 uti
1318 463 1426 519 justi
1447 463 1525 504 sibi
1546 463 1666 505 liberi
1695 463 1826 504 haere-

401 521 559 577 desque
590 528 736 562 essent.
769 526 950 574 utraque
976 534 1041 559 res
1069 518 1306 582 impetrata.
1367 520 1434 560 De
1456 520 1690 561 Formianis
1712 521 1827 561 Fun-

402 578 606 624 danisque
639 575 921 632 municipibus
955 583 996 617 et
1034 575 1315 631 Arpmatibus
1350 577 1397 617 C.
1422 577 1828 633 ValeriusssTappus

403 627 599 677 tribunus
637 633 771 689 plebis
809 632 1109 688 promulgavit,
1151 632 1215 674 uti
1254 633 1304 674 iis
1345 633 1532 689 suffragii
1571 634 1672 676 latio
1709 635 1824 686 (nam

402 701 498 733 ante
520 692 606 732 sine
633 689 833 753 suffragio
861 689 1096 731 habuerant
1127 689 1359 744 civitatem)
1383 698 1500 732 esset.
1562 692 1679 732 Huic
1710 706 1828 746 rogae

403 748 505 789 tioni
526 755 709 804 quatuor
730 746 888 788 tnbuni
909 746 1057 803 plebis,
1080 746 1180 802 quia
1199 761 1281 788 non
1304 762 1356 788 ex
1387 747 1635 789 auctoritate
1661 756 1828 789 senatus

400 806 597 854 ferretur,
619 818 754 860 quum
782 803 1099 854 intercederent,
1122 803 1274 854 edocti,
1296 804 1443 860 populi
1472 819 1573 854 esse,
1595 819 1678 846 non
1709 819 1827 846 sena·

401 870 472 904 tus
497 863 571 919 jus
606 861 869 916 suffragium,
903 860 1059 917 quibus
1093 860 1208 911 velit,
1241 860 1449 916 inpartiri,
1483 861 1736 902 destiterunt
1767 861 1830 901 in-

402 926 536 976 cepto.
598 918 782 974 Rogatio
813 918 975 974 perlata
1003 925 1081 967 est,
1114 925 1161 959 ut
1190 917 1231 958 in
1263 917 1439 960 AEmilia
1468 918 1583 959 tribu
1615 918 1829 960 Formiani

403 985 445 1018 et
468 974 673 1025 Fundani,
696 975 739 1016 in
767 974 962 1016 Cornelia
981 975 1210 1030 Arpinates
1239 974 1408 1017 ferrent.
1440 983 1568 1031 atque
1597 974 1641 1016 in
1665 974 1731 1016 his
1759 974 1830 1016 tri-

402 1033 545 1075 bubus
579 1041 672 1074 tum
705 1032 889 1089 primum
925 1047 977 1074 ex
1014 1031 1179 1072 Valerio
1213 1031 1431 1088 plebiscito
1465 1032 1575 1074 censi
1613 1040 1725 1074 sunt.
1763 1032 1827 1072 M.

406 1089 611 1132 Claudius
639 1087 867 1130 Marcellus
897 1103 1054 1139 censor,
1077 1096 1186 1130 sorte
1217 1097 1414 1145 superato
1436 1090 1489 1130 T.
1514 1089 1725 1139 Quinctio,
1747 1088 1831 1131 lus-

405 1155 519 1188 trum
550 1145 748 1187 condidit.
780 1160 902 1187 censa
928 1145 1040 1187 sunti
1061 1145 1217 1186 civium
1245 1145 1384 1202 capita
1413 1146 1594 1188 ducenta
1624 1146 1832 1203 quinqua-

405 1204 525 1260 ginta
544 1212 638 1245 octo
658 1201 789 1244 millia
809 1210 994 1244 trecenta
1022 1201 1163 1243 decem
1186 1210 1227 1244 et
1258 1203 1386 1244 octok.
1449 1203 1608 1245 Lustro
1628 1203 1830 1259 perfecto,

407 1260 596 1302 consules
616 1260 659 1300 in
680 1259 912 1316 provincias
932 1259 1110 1315 profecti
1132 1267 1242 1300 sunt.

466 1317 723 1358 XXXVII.
761 1316 913 1357 Hieme
949 1331 1011 1367 ea,
1048 1331 1134 1372 qua
1166 1315 1257 1357 haec
1294 1316 1442 1358 Romae
1477 1326 1596 1374 gesta
1630 1325 1743 1367 sunt,
1779 1317 1834 1358 ad

410 1375 488 1416 Cn.
522 1372 750 1425 Manlium,
784 1373 995 1415 consulem
1027 1372 1226 1429 primum,
1259 1373 1410 1414 deinde
1445 1389 1521 1430 pro
1551 1373 1734 1423 consule,
1768 1374 1833 1414 hi-

407 1432 652 1473 bernantem
681 1430 725 1471 in
754 1430 874 1481 Asia,
896 1430 1124 1487 legationes
1145 1429 1334 1486 undique
1355 1446 1406 1471 ex
1432 1430 1626 1472 omnibus
1656 1430 1834 1473 civitati-

407 1489 488 1531 bus
508 1488 806 1546 gentibusque,
828 1503 926 1544 quae
947 1487 1004 1529 cis
1027 1488 1219 1528 Taurum
1250 1495 1433 1529 montem
1462 1488 1664 1537 incolunt,
1687 1503 1834 1529 conve-

408 1545 590 1588 niebant.
623 1553 665 1587 et
695 1554 744 1586 ut
774 1544 923 1586 clarior
943 1544 1207 1600 nobiliorque
1238 1544 1412 1585 victoria
1442 1545 1644 1586 Romanis
1665 1544 1717 1585 de
1738 1560 1781 1586 re
1813 1561 1836 1586 e

409 1603 624 1645 Antiocho
659 1601 756 1652 fuit,
789 1617 917 1658 quam
948 1602 1001 1643 de
1038 1601 1198 1648 Gallis;
1242 1601 1301 1642 ita
1336 1601 1470 1643 laetior
1505 1602 1624 1643 sociis
1659 1609 1747 1642 erat
1813 1617 1835 1643 e

412 1659 562 1710 Gallis,
584 1674 712 1716 quam
733 1659 785 1700 de
806 1658 1030 1700 Antiocho.
1095 1657 1372 1700 Tolerabilior
1401 1659 1517 1715 regia
1541 1658 1720 1700 servitus
1746 1659 1836 1700 fue-

410 1726 491 1767 rat,
513 1732 641 1773 quam
662 1716 805 1757 feritas
835 1715 1376 1766 inmanium-barbarorum,
1398 1715 1664 1772 incertusque
1685 1715 1727 1756 in
1748 1716 1836 1757 dies

412 1782 561 1823 terror,
583 1789 670 1829 quo
691 1772 806 1814 velut
829 1781 1052 1828 tempestas
1083 1787 1151 1812 eos
1181 1771 1431 1828 populantes
1460 1772 1643 1814 inferret.
1676 1772 1834 1828 itaque,

412 1839 461 1872 ut
497 1830 653 1886 quibus
692 1829 877 1879 libertas,
914 1829 1126 1870 Antiocho
1165 1829 1302 1885 pulso,
1338 1843 1436 1884 pax,
1477 1828 1612 1870 Gallis
1651 1828 1835 1879 domitis,

413 1887 514 1928 data
552 1895 672 1936 esset,
713 1901 795 1927 non
835 1885 1095 1942 gratulatum
1136 1885 1261 1926 modo
1300 1894 1512 1936 venerant,
1552 1885 1627 1927 sed
1667 1901 1839 1927 coronas

414 1943 538 1985 etiam
561 1959 721 1993 aureas,
743 1958 819 1999 pro
841 1942 925 1984 suis
946 1958 1127 1999 quaeque
1154 1942 1442 1993 facultatibus,
1465 1942 1716 1984 adtulerunt.
1777 1943 1836 1985 Et

415 2001 468 2042 ab
499 2000 710 2042 Antiocho
746 1999 886 2056 legati,
915 2008 955 2041 et
986 2000 1038 2041 ab
1063 1999 1164 2056 ipsis
1193 1999 1341 2050 Gallis,
1368 2008 1415 2041 ut
1446 1999 1558 2056 pacis
1589 2000 1700 2055 leges
1728 1999 1840 2041 dice-

416 2066 576 2107 rentur,
599 2065 637 2098 et
673 2057 726 2098 ab
755 2056 980 2098 Ariarathe
1007 2072 1105 2112 rege
1135 2056 1434 2112 Cappadocum
1456 2065 1675 2106 venerunt,
1697 2056 1749 2098 ad
1770 2071 1839 2098 ve-

416 2115 526 2155 niam
557 2114 795 2170 petendam,
817 2113 1098 2169 luendamque
1128 2113 1304 2169 pecunia
1334 2129 1499 2164 noxam,
1521 2113 1638 2170 quod
1667 2113 1836 2155 auxiliis

417 2171 676 2212 Antiochum
701 2170 891 2225 juvisset.
953 2170 1110 2211 ²⁵Huic
1141 2174 1346 2212 sexcenta·
1368 2171 1524 2213 talenta
1553 2170 1714 2227 argenti
1739 2178 1836 2212 sunt

417 2227 630 2284 imperata.
693 2227 826 2269 Gallis
856 2242 1115 2284 responsum,
1137 2242 1268 2283 quum
1301 2228 1513 2269 Eumenes
1538 2243 1611 2269 rex
1641 2226 1835 2276 venisset,

418 2292 509 2325 tum
538 2283 737 2325 daturum
768 2283 818 2325 iis
848 2283 970 2340 leges.
1002 2284 1236 2326 civitatium
1268 2284 1492 2340 legationes
1522 2299 1615 2326 cum
1647 2283 1838 2339 benignis

418 2342 638 2397 responsis,
662 2340 839 2382 laetiores
858 2341 982 2382 etiam
1005 2356 1130 2397 quam
1148 2349 1361 2391 venerant,
1383 2341 1573 2382 dimissae.
1636 2339 1836 2382 Antiochi

418 2397 543 2453 legati
574 2398 792 2453 pecuniam
828 2397 869 2438 in
907 2398 1215 2455 Pamphyliam,
1250 2397 1594 2453 frumentumque
1628 2412 1680 2438 ex
1715 2405 1839 2453 pacto

417 2469 512 2496 cum
545 2455 595 2495 L.
621 2454 811 2510 Scipione
841 2454 997 2496 foedere
1026 2455 1133 2511 jussi
1164 2454 1394 2501 advehere;
1437 2469 1486 2495 eo
1519 2469 1560 2495 se
1596 2469 1690 2495 cum
1721 2469 1837 2495 exer-

459 2554 476 2578 h
488 2555 562 2595 quod
575 2555 671 2593 priore
685 2552 888 2593 aunofactnm
902 2561 964 2584 erat
982 2555 1078 2586 Gron.
1096 2555 1188 2586 Crcv.
1296 2550 1305 2575 ¹
1320 2560 1387 2584 sum
1403 2552 1464 2583 del.
1483 2552 1570 2583 Eaed.
1671 2553 1688 2577 k
1705 2560 1833 2584 trecenta

416 2603 476 2627 octo
491 2595 577 2627 Eaed.
665 2595 673 2619 ¹
693 2597 728 2626 Ei
743 2598 869 2626 ducenta
886 2597 975 2628 Eaed.

458 2699 499 2728 25
527 2698 561 2727 Ei
586 2700 711 2728 ducenta
740 2697 864 2737 talenta]
903 2697 1006 2737 Magis
1034 2697 1099 2738 pla·
1146 2702 1199 2729 tet
1225 2707 1292 2727 eam
1322 2696 1351 2726 in
1382 2697 1477 2727 MSS.
1504 2697 1566 2727 suis
1588 2704 1707 2729 exstare
1731 2703 1835 2729 monet

416 2747 463 2770 cet
487 2742 575 2777 huit-5
606 2740 704 2771 ¹*hinc
725 2741 806 2771 enirn
832 2739 953 2781 partitio
976 2740 1100 2781 quadri·
1147 2739 1283 2771 Modius.
1346 2740 1481 2770 Dur-enta
1518 2741 1624 2771 talenta
1655 2747 1726 2772 sunt
1755 2751 1836 2772 mar-

416 2784 562 2815 membris
586 2783 709 2826 incipit:
738 2783 818 2813 Huic
835 2806 842 2813 .
858 2807 867 2813 .
885 2783 979 2813 Gallis
1004 2806 1011 2813 .
1029 2805 1036 2813 .
1059 2784 1098 2813 ri·
1145 2793 1188 2812 ca‘
1206 2782 1322 2823 argenti
1344 2784 1455 2814 18750.

417 2828 538 2856 titutum
569 2828 723 2866 legationes
752 2849 760 2857 .
791 2850 799 2857 .
830 2826 964 2856 Antiochi
995 2827 1100 2864 legati:
