1947 3222
107 211 150 285 es:

160 211 199 285 ΦΩ

210 213 229 284 μοι

110 1115 199 1147 Alter
210 1115 312 1146 conlo-

110 1159 176 1200 quii
191 1158 268 1190 dies.

315 102 364 135 82
838 95 984 134 T1T1
1024 95 1203 133 LIVII

275 233 284 242 .
316 217 451 245 curam
484 205 766 259 inpensamque
795 206 967 247 sationis
1000 219 1060 246 me
1080 209 1390 258 prcestaturum:
1432 202 1618 256 quoniam
1646 202 1730 242 hoec

274 275 283 284 ·
319 263 427 302 inter
445 274 488 301 se
511 276 624 316 reges
648 263 851 314 postulare
877 269 915 303 et
945 263 1182 315 respondere
1205 262 1355 315 placet.
1416 260 1619 300 Extrema
1638 259 1730 314 ejus

318 317 451 359 oratio
485 318 684 359 adversus
715 319 896 360 Achaeos
929 319 1035 360 fuit:
1081 319 1122 359 in
1157 333 1256 374 qua,
1287 332 1405 358 orsus
1440 316 1492 357 ab
1524 315 1731 370 Antigoni

318 374 515 430 primum,
537 376 623 416 suis
657 375 806 416 deinde
835 391 934 431 erga
963 390 1051 415 eam
1083 383 1250 431 gentem
1279 373 1450 424 meritis,
1471 371 1635 413 recitari
1660 371 1730 411 de-

321 439 434 473 creta
478 447 621 473 eorum
660 432 801 487 jussit,
842 447 983 473 omnes
1021 431 1183 473 divinos
1229 432 1515 486 humanosque
1556 429 1734 469 honores

321 488 559 544 complexa:
591 496 718 544 atque
738 488 793 529 ad.
816 503 864 529 ea
892 487 1044 544 adjecit
1064 487 1098 511 ⁴⁶²
1109 503 1249 529 recens
1269 487 1322 528 de
1351 487 1551 536 exercitu,
1573 501 1658 541 quo
1678 484 1732 525 ab

322 560 364 586 se
398 544 674 586 descivissent.
715 545 989 600 invectusque
1028 545 1212 600 graviter
1245 544 1286 584 in
1321 543 1537 600 perfidiam
1573 555 1737 592 eorum,

321 602 453 656 Argos
472 608 605 642 tamen
625 616 666 642 se
686 602 934 642 redditurum
953 601 1024 650 eis,
1046 601 1167 643 dixit.
1199 603 1269 642 De
1291 601 1488 643 Corintho
1508 614 1591 640 cum
1613 600 1736 652 impe-

320 665 460 700 ratore
487 659 674 700 Romano
703 658 1014 698 deliberaturum
1043 673 1144 704 esse;
1181 659 1512 712 qucesz’turzcmque
1540 657 1658 697 simul
1686 655 1738 695 ab

321 730 379 764 eo,
401 715 566 756 4³25th
589 716 643 756 iz's
661 720 816 755 tantum
836 715 998 755 urbibus
1017 715 1202 755 decedere
1219 730 1260 756 se
1278 728 1430 767 aequum
1451 719 1621 761 censeat,
1639 727 1739 766 quas

323 787 348 813 a
368 787 409 814 se
427 773 514 825 ipso
533 778 674 825 captas
689 771 789 826 jure
808 772 905 813 belli
922 772 1084 822 habeat,
1105 785 1160 812 an
1181 772 1233 812 iis
1253 772 1388 819 etiam,
1410 785 1509 825 quas
1529 784 1556 811 a
1575 769 1740 824 majori-

324 829 394 870 bus
412 831 496 870 suis
514 830 743 882 accepisset.

383 886 582 926 XXXV.
615 886 869 928 Parantibus
903 885 1073 927 Achaeis
1112 883 1354 941 AEtolisque
1393 883 1448 924 ad
1485 898 1535 924 ea
1572 898 1738 939 respon-

324 942 437 994 dere,
473 957 605 998 quum
640 957 772 999 prope
806 958 997 984 occasum
1032 941 1093 983 sol
1127 949 1248 991 esset,
1281 941 1411 982 dilato
1444 940 1487 980 in
1525 947 1740 996 posterum

324 999 434 1041 diem
465 999 701 1055 conloquio,
730 999 954 1056 Philippus
987 1000 1031 1040 in
1061 998 1294 1047 stationem,
1323 1012 1375 1038 ex
1410 1012 1497 1053 qua
1527 996 1741 1052 profectus

324 1064 428 1108 erat,
472 1056 651 1097 Romani
695 1056 878 1112 sociique
912 1057 956 1097 in
998 1063 1133 1097 castra
1175 1054 1400 1096 redierunt.
1479 1052 1742 1103 'Quinctius

324 1121 491 1169 postero
511 1112 578 1153 die
602 1112 657 1153 ad
686 1112 872 1154 Nicaeam
895 1112 949 1164 (is
969 1112 1078 1153 enim
1109 1111 1224 1152 locus
1253 1111 1486 1167 placuerat)
1509 1110 1564 1151 ad
1593 1109 1743 1150 consti-

325 1178 468 1212 tutum
498 1178 665 1226 tempus
694 1169 819 1211 venit.
880 1168 1108 1225 ‘²⁵Ph'1hppi
1136 1168 1277 1209 nullus
1311 1183 1489 1224 usquam
1525 1181 1600 1207 nec
1635 1181 1741 1207 nun-

324 1227 414 1268 cius
434 1227 488 1268 ab
508 1242 557 1267 eo
576 1241 652 1283 per
671 1225 833 1282 aliquot
862 1226 985 1267 horas
1004 1225 1214 1267 veniebat:
1246 1233 1288 1267 et
1317 1225 1406 1280 jam
1427 1222 1744 1279 desperantibus

325 1292 551 1326 venturum
585 1291 756 1339 repente
795 1283 1082 1339 adparuerunt
1120 1297 1256 1323 naves.
1317 1283 1402 1323 ΑΗ)
1433 1281 1520 1337 ipse
1556 1279 1743 1335 quidem,

326 1355 442 1395 quum
458 1347 540 1381 tam
556 1341 704 1393 gravia
720 1346 759 1380 et
779 1341 951 1394 indigna
966 1341 1277 1393 imperarentur,
1294 1340 1448 1390 inopem
1464 1338 1626 1378 consilii
1641 1337 1746 1376 diem

325 1412 366 1438 se
384 1398 634 1438 conszcmsisse
653 1397 926 1446 deliberando,
946 1396 1094 1437 aiebat.
1155 1395 1294 1451 Vulgo
1323 1394 1584 1444 credebatur,
1606 1393 1658 1434 de
1685 1392 1746 1434 in-

327 1454 489 1497 dustria
507 1469 594 1495 rem
614 1455 659 1495 in
680 1469 817 1495 serum
839 1461 1030 1503 tractam,
1045 1467 1097 1493 ne
1118 1460 1285 1507 tempus
1305 1451 1395 1493 dari
1415 1458 1554 1507 posset
1575 1449 1745 1490 Achaeis

327 1510 568 1566 AEtolisque
589 1510 643 1551 ad
672 1509 1024 1566 respondendum.
1055 1516 1097 1550 et
1126 1523 1217 1549 eam
1246 1507 1483 1564 opinionem
1512 1507 1600 1563 ipse
1620 1505 1746 1547 adfir-

325 1568 472 1618 mavit,
507 1567 703 1624 petendo,
739 1574 803 1617 ut,
840 1566 1045 1608 submotis
1078 1565 1183 1616 aliis,
1218 1580 1270 1606 ne
1304 1573 1471 1620 tempus
1505 1562 1744 1605 altercando

327 1632 546 1674 tereretur,
568 1631 610 1665 et
630 1623 781 1679 aliquis
806 1623 898 1664 finis
927 1623 987 1663 rei
1017 1622 1160 1678 inponi
1190 1629 1344 1678 posset,
1365 1620 1398 1645 ¹⁶
1411 1637 1507 1662 cum
1538 1621 1650 1676 ipsoq
1671 1619 1747 1660 im-

326 1688 517 1737 peratore
548 1681 740 1721 Romano
771 1679 912 1720 liceret
943 1679 1021 1720 sibi
1050 1679 1258 1733 conloqui.
1321 1678 1375 1719 Id
1409 1677 1544 1734 primo
1573 1691 1655 1717 non
1681 1691 1747 1717 ac-

328 1746 511 1793 ceptum,
525 1753 577 1778 ne
598 1735 764 1777 excludi
785 1735 1006 1791 conloquio
1021 1735 1264 1776 viderentur
1277 1734 1397 1776 socii:
1431 1733 1595 1783 deinde,
1612 1748 1747 1788 quum

328 1794 445 1835 haud
474 1793 690 1835 absisteret
716 1800 871 1849 petere,
893 1807 944 1833 ex
965 1791 1152 1833 omnium
1182 1791 1351 1832 consilio
1373 1792 1589 1831 Romanus
1617 1790 1747 1845 impe-

329 1859 444 1892 rator
479 1866 574 1892 cum
604 1851 689 1906 Ap.
715 1849 892 1890 Claudio
922 1848 1091 1890 tribuno
1123 1847 1494 1903 lnilitum,lceteris
1529 1845 1746 1896 submotis,

329 1907 384 1948 ad
405 1915 637 1948 extremum
665 1906 764 1947 litus
784 1905 993 1962 processit.
1056 1906 1150 1946 Rex
1171 1904 1204 1931 4⁷
1217 1920 1312 1946 cum
1332 1904 1513 1954 duobus,
1536 1918 1642 1958 quos
1664 1902 1748 1958 pri-

331 1964 398 2005 die
419 1963 682 2013 adhibuerat,
698 1963 741 2003 in
762 1971 915 2004 terram
935 1970 997 2004 est
1017 1977 1217 2018 egressus.
1252 1962 1319 2003 Ibi
1340 1976 1472 2017 quum
1489 1958 1750 2015 aliquamdiu

331 2029 487 2062 secreto
517 2020 644 2061 locuti
679 2027 828 2069 essent,
851 2035 948 2075 quae
968 2027 1062 2060 acta
1084 2019 1138 2060 ad
1169 2034 1264 2060 suos
1292 2018 1515 2074 Philippus
1544 2015 1750 2066 retulerit,

331 2078 468 2118 minus
508 2085 768 2133 compertum
808 2084 881 2118 est.
944 2075 1166 2126 Quinctius
1204 2075 1294 2116 haec
1329 2075 1474 2116 retulit
1511 2074 1565 2115 ad
1606 2073 1747 2114 socios.

336 2135 533 2175 Romanis
553 2148 636 2175 eum
657 2135 793 2174 cedere
812 2139 898 2174 tota
912 2134 1080 2187 Illyrici
1099 2147 1187 2183 ονα,
1201 2130 1400 2187 perficgas
1420 2132 1637 2181 remittere,
1650 2144 1699 2170 ac
1718 2129 1755 2170 si

664 2224 679 2244 Ρ
696 2217 790 2257 Atque
806 2217 905 2248 Gron.
923 2216 1015 2247 Crev.
1142 2219 1160 2244 ⁴1
1174 2217 1231 2254 ipso
1245 2214 1308 2246 del.
1325 2215 1423 2246 Gron.

377 2285 418 2314 42
443 2284 552 2316 Recens
577 2286 612 2315 cle
639 2285 782 2326 exercitu]
822 2285 899 2315 Haec
927 2284 1022 2315 verba
1108 2284 1149 2315 45
1167 2283 1408 2322 Philippinullus
1420 2293 1551 2322 usquam,
1561 2292 1613 2311 nec
1625 2282 1752 2312 nuncius

332 2329 370 2358 de
396 2329 522 2358 mereim
548 2327 653 2369 procul
681 2327 774 2358 dubio
799 2327 910 2358 vitiosa
938 2332 1021 2362 sunt,
1065 2328 1101 2357 ab
1127 2327 1173 2367 eo]
1209 2328 1322 2357 Sensus
1346 2325 1447 2356 clarus
1472 2329 1528 2359 est,
1552 2333 1673 2366 nempe,
1696 2333 1750 2365 per

336 2381 372 2401 ac
388 2371 537 2401 mutanda
560 2371 686 2401 fortasse
706 2371 737 2401 in
753 2373 909 2401 decretum.
958 2371 1020 2401 Po·
1063 2369 1182 2411 aliquot
1215 2369 1304 2400 horas
1337 2378 1394 2399 nec
1424 2366 1602 2409 Philippum
1636 2366 1748 2408 ipsum,

334 2413 449 2455 lybius,
463 2413 495 2444 τὶ
511 2414 574 2456 mg)
590 2414 640 2447 τῆς
657 2414 827 2448 (hordeum
844 2413 998 2453 ψήφισμα.
1063 2423 1121 2444 nec
1142 2412 1288 2443 nuncium
1305 2412 1344 2442 ab
1359 2421 1394 2441 eo
1409 2410 1520 2441 visum.
1564 2409 1670 2441 Verba
1692 2408 1751 2440 ali-

379 2457 419 2487 43
447 2456 555 2486 Utrum
580 2459 614 2487 iis
640 2463 755 2487 tantum
780 2458 917 2498 urbibus]
946 2458 1021 2487 Pro·
1064 2455 1139 2498 quid
1151 2453 1312 2497 depravati
1326 2454 1452 2484 habent.

336 2499 377 2530 ba
391 2499 492 2535 lectio,
509 2499 534 2530 si
549 2499 614 2541 ejus
628 2499 712 2540 origo
725 2499 916 2542 reperiretur.
959 2499 1022 2530 Sed
1108 2498 1149 2528 46
1174 2498 1248 2528 Cum
1269 2498 1327 2536 ipso
1352 2495 1537 2535 imperatore]
1562 2494 1751 2525 Addidimus

336 2541 516 2573 vetustiores
545 2541 704 2578 editiones,
728 2543 839 2584 partim
867 2544 938 2573 iisne
966 2553 1017 2572 ur·
1063 2551 1167 2572 vocem
1183 2544 1249 2580 ipso,
1262 2550 1356 2581 quam
1371 2539 1488 2569 habent
1499 2537 1603 2578 scripti
1619 2537 1748 2579 aliquot,

338 2587 426 2621 bibus,
447 2585 557 2626 partim
579 2591 681 2615 utrum
703 2587 774 2616 iisne
795 2587 925 2621 urbibus,
944 2595 1019 2625 quo·
1063 2589 1129 2615 tum
1160 2584 1230 2615 Jac.
1250 2582 1418 2618 Gronovio,
1443 2587 1508 2611 tum
1534 2580 1672 2610 Hearnio
1701 2579 1749 2610 in-

337 2628 429 2659 modo
452 2627 568 2659 Victor.
594 2627 701 2663 codex,
725 2633 756 2658 et
783 2628 906 2659 Gelenii
933 2627 1020 2658 liber.
1063 2625 1172 2669 specti,
1188 2631 1218 2657 et
1241 2631 1341 2656 noster
1356 2624 1545 2655 Victorinus.
1560 2628 1591 2653 et
1613 2623 1749 2653 Andreae

339 2671 499 2701 Vellemus
525 2670 711 2702 indicassent
739 2671 898 2704 Gronovii.
922 2670 1020 2701 unde·
1064 2669 1169 2700 editio.
1215 2669 1255 2699 Et
1269 2667 1396 2708 adjuvat
1411 2666 1596 2697 sententiam
1611 2665 1666 2696 illa
1678 2675 1749 2700 vox,

338 2723 410 2744 nam
423 2713 624 2755 sumpsissent
637 2713 667 2744 id
683 2713 765 2755 quod
781 2713 914 2745 edidere.
1063 2717 1211 2753 notatque
1227 2711 1325 2742 solum
1337 2710 1436 2752 expeti
1452 2720 1470 2740 a
1486 2708 1630 2751 Philippo
1648 2707 1748 2746 Quin-

381 2756 421 2786 44
446 2757 586 2790 Quintius
609 2763 717 2796 postero
737 2758 784 2787 die
810 2758 849 2786 ad
877 2755 1019 2797 Nicoeam]
1064 2755 1153 2790 tium,
1168 2754 1260 2785 nullis
1275 2753 1363 2785 sociis
1379 2753 1526 2784 cinctum.

340 2798 469 2828 Videtur
484 2799 533 2830 hic
546 2799 651 2832 deesse
663 2801 779 2831 iterumn.
802 2798 950 2840 Polybius
965 2798 1019 2829 ha·
1107 2798 1146 2828 47
1172 2797 1247 2827 Cum
1259 2798 1368 2827 duobus
1378 2807 1444 2837 qnos
1456 2796 1550 2835 pridie
1558 2793 1746 2833 adhibuerat]

339 2840 389 2872 bct
404 2841 505 2873 πάλιν.
1065 2839 1140 2871 Vid.
1156 2845 1219 2871 not.
1232 2841 1283 2871 34.
1301 2839 1339 2871 ad
1354 2850 1383 2871 c.
1395 2840 1450 2870 32.
1465 2848 1567 2880 supra.
