1947 3222
535 141 658 178 LIB.
686 138 867 177 XXXII.
913 137 1044 176 CAP.
1074 138 1148 174 XI.

1479 142 1525 182 57

113 257 219 292 tates
251 249 475 292 liberandae
506 257 656 299 essent,
691 246 914 288 Thessalos
940 246 1097 302 primos
1123 244 1310 287 omnium
1344 247 1527 289 nomina-
1540 262 1581 294 U,
1594 262 1630 294 C.
1644 263 1719 293 554.

113 307 175 347 vit
196 308 350 349 consul.
371 306 465 347 ³⁹ad
484 306 528 347 id
555 321 654 347 vero
681 304 784 345 adeo
812 319 1006 344 accensus
1032 302 1319 358 indignatione
1347 312 1408 344 est
1437 320 1525 356 rex,
1539 305 1629 354 A.C.
1648 306 1719 336 198.

115 372 162 405 ut
183 365 442 412 exclamaret,
466 364 565 416 quid
584 364 688 404 victo
703 363 873 416 gravius
895 362 1125 414 imperares,
1154 359 1201 399 T.
1229 359 1398 408 Quincti
1412 363 1431 398 Ρ
1468 349 1629 422 att-²11}rlto
1646 358 1738 379 even-

115 436 198 475 que
218 422 276 462 ita
297 436 337 462 se
358 435 409 460 ex
433 420 654 476 conloquio
683 418 905 475 proripuit.
935 425 976 458 et
1007 423 1285 472 temperatum
1315 431 1424 472 aegre
1452 426 1528 469 est,
1575 414 1584 423 ⁰

115 478 219 533 quin
253 476 529 527 ⁴¹⁰missilibus,
563 476 665 532 quia
693 475 861 517 diremti
889 473 1026 515 medio
1055 473 1182 514 amni*
1210 474 1392 522 fuerant,
1422 488 1531 529 pug-

116 549 211 575 nam
238 534 346 575 inter
376 549 418 574 se
447 540 718 575 consererent.
780 533 953 573 Postero
983 531 1051 572 die
1078 545 1153 586 per
1183 530 1446 572 excursiones
1476 531 1530 572 ab

116 591 363 632 stationibus
384 590 519 646 primo
546 590 586 631 in
609 589 795 646 planitie,
818 588 916 630 satis
937 588 990 629 ad
1010 587 1055 628 id
1073 588 1249 643 patenti,
1270 587 1405 628 multa
1424 586 1532 628 levia
1544 602 1638 633 Levia
1654 612 1735 644 proe.

116 647 329 688 commissa
366 647 516 703 proelia
554 655 674 688 sunt:
719 646 869 687 deinde
908 644 1204 701 recipientibus
1244 659 1286 685 se
1325 643 1450 700 regiis
1489 644 1531 685 in
1543 645 1597 676 lia.

117 712 207 745 arta
227 712 266 745 et
289 705 534 761 confragosa
553 704 657 754 loca,
679 703 880 744 aviditate
907 702 1066 743 accensi
1096 701 1331 743 certaminis
1360 717 1409 742 eo
1430 716 1533 756 quo-

116 775 198 815 que
229 761 409 802 Romani
436 769 721 818 penetravere.
782 761 867 800 Pro
895 759 960 801 his
980 759 1098 809 ordo,
1126 766 1168 799 et
1194 757 1384 800 militaris
1413 757 1533 799 disci-

114 817 243 872 plina,
266 826 307 859 et
323 833 456 874 genus
476 832 688 859 armorum
707 825 812 867 erat,
828 816 1015 872 ‘ssaptum
1031 815 1261 871 urguendis
1281 814 1428 871 regiis:
1454 830 1533 871 pro

114 874 233 915 hoste
254 874 357 925 loca,
379 884 419 917 et
441 874 666 931 catapultae
685 874 962 928 ballistaeque,
984 872 1027 912 in
1053 872 1246 913 omnibus
1266 887 1396 928 prope
1416 872 1533 928 rupi-

118 931 213 981 bus,
246 932 366 987 quasi
400 933 443 973 in
478 931 622 981 muris,
653 929 879 986 dispositae.
941 927 1095 969 Multis
1129 928 1226 968 hinc
1260 937 1388 983 atque
1419 929 1534 970 illinc

117 987 361 1030 vulneribus
381 987 574 1044 acceptis,
596 1002 728 1042 quum
750 986 891 1036 etiam,
914 993 962 1027 ut
982 985 1025 1026 in
1046 984 1194 1041 proelio
1215 985 1348 1041 justo,
1371 985 1533 1041 aliquot

118 1044 375 1096 cecidissent,
396 1060 479 1086 nox
495 1059 651 1100 pugnae
672 1044 796 1084 finem
816 1043 928 1084 fecit.

178 1102 264 1141 XI.
298 1103 439 1151 Quum
459 1102 502 1142 in
524 1101 602 1142 hoc
631 1108 743 1142 statu
765 1115 830 1141 res
851 1107 971 1150 esset,
993 1106 1137 1155 pastor
1166 1098 1355 1155 quidam,
1378 1114 1403 1140 a
1425 1099 1573 1156 Char-A
1588 1112 1727 1155 pastore.

120 1173 222 1213 ropo
252 1158 439 1214 principe
472 1157 746 1214 Epirotarum
776 1156 940 1208 missus,
969 1155 1194 1197 deducitur
1224 1155 1277 1196 ad
1308 1156 1595 1223 consulem.‡¹a
1610 1150 1744 1199 Οέῑῗῦὼ·

119 1215 163 1255 Is
182 1229 222 1255 se
243 1217 285 1255 in
307 1229 352 1255 eo
371 1216 492 1264 saltu,
514 1217 587 1269 qui
604 1216 731 1269 regiis
750 1220 844 1255 tunc
863 1220 1065 1263 oneratus,
1087 1214 1232 1254 castris
1254 1220 1354 1262 erat,
1377 1228 1534 1255 armen-
1545 1204 1596 1267 timo.
1605 1194 1723 1231 Qumc-

118 1277 198 1312 tum
220 1286 391 1325 pascere
420 1272 521 1313 aitz·
545 1287 677 1313 omnes
706 1273 897 1313 montium
927 1285 1060 1312 eorum
1087 1271 1308 1324 amfractus
1336 1272 1533 1325 callesque

117 1342 240 1370 nosse.
300 1330 348 1371 Si
365 1344 489 1370 secum
511 1331 668 1384 aliquos
687 1331 846 1370 mittere
868 1330 980 1379 velit,
1001 1343 1082 1368 non
1103 1330 1244 1382 iniquo
1264 1342 1334 1368 nec
1346 1330 1534 1386 perdgffi-

115 1385 326 1427 cili·aditu
344 1401 470 1441 supra
489 1394 611 1441 capnt
629 1388 801 1428 hostium
820 1388 1092 1427 deducturum.
1134 1385 1292 1434 42Ηιέε,
1314 1386 1534 1443 Charopus

115 1443 348 1486 renunciari
373 1445 511 1501 jubet,
536 1447 596 1485 ita
620 1446 811 1494 crederet,
834 1451 878 1485 ut
901 1458 983 1485 suae
1006 1444 1145 1496 potius
1171 1444 1321 1493 omnia,
1344 1457 1461 1497 quam
1483 1445 1534 1485 il-

115 1501 209 1550 lius,
223 1503 441 1554 potestatis
463 1509 599 1542 essent.
651 1502 791 1545 Quam
811 1501 943 1556 magis
963 1500 1089 1541 vellet
1110 1500 1291 1549 credere,
1313 1515 1440 1555 quam
1462 1516 1536 1542 au-

119 1557 252 1608 deret,
274 1558 432 1609 consul,
453 1559 720 1613 mixtumque
740 1557 896 1614 gaudio
919 1573 967 1598 ac
993 1565 1109 1598 metu
1139 1556 1326 1597 animum
1355 1566 1534 1612 gereret,

122 1614 372 1656 auctoritate
400 1623 540 1657 motus
566 1615 763 1671 Charopi,
789 1613 968 1670 experiri
999 1628 1114 1669 spem
1144 1612 1328 1654 oblatam
1359 1615 1532 1656 statuit:

122 1679 178 1719 et,
200 1680 249 1712 ut
270 1680 474 1713 averteret
504 1687 590 1712 rem
612 1687 637 1712 a
657 1671 903 1727 suspicione,
924 1670 1058 1711 biduo
1085 1669 1319 1725 insequenti
1339 1670 1537 1712 lacessere

122 1727 299 1778 hostem,
330 1727 541 1784 dispositis
575 1728 628 1769 ab
659 1727 771 1768 omni
806 1735 925 1784 parte
955 1727 1100 1783 copiis,
1132 1726 1536 1783 succedentibusque

119 1784 295 1840 integris
324 1784 367 1825 in
396 1785 534 1826 locum
565 1785 836 1836 defessorum,
858 1800 941 1825 non
961 1783 1133 1825 destitit.
1195 1785 1388 1833 Quatuor
1407 1784 1539 1826 millia

120 1840 219 1882 inde
248 1841 356 1883 lecta
378 1841 569 1898 peditum
591 1850 632 1884 et
653 1849 858 1884 trecentos
878 1840 1041 1897 equites
1060 1841 1232 1882 tribuno
1252 1841 1434 1882 militum
1456 1849 1539 1883 trae

121 1897 199 1939 dit.
258 1898 455 1954 Equites,
481 1899 621 1955 quoad
651 1899 740 1940 loca
768 1899 1000 1955 patiantur,
1025 1897 1177 1939 ducere
1201 1898 1350 1953 jubet:
1383 1898 1457 1939 ubi
1485 1898 1540 1940 ad

121 1954 236 1996 invia
255 1956 389 2011 equiti
409 1965 582 1997 ventum
604 1956 672 2007 sit,
693 1955 736 1996 in
755 1955 928 2012 planitie
958 1955 1100 2011 aliqua
1128 1954 1253 1996 locari
1274 1955 1538 2011 equitatum;

125 2011 301 2067 pedites,
327 2027 413 2068 qua
440 2013 530 2055 dux
550 2020 800 2055 monstraret
830 2013 955 2063 viam,
980 2012 1063 2053 ire:
1101 2011 1190 2062 ubi,
1211 2010 1300 2054 ‘¹³ut
1329 2012 1542 2068 pollicere-

124 2076 196 2109 tur
209 2077 235 2119 ⁸,
267 2084 392 2124 super
421 2078 548 2126 caput
582 2070 766 2111 hostium
801 2077 1050 2126 perventum
1086 2069 1154 2119 sit,
1185 2069 1302 2110 fumo
1332 2069 1430 2109 dare
1461 2070 1543 2126 sig-

126 2139 251 2167 num:
283 2140 359 2167 nec
379 2134 475 2168 ante
504 2126 724 2168 clamorem
755 2127 914 2178 tollere,
936 2141 1065 2183 quam
1085 2127 1138 2167 ab
1160 2141 1201 2166 se
1223 2126 1341 2182 signo
1371 2135 1542 2182 accepto

448 2246 461 2263 ¹'
477 2253 560 2273 amne
575 2242 671 2274 Gron.
689 2240 780 2274 Crev-

171 2342 212 2373 39
235 2343 282 2373 Ad
310 2344 341 2372 id
367 2353 433 2373 vero
457 2344 527 2374 adeo
553 2354 688 2374 accensus
716 2344 813 2385 indig-

130 2387 246 2415 natione
271 2392 310 2416 est
334 2386 400 2427 rer]
439 2386 522 2423 Quia
548 2386 692 2417 nimirum
716 2386 813 2416 Thes-

127 2428 185 2458 sali
209 2427 300 2470 primi
317 2427 378 2459 fere
398 2429 534 2459 omnium
555 2429 689 2461 Graeciae
715 2439 813 2471 popu-

129 2471 227 2501 lorum
256 2470 287 2501 in
316 2471 527 2503 Macedonum
557 2472 706 2503 ditionem
741 2482 814 2503 con—

128 2520 293 2549 cesserant,
311 2524 330 2544 a
344 2514 489 2556 Philippo
508 2514 681 2546 Alexandri
702 2515 815 2556 Magni

132 2562 229 2597 patre,
259 2556 299 2587 ad
327 2557 507 2588 societatem
531 2567 647 2594 secum,
677 2559 731 2589 sed
758 2558 814 2588 im-

132 2599 199 2640 pari
220 2599 348 2635 foedere,
359 2599 553 2641 jungendam
575 2601 690 2637 adacti,
707 2611 743 2632 ae
761 2601 814 2632 de-

132 2641 204 2672 inde
231 2642 411 2674 Alexandro
438 2643 723 2686 successoribusque
750 2644 816 2684 ejus

131 2693 251 2725 semper
274 2685 414 2726 subjecti.
442 2686 517 2718 Vid.
543 2686 658 2718 Justin.
687 2688 708 2718 l.
734 2687 814 2718 VII.

132 2737 160 2757 c.
176 2728 207 2757 6.
222 2732 253 2757 et
265 2727 286 2757 1.
302 2729 362 2759 XI.
378 2739 405 2760 c.
419 2730 449 2760 3.

175 2770 216 2799 40
240 2769 407 2808 Missilibus,
430 2773 500 2812 quia
520 2773 673 2813 dirempti]
704 2770 812 2802 Missi-

131 2812 232 2849 libus,
266 2822 366 2853 neque
391 2815 472 2844 enim
495 2815 634 2846 cominus
655 2825 812 2846 conserere

130 2865 242 2887 manus
257 2860 406 2896 poterant,
421 2857 523 2887 medio
537 2868 626 2889 amne
640 2857 795 2899 dirempti.

173 2899 208 2928 41
249 2899 359 2937 Aptum
398 2901 535 2940 urgendis
571 2902 675 2941 regiis]
721 2901 813 2932 Hanc

908 2244 920 2262 ⁸
933 2242 1109 2281 polliceatur
1124 2240 1212 2272 Eaed.

856 2342 1020 2373 lectionem
1043 2341 1194 2373 Gelenius
1216 2341 1368 2377 formavit,
1384 2352 1445 2373 non
1468 2352 1543 2374 sane

857 2385 1029 2416 infeliciter.
1073 2385 1180 2426 Magis
1194 2391 1299 2416 tamen
1319 2386 1456 2427 placeret
1469 2396 1542 2417 con-

854 2428 976 2469 jectura
1004 2428 1171 2458 Gronovii:
1209 2435 1311 2467 aptum
1338 2430 1470 2470 urgendo
1496 2441 1542 2460 co-

857 2473 964 2502 minus.
1009 2471 1142 2502 Codices
1155 2470 1213 2501 hoc
1236 2471 1303 2502 loco
1324 2471 1544 2514 corruptissimi

858 2519 940 2545 sunt.

902 2557 942 2588 42
967 2556 1050 2593 Haec,
1076 2556 1226 2596 Charopus
1249 2558 1422 2587 renunciat-i
1437 2557 1541 2598 jubet]

860 2599 1022 2642 Charopus
1036 2599 1210 2630 renunciari
1228 2599 1319 2641 jubet
1331 2599 1460 2635 consuli,
1477 2609 1542 2630 mo-

858 2643 924 2673 neri
941 2643 1033 2684 jubet
1053 2642 1222 2678 consulem,
1238 2642 1305 2673 haec
1326 2642 1371 2673 ita
1393 2642 1542 2678 crederet,

859 2691 894 2716 ut
907 2691 1012 2717 tamen
1026 2685 1131 2717 omnia
1151 2685 1253 2727 potius
1267 2685 1299 2716 in
1321 2695 1377 2716 sua
1397 2685 1463 2726 ipse
1486 2685 1542 2715 ha—

857 2729 945 2759 beret
968 2733 1131 2771 potestate,
1154 2739 1248 2770 quam
1270 2727 1385 2770 pastori
1406 2727 1451 2758 illi
1472 2738 1541 2769 per-

854 2777 1002 2803 mltteret.

899 2815 939 2845 43
967 2815 1008 2845 Ut
1031 2813 1220 2854 polliceatur]
1252 2813 1339 2848 Dux,
1360 2818 1463 2853 pastor
1488 2812 1541 2844 ille

858 2867 876 2887 a
891 2857 1035 2899 Charopo
1057 2856 1178 2886 missus.
1225 2854 1307 2885 Vict.
1324 2854 1393 2886 cod.
1408 2862 1441 2886 ut
1453 2857 1538 2896 polli-

855 2906 981 2931 ceretur.
1026 2899 1086 2930 Sed
1103 2897 1188 2940 parvi
1202 2897 1303 2928 refert.
