1947 3222
187 597 348 641 Philippus

190 648 318 672 miratur

186 684 344 715 Romano-

186 737 252 756 rum
264 733 374 758 castra.

180 1400 341 1441 Equestris

178 1453 294 1485 pugna.

409 105 458 138 32
931 99 1074 139 T1T1
1124 93 1297 138 L1v11

364 239 372 246 .
407 222 547 263 regem
588 216 720 249 terror
760 208 884 264 cepit,
921 208 1106 250 nondum
1141 209 1260 265 justo
1299 208 1447 265 proelio
1482 221 1578 249 cum
1614 206 1811 250 Romanis

364 281 372 290 ·
406 278 683 329 congressum.
714 265 872 320 itaque,
894 273 1086 306 revocato
1106 265 1512 328 filiqpraesidioque,
1535 265 1650 321 quod
1669 265 1712 306 in
1733 266 1810 305 Pe-

406 319 580 375 lagomae
610 320 803 361 faucibus
833 328 935 369 erat,
966 329 1013 361 ut
1043 320 1093 361 iis
1123 336 1250 376 copus
1280 337 1374 363 suas
1403 330 1589 378 augeret,
1613 321 1810 362 Pleurato

405 376 698 432 Dardanisque
732 376 810 417 iter
849 377 892 416 in
929 377 1219 418 Macedoniam
1253 378 1460 433 patefecit.
1523 379 1634 433 Ipse,
1669 377 1704 401 ⁵⁸
1716 390 1812 418 cum

403 432 551 488 viginti
572 432 756 473 millibus
776 432 982 488 peditum,
1004 441 1186 488 quatuor
1206 434 1410 489 equitum,
1433 434 1610 475 ducibus
1631 434 1811 475 transfu-

402 489 480 544 gis,
512 489 566 529 ad
595 489 755 530 hostem
786 488 1012 544 profectus,
1043 489 1184 545 paullo
1214 491 1309 545 plus
1338 490 1371 515 3⁹
1384 491 1584 531 ducentos
1614 506 1758 546 passus
1788 505 1813 530 a

402 545 546 586 castris
587 546 787 585 Romanis
827 544 1038 586 tumulum
1087 546 1370 603 propinquum
1410 547 1576 588 Athaco
1616 548 1726 588 fossa
1764 561 1810 587 ac

402 601 511 641 vallo
541 601 834 643 communivit:
867 617 929 651 ac,
952 602 1139 658 subjecta
1162 618 1330 644 cernens
1352 604 1541 644 Romana
1566 611 1714 653 castra,
1740 602 1812 644 ad-

401 658 576 699 miratus
597 674 683 699 esse
707 658 862 699 dicitur
882 666 922 698 et
945 658 1177 699 universam
1208 661 1384 715 speciem
1414 668 1658 709 castrorum,
1680 668 1720 701 et
1742 659 1812 700 de-

401 714 556 771 scripta
585 715 670 756 suis
699 729 880 770 quaeque
909 715 1115 770 partibus,
1137 723 1228 756 tum
1256 715 1516 757 tendentium
1537 716 1695 766 ordine,
1718 723 1810 757 tum

400 771 597 812 itinerum
622 771 874 818 intervallis;
908 779 947 812 et
970 770 1193 826 4⁰negasse,
1213 772 1486 813 barbarorum
1507 788 1555 812 ea
1574 780 1710 813 castra
1733 772 1809 812 ulli

400 827 531 868 videri
560 843 691 884 posse.
753 827 938 868 Biduum
970 827 1113 868 consul
1134 836 1175 869 et
1195 843 1284 877 rex,
1307 828 1411 869 alter
1440 828 1610 869 alterius
1636 837 1809 869 conatus

398 892 700 940 exspectantes,
729 883 968 925 continuere
999 900 1094 925 suos
1124 884 1234 926 intra
1262 884 1445 925 vallum:
1480 884 1602 926 tertio
1631 885 1697 925 die
1723 886 1808 926 Ro-

398 955 546 982 manus
566 956 707 982 omnes
728 940 865 996 copias
885 941 928 982 in
949 941 1079 981 aciem
1100 940 1259 982 eduxit.

457 997 655 1039 XXXV.
689 998 784 1038 Rex
814 1012 926 1047 vern,
949 1005 1033 1038 tam
1055 997 1225 1038 celerem
1248 997 1378 1038 aleam
1408 997 1589 1038 universi
1620 998 1809 1039 certami-

397 1053 461 1095 nis
491 1054 654 1104 timens‚
676 1053 1004 1109 quadringentos
1027 1054 1190 1094 Tralles
1223 1053 1487 1110 (Illyriorum
1508 1053 1568 1103 id,
1591 1053 1698 1095 sicut
1727 1053 1808 1094 alio

396 1110 579 1152 diximus
608 1111 712 1161 loco,
744 1118 806 1151 est
835 1113 986 1165 genus)
1012 1118 1054 1151 et
1086 1111 1303 1152 Cretenses
1334 1119 1552 1160 trecentos,
1583 1110 1728 1151 addito
1757 1110 1807 1151 iis

395 1167 608 1222 peditibus
628 1168 719 1223 pari
740 1182 913 1207 numero
939 1167 1146 1222 equitum,
1169 1183 1264 1208 cum
1285 1167 1391 1208 duce
1412 1167 1698 1229 Athenagora,
1722 1182 1806 1207 uno

395 1238 446 1265 ex
477 1224 736 1280 purpuratis,
758 1223 813 1265 ad
833 1223 1088 1264 lacessendos
1117 1224 1301 1265 hostium
1322 1223 1484 1280 equites
1509 1223 1633 1264 mifflt.
1694 1221 1806 1264 ⁴¹¹Ab

396 1280 597 1322 Romanis
617 1286 778 1321 autem‘
800 1280 962 1332 (aberat
983 1281 1090 1321 acies
1111 1296 1253 1321 eorum
1275 1281 1417 1337 paullo
1437 1280 1533 1336 plus
1553 1281 1806 1335 quingentos

393 1340 559 1393 passus)
585 1337 730 1378 velites
759 1344 801 1378 et
832 1336 1023 1392 equitum
1054 1337 1150 1378 duae
1180 1337 1309 1378 ferme
1339 1337 1415 1378 alae
1445 1336 1627 1377 emissae:
1661 1344 1708 1377 ut
1729 1351 1806 1377 nu-

392 1408 505 1435 mero
526 1409 696 1449 quoque
723 1408 850 1449 eques
869 1393 1080 1449 pedesque
1109 1393 1269 1435 hostem
1291 1401 1518 1450 aequarent.
1581 1392 1806 1433 Credidere

391 1449 509 1505 regii,
537 1466 670 1505 genus
700 1465 869 1506 pugnae,
898 1465 983 1505 quo
1013 1449 1235 1491 adsuerant
1247 1451 1269 1500 ‘,
1290 1451 1394 1500 fore,
1416 1458 1462 1491 ut
1485 1449 1661 1505 equites,
1683 1449 1726 1489 in
1745 1448 1806 1489 vi-

391 1521 479 1547 cem
510 1506 773 1562 insequentes
803 1506 1155 1561 refugientesque,
1177 1521 1287 1546 nunc
1318 1506 1410 1547 telis
1440 1513 1673 1555 uterentur,
1693 1520 1805 1546 nunc

392 1570 510 1618 terga
540 1563 713 1610 darent;
749 1562 991 1618 Illyriorum
1022 1563 1218 1604 velocitas
1245 1563 1298 1604 ad
1329 1561 1590 1603 excursiones
1619 1569 1661 1602 et
1690 1561 1804 1617 inpe-

391 1627 460 1660 tus
496 1619 655 1661 subitos
690 1618 785 1660 usui
820 1625 940 1668 esset,
979 1620 1196 1660 Cretenses
1228 1619 1270 1659 in
1305 1619 1567 1660 invehentem
1604 1633 1645 1658 se
1675 1618 1804 1659 effuse

391 1675 552 1717 hostem
583 1675 754 1731 sagittas
784 1676 1044 1731 conjicerent.
1107 1675 1317 1716 Turbavit
1347 1676 1460 1716 hunc
1489 1675 1676 1715 ordinem
1697 1689 1804 1730 pug-

390 1732 516 1773 nandi
552 1747 634 1772 non
664 1731 809 1781 acrior,
842 1747 969 1787 quam
1000 1731 1262 1787 pertinacior,
1298 1731 1464 1787 inpetus
1501 1732 1799 1771 Romanorum.

390 1803 484 1829 nam
516 1788 630 1829 haud
661 1804 790 1837 secus,
827 1803 953 1843 quam
985 1789 1018 1828 si
1049 1796 1137 1829 tota
1166 1787 1250 1828 acie
1281 1788 1539 1837 dimicarent,
1570 1795 1610 1828 et
1643 1786 1800 1836 velites,

389 1845 547 1886 emissis
575 1845 719 1895 hastis,
741 1846 928 1885 cominus
957 1844 1107 1900 gladiis
1136 1860 1222 1885 rem
1253 1845 1466 1900 gerebant,
1489 1852 1529 1885 et
1555 1843 1730 1899 equites,
1752 1853 1800 1884 ut

391 1902 514 1942 semel
536 1901 577 1942 in
598 1901 758 1943 hostem
778 1901 908 1942 evecti
940 1909 1051 1950 sunt,
1074 1901 1280 1942 stantibus
1301 1901 1432 1956 equiS,
1454 1901 1606 1956 partim
1629 1915 1679 1940 ex
1701 1899 1800 1956 ipsis

390 1958 522 2014 equis,
551 1958 704 2015 partim
735 1957 968 1999 desilientes
996 1957 1341 2013 immiscentesque
1372 1973 1413 1998 se
1442 1956 1669 2013 peditibus,
1695 1971 1802 2012 pug-

391 2015 559 2055 nabant.
590 2016 649 2056 ita
669 2030 742 2055 nec
764 2030 889 2070 eques
910 2014 1049 2070 regius
1070 2014 1200 2070 equiti
1221 2029 1296 2070 par
1317 2022 1419 2063 erat,
1437 2014 1624 2054 insuetus
1645 2013 1698 2054 ad
1720 2021 1800 2054 sta-

390 2071 514 2112 bilem
546 2087 756 2127 pugnam,
799 2086 872 2112 nec
901 2071 1027 2127 pedes
1057 2080 1321 2112 concursator
1350 2079 1391 2112 et
1422 2085 1568 2125 vagus,
1599 2077 1640 2110 et
1669 2084 1800 2125 prope

392 2128 633 2169 seminudus
661 2143 811 2184 genere
841 2143 1065 2178 armorum,
1087 2127 1202 2168 veliti
1232 2128 1422 2168 Romano
1451 2141 1637 2183 parmam
1666 2125 1799 2181 gladi-

391 2199 546 2240 umque
576 2185 760 2235 habenti,
783 2184 1021 2241 pariterque
1051 2192 1092 2225 et
1122 2183 1176 2225 ad
1197 2199 1238 2224 se
1260 2184 1478 2233 tuendum,
1501 2191 1542 2224 et
1563 2182 1617 2223 ad
1636 2182 1797 2223 hostem

443 2287 458 2304 0
474 2290 571 2314 autem
588 2284 609 2315 1.
623 2295 688 2314 cum
702 2283 831 2314 sublatis
846 2283 1063 2326 parentheseos
1077 2282 1171 2324 signis
1188 2283 1283 2314 Gron.
1322 2279 1336 2304 f
1348 2285 1536 2313 adsueverant
1551 2282 1648 2314 Gron.
1667 2281 1758 2312 Crev-

433 2369 474 2398 38
513 2368 587 2399 Cum
624 2370 730 2409 viginti
769 2368 896 2398 millibus
931 2370 1071 2407 peditum,
1116 2367 1232 2398 dictum
1268 2371 1450 2401 memorant,
1481 2376 1541 2407 quo
1578 2364 1709 2407 primum
1745 2362 1802 2394 die

391 2417 517 2451 quatum·
539 2412 685 2457 equitum]
721 2410 770 2441 Sic
791 2410 882 2451 jussit
904 2410 966 2451 legi
993 2411 1072 2442 (ἐι-ο·
1118 2411 1327 2440 Romanorum
1350 2414 1517 2440 castrorum
1537 2407 1675 2439 ordinem
1700 2405 1796 2436 vidit:

392 2453 511 2489 novius,
540 2464 634 2494 quum
666 2452 734 2484 libri
771 2453 921 2484 haberent
949 2460 1074 2493 quatum·
1118 2453 1177 2483 Hic
1203 2454 1388 2482 barbarorum
1419 2453 1487 2481 ordo
1511 2452 1628 2481 minime
1656 2450 1795 2479 barbarus

391 2497 518 2526 millibus
540 2498 679 2535 equitum.
725 2496 842 2527 Victor.
864 2496 984 2536 ignorat
1006 2495 1073 2536 qui·
1116 2502 1167 2525 cst.
1183 2495 1267 2525 Plut.
1282 2495 1313 2525 in
1330 2493 1457 2535 Pyrrho.

392 2538 463 2570 dem
486 2538 521 2568 τὸ
541 2539 678 2573 millibus,
695 2538 748 2569 sel
766 2549 819 2581 pro
839 2547 965 2579 quatuor·
987 2538 1071 2569 exhi-
1158 2538 1196 2567 41
1222 2538 1265 2567 Ab
1286 2537 1424 2567 Romanis>
1444 2541 1541 2566 autem
1565 2533 1696 2574 (φοι-ατ]
1729 2533 1794 2564 Re-

393 2582 444 2613 bet
461 2581 576 2612 CCCC.
1139 2580 1367 2610 raesentavimus
1390 2579 1484 2609 MSS.
1506 2582 1536 2607 et
1550 2582 1622 2607 vett.
1647 2576 1796 2607 editorum

435 2625 476 2655 39
510 2624 653 2653 Ducentos
679 2624 794 2663 passus]
842 2623 925 2653 Ante
955 2623 1074 2654 Grano-
1115 2591 1291 2653 lectionem.
1337 2624 1525 2661 Quanquam
1563 2624 1642 2649 recte
1678 2618 1798 2648 videtur

393 2667 475 2697 vium
498 2666 572 2697 editi
601 2667 732 2696 ducentis
753 2668 890 2705 passibus.
936 2666 1075 2696 Correxit
1117 2665 1265 2706 suspicari
1289 2663 1460 2696 Gronovius
1482 2662 1645 2701 legendum
1670 2672 1746 2695 esse,
1761 2662 1796 2690 ab

393 2710 443 2739 ille
459 2720 494 2739 ex
511 2708 643 2739 editione
665 2708 811 2738 Androm.
860 2708 972 2738 Firmat
998 2709 1072 2739 vic·
1123 2708 1256 2739 Ronmanis
1300 2709 1384 2736 item:
1434 2716 1554 2746 nempe.
1598 2703 1797 2745 quomadmo-

394 2758 448 2781 tor.
464 2752 570 2782 codex.
617 2752 658 2782 Et
672 2751 713 2781 sic
730 2756 813 2781 amat
828 2751 911 2790 loqui
930 2751 1043 2780 Livius.
1119 2750 1192 2780 dum
1223 2749 1356 2779 fecerant
1386 2748 1585 2778 Macedones.
1633 2747 1734 2788 Vulgo
1761 2746 1797 2775 ab

437 2796 476 2823 40
515 2795 638 2834 Negasse
683 2796 868 2824 barlmrorum
912 2805 943 2822 cn
981 2799 1073 2822 eastra
1122 2793 1257 2823 Romanis
1272 2793 1482 2832 quumuberut.

395 2837 448 2865 um
474 2834 676 2877 t›i‹i‹2r1''7›0sse]
716 2837 782 2867 Hoc
806 2835 885 2866 idem
916 2846 933 2866 a
961 2835 1076 2877 Pyrrho
