1947 3222
453 140 576 177 LIB.
606 137 819 176 XXXVII.
856 137 992 173 CAP.
1021 136 1179 174 XXIII.
1458 143 1533 184 ‘297

131 263 260 297 mum,
283 256 408 304 atque
428 248 486 289 ibi
512 248 555 288 in
576 245 750 288 statione
780 259 881 296 esse,
903 259 954 286 ne
978 243 1255 343 Polgtxenidas
1285 246 1337 286 ab
1366 247 1535 302 Epheso
1551 259 1589 291 U.
1603 259 1640 290 C.
1655 259 1729 289 562.

133 313 328 346 moveret.
373 306 467 346 Rex
488 303 663 352 Elaeam,
683 302 862 343 Romani
883 309 924 342 et
947 300 1044 341 Rho
1075 301 1103 342 ii
1122 303 1291 343 Samum
1311 303 1535 345 redierunt.
1550 303 1589 333 Α·
1603 302 1640 333 C.
1659 302 1729 332 ¹²³⁰·

136 362 202 402 Ibi
226 363 288 403 M.
309 360 520 410 AEmilius,
540 359 670 399 frater
698 358 904 415 praetoris,
925 357 1111 399 decessit.
1174 358 1330 399 Rhodii
1360 359 1537 401 celebrae
1550 360 1682 391 Rhodioe
1697 369 1752 390 ¹¹²·

135 418 188 459 tis
222 417 441 474 exsequiis,
471 416 669 457 adversus
703 416 886 465 classem,
918 430 1044 471 quam
1074 414 1186 455 fama
1214 423 1302 456 erat
1334 431 1385 456 ex
1419 418 1539 472 Syria
1550 414 1602 477 ἔξ
1615 403 1745 476 ἓῗζὸξέζῃ

136 476 289 524 venire,
312 474 507 516 tredecim
538 473 622 513 suis
651 472 842 522 navibus,
864 480 905 513 et
929 487 1010 513 una
1037 473 1124 515 Coa
1153 472 1460 528 quinqueremi,
1483 473 1538 513 al-
1550 488 1706 530 Syriacam

137 540 225 573 tera
261 530 428 580 Gnidia,
458 529 674 579 Rhodum,
712 537 760 571 ut
796 529 854 570 ibi
888 528 930 569 in
970 528 1145 571 statione
1179 536 1328 579 essent,
1363 529 1539 585 profecti
1551 531 1745 573 proficiscun-

138 596 246 629 sunt.
306 586 444 628 Biduo
485 594 595 637 ante,
636 602 761 641 quarn
804 585 1024 627 Eudamus
1063 601 1157 627 cum
1198 585 1324 626 classe
1358 601 1384 626 a
1420 580 1612 627 Samom‘·

139 645 309 693 veniret,
331 643 529 684 tredecim
548 659 573 684 a
594 643 748 684 Rhodo
778 658 901 684 naves
931 658 1026 684 cum
1050 642 1317 699 Pamphilida
1344 641 1546 699 praefecto

137 701 335 742 adversus
365 701 551 742 eamdem
586 700 797 756 Syriacam
827 700 997 741 classem
1027 700 1177 749 missae,
1200 699 1404 741 adsumtis
1432 699 1548 740 navi-

137 758 216 798 bus
241 764 437 811 quatuor,
461 773 557 812 quae
580 756 716 797 Cariae
743 756 937 813 praesidio
968 763 1100 807 erant,
1122 757 1467 812 obpugnantibus
1485 771 1548 797 re-

137 813 230 869 giis,
252 813 470 854 ⁶⁶Daedala
489 822 530 855 et
551 813 745 870 quaedam
770 814 850 854 alia
869 829 1000 869 parva
1027 813 1194 854 castella
1223 813 1436 854 obsidione
1457 828 1550 853 exe-

138 878 316 912 merunt.
377 870 620 912 Eudamum
652 871 870 912 confestim
902 870 1014 911 exire
1047 870 1220 926 placuit.
1261 870 1418 911 additae
1450 869 1550 910 huic

140 942 309 983 quoque
334 935 432 969 sunt
451 928 506 969 ad
526 943 614 969 eam
644 927 828 977 classem,
849 942 976 982 quam
996 927 1192 976 habebat,
1215 942 1285 968 sex
1305 936 1461 982 apertae
1480 942 1552 968 na-

141 999 223 1024 ves.
285 984 506 1025 Profectus
535 1000 682 1040 quum,
712 992 918 1040 quantum
947 983 1180 1024 adcelerare
1208 991 1387 1039 poterat,
1417 991 1553 1024 matu-

140 1048 284 1091 rasset,
310 1041 363 1082 ad
392 1049 577 1097 portum,
606 1056 732 1097 quem
760 1040 971 1096 Megisten
1001 1049 1165 1091 vocant,
1190 1055 1440 1096 praegressos
1461 1055 1555 1080 con-

145 1097 346 1153 sequitur.
377 1097 475 1138 inde
495 1113 579 1139 uno
599 1098 764 1153 agmine
785 1096 1048 1140 Phaselidem
1079 1112 1210 1153 quum
1241 1096 1461 1147 venissent,
1482 1111 1556 1152 op-

146 1154 293 1195 timum
316 1154 451 1195 visum
472 1162 548 1204 est,
569 1154 628 1195 ibi
648 1154 810 1194 hostem
830 1153 1025 1209 opperiri.
1498 1192 1501 1194 ,

203 1211 394 1251 XXIII.
428 1211 480 1251 In
511 1211 687 1251 confinio
715 1209 860 1266 Lyciae
890 1218 932 1251 et
956 1210 1219 1267 Pamphyliae
1251 1209 1437 1252 Phaselis
1467 1218 1720 1254 estzphaselis.

146 1267 352 1323 prominet
381 1266 548 1323 penitus
574 1267 616 1307 in
646 1267 792 1315 altum,
820 1266 1159 1323 conspiciturque
1187 1267 1323 1323 prima
1351 1275 1557 1308 terrarum

148 1324 350 1364 Rhodum
382 1339 406 1364 a
438 1323 583 1364 Cilicia
616 1324 873 1380 petentibus,
905 1323 988 1364 6'‘et
1019 1324 1165 1380 procul
1194 1324 1365 1366 navium
1394 1324 1558 1380 praebet

147 1388 425 1437 prospectum.
458 1396 506 1421 eo
530 1380 723 1430 maxime,
746 1389 795 1421 ut
822 1380 864 1421 in
894 1381 1018 1422 obvio
1049 1381 1167 1422 classi
1194 1380 1378 1422 hostium
1409 1388 1558 1430 essent,

148 1438 304 1480 electus
344 1437 459 1478 locus
499 1445 572 1479 est.
650 1439 862 1488 Ceterum,
904 1437 1020 1493 quod
1066 1453 1150 1478 non
1188 1438 1479 1494 providerunt,
1519 1445 1562 1478 et

150 1494 239 1535 loco
273 1493 405 1549 gravi,
441 1501 482 1535 et
518 1502 601 1535 tem
636 1509 705 1534 ore
740 1493 850 1544 anni,
885 1493 1089 1545 (medium
1127 1495 1235 1535 enim
1266 1494 1422 1536 aestatis
1451 1497 1560 1548 erat)

150 1551 204 1591 ad
242 1551 321 1591 hoc
355 1550 522 1592 insolito
561 1509 688 1591 miore
719 1550 913 1606 ingruere
953 1550 1087 1592 morbi
1127 1551 1271 1607 vulgo,
1307 1550 1486 1592 maxime
1520 1550 1563 1590 in

150 1607 341 1662 remiges,
373 1615 601 1663 coeperunt.
634 1607 754 1663 cujus
783 1606 1031 1663 pestilentiae
1061 1617 1176 1650 metu
1206 1608 1399 1665 profecti,
1430 1623 1564 1663 quum

152 1664 556 1719 praeterveherentur
592 1663 893 1720 Pamphylium
927 1664 1079 1715 sinum,
1112 1665 1167 1705 ad
1202 1665 1563 1720 Eurymedontem

153 1735 314 1762 amnem
345 1720 521 1776 adpulsa
555 1720 696 1770 classe,
725 1720 943 1762 ⁶³audiunt
979 1721 1031 1762 ab
1063 1721 1304 1778 Aspendiis,
1337 1721 1389 1761 ad
1424 1721 1564 1762 Sidam

148 1778 238 1833 jam
276 1777 414 1818 hostes
453 1793 550 1818 esse.
628 1777 812 1818 Tardius
852 1777 1148 1833 navigaverant
1188 1778 1306 1834 regii,
1347 1776 1380 1802 ⁶⁹
1392 1778 1568 1819 adverso

155 1842 340 1889 tempore
381 1835 635 1884 Etesiarum,
678 1834 794 1890 quod
837 1834 953 1876 velut
999 1842 1154 1876 statum
1197 1834 1393 1876 Favoniis
1432 1834 1567 1876 ventis

154 1901 272 1932 esset.
333 1890 597 1932 Rhodiorum
628 1890 724 1932 duae
759 1898 801 1932 et
836 1892 1011 1947 triginta
1046 1892 1345 1948 quadriremeS,
1376 1899 1436 1933 etc
1466 1907 1568 1946 qua-

155 1955 251 1992 tuor
282 1946 468 1989 triremes
497 1947 625 1989 fuere.
688 1948 824 2003 Regia
850 1948 988 1989 classis
1024 1957 1183 2005 septem
1214 1957 1254 1990 et
1285 1948 1460 2004 triginta
1482 1963 1568 1989 ma,-

687 2038 702 2057 0
717 2042 744 2066 et
759 2035 819 2068 del.
835 2036 933 2068 Gron.
948 2036 1041 2067 Crev.

202 2111 244 2141 66
276 2111 414 2147 Doedala,
441 2119 468 2143 et
501 2113 632 2152 quoedam
667 2114 726 2143 alia
754 2125 844 2153 parva

159 2154 292 2194 castella]
328 2156 398 2185 Jac.
425 2155 598 2186 Gronovius
620 2155 694 2196 legit
715 2163 742 2187 et
765 2167 843 2197 (ματ-

160 2198 227 2226 <lam
253 2198 314 2227 alia
345 2198 451 2227 Peroeoe
478 2199 606 2229 castella.
652 2199 699 2229 Eo
727 2199 845 2230 ducunt

160 2238 284 2270 Thuan.
303 2245 334 2271 et
355 2240 473 2271 Victor.
498 2241 628 2277 codices,
652 2241 706 2281 qui
729 2242 845 2273 habent

158 2293 263 2322 perrea
286 2283 334 2313 vel
355 2294 407 2322 per
421 2295 452 2314 ea
466 2284 594 2314 castella.
638 2284 776 2315 *Peraea
799 2291 845 2315 est

162 2324 245 2365 regio
283 2325 396 2362 Cariae,
433 2337 501 2366 quae
538 2325 734 2357 Rhodiorum
767 2328 847 2369 juris

164 2373 239 2398 erat.
283 2368 358 2399 Vid.
374 2379 466 2410 supra
481 2369 644 2400 XXXIII.
662 2371 711 2400 18.

207 2410 326 2441 672⁵Et
351 2413 467 2452 procul]
503 2412 544 2442 Et
567 2412 746 2443 facultatem
769 2422 846 2454 prae—

165 2452 217 2481 bet
231 2453 434 2494 prospiciendi
448 2465 466 2485 e
479 2454 649 2496 longinquo
664 2465 769 2486 naves.

209 2495 248 2524 68
271 2497 407 2527 Andium
420 2499 455 2527 ab
471 2498 637 2538 Aspendiis]
661 2499 708 2528 Ex
725 2498 846 2538 Aspen-

168 2535 236 2571 diis,
259 2547 384 2578 quorum
408 2541 481 2570 urbs
502 2547 549 2571 est
571 2541 610 2571 ad
634 2540 846 2582 Eurymedon*

170 2583 232 2608 tem
248 2578 331 2610 haud
345 2583 451 2622 procul
467 2583 506 2612 ab
525 2583 600 2614 ostio
616 2583 759 2619 fluminis,
777 2594 849 2624 cog-

170 2628 300 2651 noscunt
312 2623 439 2661 Rhodii,
456 2625 558 2657 hostes
576 2625 642 2666 jam
666 2637 731 2657 esse
747 2626 786 2657 ad
803 2626 850 2656 Si-

172 2662 255 2699 dam,
270 2666 471 2707 propinquam
485 2669 604 2699 urbem.

215 2706 255 2736 69
269 2708 392 2745 Adverso
403 2715 524 2748 tempore
542 2712 720 2752 Etesiarum]
745 2713 851 2748 Quum

174 2748 334 2794 adversum
361 2750 397 2781 iis
418 2759 498 2782 esset
520 2760 641 2795 tempus
665 2754 850 2790 Etesiarum,

174 2790 205 2820 id
228 2796 284 2827 est,
300 2802 395 2832 quum
416 2804 451 2823 co
474 2800 606 2837 tempore
630 2797 702 2827 anni
726 2797 851 2838 naviga-

175 2839 253 2880 rent,
277 2845 337 2874 quo
363 2836 505 2868 adversos
527 2839 647 2870 Etesias
668 2844 774 2870 ventos
800 2850 852 2869 ex-

176 2881 365 2919 peruentum
397 2879 479 2920 quod
502 2880 626 2921 quidem
650 2887 769 2923 tempus
791 2887 852 2912 sta-

888 2118 954 2144 tum
977 2119 1022 2144 est
1047 2114 1189 2145 Favoniis
1206 2114 1314 2151 ventis,
1331 2114 1394 2146 sive
1408 2114 1508 2145 ventis
1531 2115 1569 2145 ab

889 2157 1013 2187 Occasu
1050 2157 1206 2192 flantibus,
1236 2157 1289 2198 qui
1325 2158 1453 2199 singulis
1483 2158 1571 2188 annis

887 2198 969 2230 circa
995 2199 1135 2230 aestivum
1158 2200 1320 2231 solstitium
1346 2211 1467 2242 surgere
1493 2200 1571 2232 inci-

887 2242 988 2284 piunt.
1034 2242 1148 2273 Etesiae
1171 2243 1255 2274 venti
1278 2250 1359 2281 sunt,
1377 2244 1430 2286 qui
1453 2254 1572 2286 semper

888 2284 997 2315 eodem
1019 2290 1154 2328 tempore
1179 2286 1251 2317 anni
1272 2292 1457 2328 exsurgunt:
1489 2287 1572 2318 unde

889 2332 919 2357 et
941 2327 1002 2358 illis
1026 2339 1148 2359 nomen.
1182 2329 1288 2364 Ξτήσως
1313 2329 1394 2360 enim
1417 2336 1463 2361 est
1485 2332 1573 2360 anni-

890 2373 1033 2401 versarius
1060 2372 1099 2402 ab
1127 2372 1190 2406 ἔτος
1220 2384 1325 2404 annus.
1371 2374 1445 2410 Qua
1471 2379 1574 2404 autem

891 2423 927 2443 ex
960 2419 1047 2455 parte
1083 2415 1156 2444 coeli
1192 2415 1317 2456 spirent,
1348 2425 1460 2456 magna
1497 2416 1575 2447 inter

891 2456 1052 2498 scriptores
1076 2458 1283 2488 controversia
1308 2464 1363 2489 est.
1409 2459 1575 2495 Cellarius,

891 2498 942 2528 lib.
961 2500 988 2529 Ι.
1013 2499 1218 2541 Geographiae
1235 2501 1393 2541 Antiquae,
1411 2512 1438 2532 e.
1454 2503 1484 2534 8.
1506 2512 1576 2543 pro-

891 2541 945 2571 bat
982 2542 1103 2572 Etesias
1137 2542 1256 2584 proprie
1283 2554 1334 2574 eos
1359 2543 1420 2575 dici
1457 2550 1574 2579 ventos,

893 2583 945 2623 qui
969 2584 1046 2614 flant
1068 2595 1105 2615 ex
1128 2596 1165 2616 ea
1190 2586 1263 2616 coeli
1284 2592 1383 2627 parte,
1406 2597 1475 2628 quae
1497 2586 1576 2616 inter

896 2627 1050 2657 Occasum
1080 2633 1110 2658 et
1140 2629 1382 2670 Septentrionem
1410 2634 1467 2665 est,
1495 2628 1575 2659 circa

894 2669 1014 2700 solstitii
1036 2676 1170 2712 tempus.
1211 2672 1305 2703 Hanc
1326 2672 1501 2713 opinionem
1523 2671 1574 2700 fir-

894 2717 960 2742 mat
981 2717 1047 2743 tum
1077 2714 1146 2744 aliis
1170 2713 1351 2745 testimoniis
1373 2714 1486 2749 allatis,
1507 2718 1572 2743 tum

894 2764 930 2784 ex
945 2755 1012 2786 Cic.
1028 2755 1067 2786 ad
1081 2757 1144 2786 Att.
1162 2757 1184 2787 l.
1201 2758 1261 2788 VI.
1276 2768 1323 2799 ep.
1339 2758 1368 2787 7.
1384 2762 1414 2786 et
1430 2756 1469 2786 ad
1486 2756 1573 2787 Fam.

895 2797 916 2827 l.
942 2799 1020 2840 XII.
1043 2809 1093 2840 ep.
1114 2801 1168 2832 25,
1190 2810 1227 2830 ex
1250 2800 1369 2834 Tacito,
1388 2799 1408 2830 l.
1428 2800 1475 2830 Π.
1491 2799 1572 2830 Hist.

896 2851 922 2871 c.
939 2842 990 2872 98.
1007 2842 1064 2873 ἃς.
