1947 3222
504 92 623 130 LIB.
653 88 849 128 XXXIII.
888 90 1018 127 CAP.
1048 91 1216 129 XXXV.
1490 99 1562 140 119

152 210 216 244 ret
247 201 411 251 liberas,
436 214 661 255 omnesque
692 198 872 239 Graecas.
934 198 1049 238 Ante
1078 199 1216 240 omnia
1245 200 1556 256 denunciatum,
1574 209 1664 242 U.C.
1676 211 1750 243 556.

154 274 205 299 ne
226 258 267 299 in
289 260 503 313 Europam
524 264 598 297 aut
618 255 706 311 ipse
727 255 933 305 transiret,
956 262 1029 295 aut
1050 255 1187 318 copias
1208 257 1425 312 trajiceret.
1481 261 1557 303 Di-
1570 252 1612 284 A·
1625 252 1664 284 C·
1677 254 1748 284 196.

153 315 286 356 missis
320 315 428 370 regis
461 312 622 369 legatis,
655 320 883 353 conventus
917 312 1106 367 gentium
1138 313 1455 371 clvitatiumque
1490 327 1552 360 est

150 372 294 414 haberi
313 378 476 426 coeptus
493 386 502 410 :
534 384 666 424 eoque
686 369 892 409 maturius
920 368 1213 424 peragebatur,
1234 369 1266 396 7¹
1281 372 1395 425 quod
1416 373 1552 416 decre-

151 438 195 470 ta
232 428 373 469 decem
412 426 645 482 legatorum
684 425 872 466 civitates
920 425 1164 466 nominatim
1208 428 1551 482 pronunciabant.

147 484 318 534 Orestis,
351 483 654 536 (Macedonum
684 497 731 523 ea
759 497 860 538 gens
890 484 971 536 est)
995 481 1111 537 quod
1139 482 1263 538 primi
1290 484 1343 525 ab
1363 500 1460 540 rege
1483 487 1552 527 de-

147 541 352 590 fecissent,
386 555 472 580 suae
504 539 615 595 leges
653 538 841 579 redditae.
903 539 1138 593 Magnetes,
1174 548 1215 581 et
1250 541 1482 593 Perrhaebi,
1513 554 1555 586 et

151 597 349 653 Dolopes,
385 596 503 637 liberi
538 611 709 652 quoque
743 595 1018 651 pronunciati.
1092 596 1389 638 Thessalorum
1423 600 1554 654 genti,

150 663 303 710 praeter
332 653 565 695 libertatem
595 668 842 703 concessam,
870 652 1013 693 Aehaei
1044 653 1257 695 Phthiotae
1277 653 1418 705 ⁷9dati,
1443 656 1557 697 The·-

147 711 211 752 bis
242 710 492 751 Phthioticis
516 718 558 752 et
594 709 794 750 Pharsalo
826 718 1012 765 excepto.
1072 710 1238 751 AEtolos
1270 711 1321 751 de
1355 712 1556 755 Pharsalo

145 776 189 809 et
210 767 405 808 Leucade
434 766 708 823 postulanteS‚
729 774 778 807 ut
798 781 851 806 ex
869 766 1026 807 foedere
1050 766 1127 807 sibi
1148 767 1480 820 restituerentur,
1502 771 1558 812 ad

148 832 338 866 senatum
367 824 612 879 rejecerunt.
669 821 957 872 ⁷³Phocenses‚
983 823 1223 874 Locrenses,
1250 833 1291 866 et
1322 840 1419 880 quae
1449 826 1556 869 sicut

146 890 243 922 ante
271 881 439 922 fuerant
468 880 644 936 adjecta,
670 879 825 920 decreti
853 879 1101 920 auctoritate
1130 880 1195 920 his
1225 882 1555 925 contribuerunt.

151 937 394 987 Corinthus,
411 950 452 978 et
475 936 713 992 Triphylia,
730 944 771 976 et
793 936 947 976 Heraea
969 935 1262 991 (Peloponnesi
1283 946 1325 978 et
1345 939 1436 994 ipsa
1455 941 1557 982 urbs

148 997 231 1049 est)
254 994 419 1036 reddita
438 992 618 1034 Achaeis.
680 994 837 1033 Oreum
864 1000 905 1033 et
927 993 1137 1033 Eretriam
1157 992 1299 1034 decem
1320 993 1446 1050 legati
1467 997 1557 1038 Eu-

147 1051 257 1091 meni
286 1051 390 1106 regi‚
419 1049 554 1091 Attali
583 1048 683 1099 filio,
711 1048 878 1090 dabant.
911 1048 1177 1090 dissentiente
1204 1050 1414 1101 Quinctio,
1440 1054 1554 1095 venit

147 1123 212 1148 res
231 1107 274 1147 in
293 1107 515 1147 arbitrium
545 1113 734 1146 senatus:
769 1113 934 1146 senatus
954 1105 1188 1147 libertatem
1217 1106 1283 1147 his
1313 1108 1554 1151 civitatibus

145 1164 277 1213 dedit,
313 1162 346 1190 ⁷4
361 1164 538 1219 Carysto
577 1162 752 1218 adjecto.
830 1161 1027 1203 Pleurato
1065 1161 1250 1218 ⁷⁵Lycus
1284 1172 1326 1205 et
1361 1165 1554 1207 Parthini

144 1219 256 1261 dati:
292 1219 534 1276 Illyriorum
556 1227 735 1275 utraque
764 1234 865 1275 gens
896 1218 974 1259 sub
1003 1218 1161 1260 ditione
1183 1220 1372 1276 Philippi
1400 1221 1551 1264 fuerat.

144 1277 470 1333 Amynandrum
499 1285 638 1317 tenere
661 1278 879 1332 jusserunt
908 1275 1090 1327 castella,
1111 1292 1208 1332 quae
1237 1292 1313 1332 per
1332 1277 1430 1319 belli
1451 1287 1554 1320 tem-

140 1348 222 1389 pus
247 1333 441 1389 Philippo
461 1342 584 1389 capta
603 1332 835 1374 ademisset.

198 1391 398 1431 XXXV.
431 1390 614 1431 Dimisso
643 1399 864 1440 conventu,
895 1389 1038 1431 decem
1066 1390 1208 1446 legati,
1235 1391 1380 1446 partiti
1410 1393 1554 1435 munia

142 1446 252 1488 inter
273 1463 329 1497 se,
351 1447 405 1488 ad
424 1447 657 1488 liberandas
677 1462 764 1487 suae
785 1446 963 1502 quisque
992 1446 1170 1502 regionis
1194 1447 1383 1489 civitates
1403 1450 1553 1491 disces-

142 1512 310 1545 serunt:
357 1505 406 1544 P.
429 1503 638 1544 Lentulus
669 1502 901 1558 Bargylias,
929 1503 980 1543 L.
1006 1503 1229 1544 Stertinius
1260 1505 1551 1560 Hephaestiam

141 1568 186 1601 et
208 1561 249 1600 T
252 1560 419 1601 hasum⁰
438 1567 480 1601 et
503 1558 696 1600 Thraciae
717 1560 855 1610 urbes,
878 1560 927 1600 P.
946 1558 1095 1600 Villius
1115 1568 1156 1600 et
1179 1559 1230 1600 L.
1250 1560 1476 1604 Terentius
1496 1563 1552 1604 ad

642 1636 658 1653 ⁰
676 1632 813 1663 Thassum
827 1632 927 1664 Gron.
944 1632 1036 1663 Crev.

143 1692 183 1722 rit
210 1692 326 1727 Livius,
351 1693 504 1723 abstineret
529 1692 624 1722 liberis
646 1700 755 1732 nempe
774 1701 824 1721 ur·
868 1700 975 1722 censes
1010 1691 1238 1732 Locrensesque
1276 1691 1343 1733 jam
1381 1692 1550 1735 antiquitus

143 1735 245 1766 bibus.
288 1736 367 1766 Haec
389 1735 470 1765 enim
492 1744 578 1765 versa
591 1739 662 1764 sunt
677 1744 715 1764 ex
731 1733 825 1775 Poly·
867 1732 1034 1764 contributi
1055 1732 1176 1764 fuerant
1197 1734 1322 1766 AEtolis.
1365 1735 1452 1776 †Sic
1468 1737 1550 1767 enim

143 1777 205 1813 bio,
235 1777 322 1818 cujus
359 1778 453 1808 verba
482 1781 554 1807 sunt
582 1777 637 1807 τᾶῐν
663 1776 826 1816 aba-oubam

143 1820 283 1861 (τὸλεων)
291 1820 478 1861 τίω-ἔχεσθαι.
501 1819 642 1860 Reliquae
653 1819 722 1850 duae
734 1819 826 1860 hujus

142 1863 203 1894 loci
229 1874 330 1900 voceS,
361 1874 507 1903 omnesque
532 1863 664 1898 Graecas,
693 1863 743 1893 vel
771 1873 821 1894 ce-

143 1906 212 1936 lant
234 1906 359 1947 aliquod
383 1907 502 1941 vitium,
526 1906 576 1937 vel
601 1911 672 1935 sunt
699 1905 822 1936 initium

144 1948 269 1979 alterius
290 1948 418 1990 periodi,
445 1949 532 1989 cujus
553 1954 707 1990 postrema
727 1949 823 1979 verba

141 1991 323 2022 exciderint.
367 1991 516 2033 Polybius
539 1991 643 2027 habet,
670 1991 723 2022 καὶ
745 1991 822 2033 τρεῖς

140 2032 248 2074 μηδένα
262 2037 408 2075 πολεμεῖν.
452 2035 492 2065 In
505 2035 648 2076 Excerpt.
666 2035 775 2075 Legat.
791 2036 822 2065 9.

186 2078 224 2107 71
251 2078 333 2112 Quod
351 2077 481 2118 decreta]
512 2077 591 2107 Haec
606 2087 682 2107 sana
699 2087 761 2107 non
776 2076 822 2107 vi-

142 2119 264 2151 dentur.
294 2119 443 2161 Polybius
455 2119 642 2160 simpliciter.
658 2119 711 2150 καὶ
725 2119 766 2151 τοὶ
776 2118 821 2150 δὸ-

138 2163 232 2200 ξαντω
246 2165 288 2204 τῷ·
301 2162 426 2206 συνεδρίῳ
440 2161 581 2202 διεσάφεν.
625 2162 719 2193 Unde
734 2162 821 2193 colli-

140 2216 212 2246 gere
230 2217 392 2247 possumus
413 2208 493 2236 hanc
514 2206 606 2236 fuisse
619 2210 753 2236 mentem
768 2205 820 2236 Li-

140 2248 193 2285 vii,
208 2256 243 2279 ut
264 2249 389 2284 diceret,
406 2260 442 2280 eo
458 2248 608 2278 maturius
628 2258 692 2277 rem
714 2258 820 2289 perac-

141 2297 207 2321 tam
226 2292 259 2322 in
280 2297 433 2323 conventu
453 2291 556 2325 fuisse,
580 2290 663 2332 quod
686 2290 728 2321 ibi
749 2301 820 2332 pro-

141 2334 370 2366 nunciabantur
394 2333 584 2366 solummodo
606 2333 731 2364 decreta
751 2333 818 2374 jam

142 2387 161 2407 a
183 2377 292 2418 legatis
312 2378 405 2408 facta.
448 2378 590 2408 Fortasse
615 2375 744 2407 dederat
764 2376 818 2406 Li-

140 2419 220 2456 vius,
243 2422 318 2461 quod
344 2422 459 2451 decreta
486 2421 580 2451 decem
604 2420 765 2460 legatorum
786 2421 819 2449 in

141 2464 270 2494 civitates
291 2465 472 2497 nominatim,
494 2462 527 2493 id
549 2467 605 2498 est,
628 2461 668 2492 de
689 2462 821 2502 singulis

142 2506 321 2537 nominatim
356 2505 542 2541 civitatibus,
581 2506 818 2544 pronunciaban-

142 2553 204 2578 tur.

184 2591 224 2620 72
247 2590 337 2632 Doti]
373 2589 549 2623 contributi
574 2589 607 2620 in
635 2601 732 2621 unum
759 2589 818 2621 rei-

143 2632 274 2674 publicae
288 2644 408 2675 corpus.

186 2675 225 2705 73
248 2676 416 2712 Phocenses,
442 2676 605 2711 Locrenses,
627 2682 654 2706 et
676 2686 740 2716 quae
761 2676 816 2705 sic-

142 2723 177 2746 ut
202 2717 284 2758 ante]
321 2719 426 2749 Scribe
451 2729 521 2749 cum
548 2718 661 2749 Ursino
685 2723 716 2748 et
737 2717 816 2749 Gro-

142 2759 250 2790 novio:
293 2760 447 2792 Phocenses
490 2761 704 2801 Locrensesque,
740 2762 816 2791 sicut

142 2808 209 2831 ante
234 2801 374 2843 fuerant,
402 2805 515 2842 adjecta
549 2805 657 2834 decreti
687 2806 816 2834 auetori-

145 2851 214 2881 ῑαιε,
238 2846 280 2875 his
294 2847 524 2876 contribuerunt.
567 2846 719 2887 *Nempe
734 2846 815 2878 Pho-

867 1776 961 1818 plane
989 1776 1148 1817 Polybius,
1175 1776 1244 1808 loco
1264 1777 1332 1818 jam
1357 1786 1546 1811 memorato:

869 1818 921 1853 «τὲς
930 1817 957 1850 δὲ
968 1819 1091 1853 Φωκέως
1104 1819 1156 1850 καὶ
1164 1820 1215 1854 φὺς
1228 1820 1335 1863 Auges
1348 1821 1550 1863 συνεχώρησαν

865 1863 963 1896 αὐτοῖς
978 1862 1067 1903 ἔχειν,
1080 1861 1224 1905 xoe-Soe'aeee
1237 1862 1315 1903 εἶχον
1331 1865 1383 1895 καὶ
1396 1864 1547 1908 vecie-teor,

865 1906 891 1936 ἒν
906 1908 943 1947 τῇ
957 1906 1166 1946 svamm-⁷254.
1202 1909 1220 1924 ᾗ
1231 1907 1340 1946 Legati
1356 1907 1479 1948 adjecta
1493 1911 1547 1939 de-

866 1949 941 1978 creti
963 1948 1144 1979 auctoritate
1163 1948 1363 1980 firmaverunt
1384 1950 1548 1991 antiquum

861 1990 914 2033 jus
928 1991 1121 2026 AEtolorum,
1135 1991 1253 2032 hosque
1273 1992 1403 2034 populos
1416 1992 1476 2023 illis
1491 1993 1545 2025 de-

866 2044 927 2064 nuo
956 2034 1198 2065 contribuerunt.
1250 2034 1393 2075 †Livius
1425 2035 1547 2067 addidit

865 2079 980 2116 adjecta
1010 2078 1118 2107 decreti
1151 2081 1338 2113 auctoritate,
1366 2082 1401 2108 ut
1429 2078 1547 2119 signifi-

866 2124 960 2155 caret,
979 2119 1104 2155 AEtolis,
1128 2126 1237 2160 praeter
1259 2120 1421 2161 antiquum
1438 2120 1492 2161 jus
1513 2122 1545 2153 in

865 2162 1044 2193 Phocenses
1070 2172 1106 2193 ac
1130 2163 1309 2199 Locrenses,
1334 2163 1451 2204 aliquid
1473 2166 1545 2196 novi

859 2204 938 2246 juris
961 2216 998 2236 ex
1020 2205 1079 2236 hoc
1101 2204 1222 2237 decreto
1245 2205 1352 2237 decem
1373 2206 1545 2248 legatorum

865 2257 1040 2279 accessisse.

908 2291 949 2321 74
973 2291 1096 2332 Carysto
1119 2292 1238 2331 adjecto.
1282 2292 1444 2334 Pleurato]
1474 2293 1543 2324 Pri-

861 2343 914 2364 ma
934 2333 1028 2364 editio
1049 2333 1175 2364 habuit:
1201 2335 1314 2364 Caristo
1335 2345 1369 2364 ac
1386 2337 1542 2367 Pleurato.

861 2376 1016 2407 Mendose
1042 2377 1148 2418 procul
1177 2376 1280 2407 dubio.
1331 2377 1392 2409 Sed
1419 2378 1541 2409 dubita-

861 2429 932 2449 mus
958 2429 998 2449 an
1022 2418 1151 2450 feliciter
1176 2418 1233 2450 hoc
1263 2420 1374 2449 vulnus
1401 2427 1541 2452 curatum

863 2461 913 2492 sit.
958 2462 1128 2498 Cor-rector,
1157 2461 1296 2502 quisquis
1325 2462 1378 2493 ille
1409 2463 1459 2499 sit,
1488 2474 1539 2494 ex-

861 2503 970 2546 pressit
992 2514 1115 2535 sensum
1128 2504 1261 2546 Polybii,
1278 2515 1387 2547 nempe
1410 2506 1541 2547 Carysto

861 2557 984 2588 quoque
1012 2547 1091 2583 urbi,
1115 2547 1374 2587 quemadmodum
1401 2549 1482 2579 Oreo
1509 2553 1541 2578 et

861 2590 1003 2626 Eretriae,
1039 2589 1213 2620 libertatem
1246 2600 1266 2620 a
1292 2596 1400 2620 senatu
1434 2590 1540 2621 datam

861 2642 938 2663 esse.
982 2631 1044 2663 Sed
1066 2642 1127 2663 non
1149 2631 1239 2663 facile
1259 2632 1478 2663 crediderimus
1492 2632 1539 2663 his

858 2674 960 2705 verbis
981 2675 1070 2706 illum
1084 2685 1105 2706 a
1117 2674 1204 2706 Livio
1218 2685 1341 2705 sensum
1362 2684 1538 2716 expressum

860 2717 964 2748 fuisse.

902 2761 943 2791 75
966 2760 1082 2801 Lycus]
1111 2758 1243 2792 Videtur
1257 2758 1424 2800 legendum
1438 2758 1536 2801 Lych-

858 2804 946 2834 nidus
961 2813 1000 2834 ex
1015 2802 1156 2844 Polybio.

942 2888 1006 2926 14
