1947 3222
531 92 652 129 LIB.
683 89 874 128 XXXIV.
913 91 1047 128 CAP.
1080 92 1146 128 lv.
1464 93 1542 134 >137

137 201 237 254 quid
255 202 322 250 sit,
343 207 508 256 propter
535 201 641 254 quod
662 204 860 239 matronae
888 204 1151 240 consternata:
1175 204 1479 252 procurrerunt*
1500 202 1543 242 in
1559 209 1597 241 U.
1610 208 1645 240 C.
1660 209 1734 240 557.

130 258 349 312 publicum,
367 272 414 299 ac
433 258 610 312 vixfhro
629 270 672 298 se
691 262 729 296 et
748 257 935 297 concione
954 256 1155 297 abstinent
1163 255 1188 295 ’ἢ
1248 257 1302 297 Ut
1320 259 1475 310 captivi
1493 258 1544 298 ab
1558 251 1647 284 A.C..
1664 252 1733 283 195.

138 315 382 356 Hannibale
414 316 665 356 redimantur
685 321 892 367 parentes,
918 314 1012 362 viri,
1038 313 1174 363 liberi,
1184 313 1352 366 fratres
1381 319 1543 356 earum?

138 373 292 413 Procul
319 372 448 412 abest.-
479 371 658 425 absitque
686 385 852 424 semper,
879 372 976 411 talis
988 370 1170 425 fortuna
1199 369 1441 422 reipublicce.
1477 374 1548 412 sed

138 436 284 477 tamen,
307 443 421 482 quum
434 428 544 481 fuit,
568 429 743 482 negastis
762 428 833 468 hoc
855 429 945 480 piis
966 426 1154 481 precibus
1180 441 1324 467 earum.
1387 428 1445 467 At
1465 442 1544 468 non

127 487 267 539 pietas
282 500 351 525 nec
365 486 587 526 sollicitudo
596 500 677 538 pro
691 486 787 535 suis,
804 486 874 525 sed
888 486 1047 538 religio,
1063 485 1323 537 congregavit
1336 498 1415 524 eas.
1448 485 1545 524 Ma-

137 549 235 583 trem
260 543 428 593 Idceam,
454 557 480 582 a
506 544 747 583 Pessinunte
776 557 825 582 ea*
850 543 1038 596 Phrygia
1068 542 1297 588 venientem,
1324 547 1546 594 acceptura·

136 605 237 640 sunt,
304 599 417 642 Quid
435 600 636 640 honestum
667 601 777 640 dictu
796 601 934 640 saltem
955 599 1148 640 seditioni
1169 599 1444 651 praetenditur
1463 612 1546 638 mu-

137 656 284 697 liebri?
321 656 353 680 ¹⁹
368 657 422 698 Ut
451 671 552 697 auro
581 663 619 697 et
640 671 830 710 purpura
842 657 1092 710 fulgeamus,
1119 657 1273 709 inquit;
1305 661 1349 696 ut
1378 669 1547 709 carpen-

136 713 336 767 tis,fi²stis
357 714 628 768 profestisque
653 714 803 764 diebus,
826 715 930 754 velut
955 714 1244 766 triumphantes
1263 714 1312 753 de
1334 713 1420 767 lege
1439 713 1548 754 victa

135 776 175 811 et
203 770 416 825 abrogata,
440 778 478 812 et
501 772 632 823 captis
661 777 700 811 et
730 772 876 824 ereptis
905 771 1116 827 siff-agiis
1145 771 1300 820 vestris,
1316 783 1395 822 per
1413 769 1546 810 urbem

135 834 349 868 vectemur:
380 826 414 851 ²⁰
422 843 471 869 ne
490 829 593 868 ullus
613 829 748 868 mod-us
767 828 971 877 sumtibus,
993 829 1056 868 ne¹
1076 829 1250 868 luxuriae
1268 828 1337 868 sit.

196 885 271 926 IV.
303 886 418 938 Saepe
446 900 505 926 me
534 892 756 939 querentem
787 886 836 924 de
847 884 1116 939 feminarum,
1143 898 1248 937 soepc
1278 886 1327 925 de
1356 885 1544 933 virorum,

134 956 205 982 nec
237 943 286 982 de
313 944 567 996 privatorum
601 943 728 990 modo,
756 942 826 982 sed
853 943 974 982 etiam
1005 943 1327 995 magistratuum,
1359 942 1548 983 sumtibus

136 999 331 1047 audistis,·
362 1000 604 1053 diversisque
624 999 770 1039 duobus
790 999 915 1048 vitiis,
938 999 1121 1040 avaritia
1143 1005 1180 1038 et
1202 999 1379 1046 luxuria,
1402 1000 1548 1040 civita-

135 1062 211 1096 tem
241 1056 449 1097 laborare:
485 1070 573 1110 quce
594 1062 727 1109 pestes
761 1057 896 1096 omnia
927 1069 1074 1110 magna
1107 1056 1279 1108 imperia
1310 1061 1548 1097 everterunt.

134 1112 282 1153 ²1Haec
302 1128 384 1167 ego,
403 1127 478 1167 quo
497 1114 637 1154 melior
656 1114 864 1167 laetiorque
886 1114 930 1153 in
946 1114 1031 1154 dies
1033 1113 1215 1167 fortuna
1232 1113 1463 1166 reipublicae
1479 1120 1550 1164 est,

135 1171 421 1224 imperiumque
439 1171 592 1218 crescit,
610 1169 747 1223 etjam
769 1172 812 1211 in
838 1171 1037 1211 Groeciam
1060 1170 1281 1224 Asiamque
1300 1172 1551 1211 transcendi·

135 1241 231 1277 mus,
250 1228 428 1268 omnibus
447 1228 660 1268 libidinum
683 1228 888 1269 inlecebris
908 1230 1098 1281 repletas,
1120 1234 1158 1268 et
1179 1229 1314 1282 regias
1334 1228 1455 1268 etiam
1476 1229 1551 1268 ad-

135 1290 348 1326 trectamus
361 1300 505 1340 gazas,
522 1300 567 1326 eo
581 1286 675 1338 plus
693 1286 848 1333 horreo,
867 1300 916 1326 ne
937 1286 1021 1325 illce
1041 1286 1169 1339 magis
1189 1300 1252 1326 res
1267 1299 1338 1326 nos
1357 1286 1549 1339 ceperint,

135 1355 253 1395 quam
288 1356 358 1383 nos
387 1344 494 1383 illas.
534 1342 736 1397 ²²infhsta,
774 1343 875 1383 mihi
908 1344 1072 1393 credite,
1102 1344 1222 1397 signa
1257 1342 1309 1382 ab
1343 1342 1552 1397 Syracusis

134 1400 268 1440 inlata
296 1406 388 1441 sunt
422 1401 514 1441 huic
547 1400 649 1440 urbi.
679 1398 773 1453 jam
813 1401 934 1440 nimis
964 1401 1105 1441 multos
1138 1400 1266 1441 audio·
1293 1400 1485 1441 Corinthi
1513 1407 1552 1440 et

133 1456 382 1497 Athenarum
403 1463 638 1498 ornamenta
659 1458 870 1498 laudantes
890 1458 1171 1511 mirantesque,
1190 1463 1228 1498 et
1247 1456 1549 1510 ⁶‘'³antgfi'mafic-

135 1514 232 1553 tilia
255 1514 432 1554 Deorum
457 1514 725 1555 Romanorum
754 1515 945 1554 ridentes.
1005 1515 1101 1568 Ego
1131 1514 1202 1555 hos
1221 1515 1326 1554 malo
1351 1515 1550 1567 propitios

135 1570 248 1611 Deos
254 1592 269 1616 ;
301 1578 339 1611 et
360 1572 421 1611 ita
441 1586 555 1624 spero
560 1571 745 1626 futuros,
762 1571 799 1611 si
819 1572 862 1612 in
883 1572 965 1611 suis
979 1585 1141 1612 manere
1159 1571 1315 1612 sedibus
1328 1572 1548 1624 patiemur.

135 1627 309 1668 Patrum
330 1634 550 1669 nostrorum
567 1630 758 1668 memoria
773 1642 853 1680 per
870 1629 1043 1682 legatum
1068 1629 1235 1669 Cineam
1252 1629 1450 1682 Pyrrhus,
1469 1642 1549 1668 non

134 1685 309 1725 virorum
329 1687 454 1734 modo,
470 1687 541 1726 sed
558 1686 679 1726 etiam
700 1686 905 1726 mulierum
927 1686 1082 1726 animos
1098 1686 1214 1726 donis
1229 1686 1420 1725 tentavit.
1451 1699 1548 1725 non-

133 1741 224 1781 dum
244 1742 310 1782 lex
332 1742 469 1795 Oppia
489 1743 547 1782 ad
564 1743 816 1783 coercendam
845 1743 1048 1783 luxuriam
1070 1742 1298 1783 muliebrem
1326 1743 1414 1782 lata
1436 1748 1546 1783 erat.-

132 1804 264 1838 tamen
286 1800 398 1839 nulla
419 1801 585 1853 accepit.
649 1799 780 1848 Quam
803 1800 1132 1854 caussamfuisse
1154 1801 1348 1840 censetis?
1389 1801 1546 1841 Eadem

121 1855 228 1910 fuit,
246 1870 334 1910 quce
354 1856 570 1911 majoribus
583 1858 730 1898 nostris
745 1857 851 1898 nihil
866 1859 915 1897 de
929 1857 1006 1898 hac
1025 1872 1069 1898 re
1084 1858 1169 1912 lege
1182 1857 1405 1898 sanciendi.
1432 1858 1546 1897 nulla

132 1919 222 1953 erat
250 1914 430 1965 luxuria,
452 1928 540 1968 quce
564 1917 821 1955 coerceretur.
881 1914 993 1956 Sicut
1021 1921 1118 1956 ante
1147 1914 1298 1955 morbos
1318 1928 1469 1956 necesse
1488 1921 1547 1956 est

131 1970 312 2022 cognitos
332 1985 425 2020 esse,
443 1986 560 2026 quam
581 1972 757 2012 remedia
778 1985 908 2012 eorum
916 1994 931 2017 ,·
963 1972 1022 2013 sic
1040 1972 1284 2026 cupiditates
1297 1972 1418 2023 prius
1437 1978 1546 2012 natae

131 2032 234 2074 sunt,
258 2041 375 2081 quam
404 2029 522 2083 leges,
543 2042 632 2083 quae
652 2030 705 2070 iis
724 2030 878 2070 modum
885 2029 1092 2084 facerent.
1156 2029 1266 2077 Quid
1283 2027 1445 2082 ²⁴legem
1466 2029 1544 2070 Li-

131 2084 280 2124 ciniam
311 2085 503 2126 excitavit
532 2088 581 2126 de
610 2087 841 2140 quingentis
855 2084 1085 2141 jugeribus,
1114 2087 1198 2127 nisi
1228 2086 1368 2139 ingens
1396 2086 1543 2139 cupido

133 2153 253 2195 agros
280 2143 576 2183 continuandi?
612 2142 724 2192 Quid
741 2143 901 2198 ²⁵legem
926 2143 1108 2184 Cinciam
1139 2145 1189 2184 de
1214 2143 1332 2184 donis
1351 2148 1390 2183 et
1410 2157 1542 2184 mune-

298 2237 307 2261 i
320 2248 497 2282 procurrant
512 2242 609 2274 Gron.
625 2227 717 2274 (Ξῖ-εν.
803 2241 822 2266 k
835 2244 995 2274 abstineant
1009 2243 1100 2274 Eaed.
1185 2241 1195 2267 l
1213 2254 1262 2274 nec
1279 2242 1366 2274 Eaed.

180 2326 217 2357 19
249 2327 289 2357 Ut
317 2339 390 2358 auro
417 2334 445 2358 et
473 2339 606 2367 purpura
625 2328 811 2369 fulgeamus,

134 2370 245 2411 inquit]
273 2371 401 2413 Supple,
416 2370 562 2412 quaelibet
583 2381 600 2401 e
623 2371 811 2402 mulieribus.

133 2411 210 2484 1νιθ.
232 2412 362 2444 similem
384 2413 530 2455 loquendi
553 2414 682 2445 formam
709 2424 811 2456 supra,

149 2475 158 2484 .
202 2455 229 2485 Ι.
245 2465 274 2486 c.
293 2457 344 2487 40.

175 2497 217 2527 20
254 2498 300 2528 Ne
335 2500 416 2530 ullus
449 2502 549 2530 modus
575 2501 744 2539 sumptibus,
760 2511 812 2530 uec

137 2538 263 2569 luxurioe
289 2542 342 2582 sit]
384 2543 576 2584 Elegantius,
602 2554 638 2572 ne
667 2543 812 2573 luaurioe:

133 2581 216 2652 'tllntssod
230 2582 334 2620 habet,
351 2589 428 2616 teste
441 2587 459 2617 J
464 2596 512 2616 ac.
528 2585 695 2621 Gronovio,
712 2585 809 2616 codex

184 2634 256 2655 uan.

175 2666 215 2696 21
239 2668 313 2699 Haec
334 2680 384 2710 ego
407 2692 416 2701 .
439 2693 447 2700 .
471 2692 480 2701 .
504 2682 535 2701 eo
554 2672 621 2711 plus
644 2671 752 2706 horreo,
775 2682 811 2702 ne

133 2708 197 2737 illoe
219 2731 227 2739 .
244 2731 253 2740 .
270 2732 279 2741 .
299 2712 358 2752 res]
399 2712 576 2744 Sufficiebat
597 2714 645 2744 vel
669 2715 738 2749 haec,
760 2714 808 2744 vel

131 2751 196 2781 ille
218 2762 271 2783 res.
315 2754 377 2785 Sed
398 2761 519 2798 propter
533 2756 700 2798 longiorem
714 2756 808 2787 inter-

130 2793 261 2834 positam
288 2796 445 2836 periodum
471 2798 587 2835 Livius,
614 2805 649 2830 ut
674 2799 808 2830 claritati

131 2836 310 2873 consuleret,
328 2838 486 2871 addendas
504 2841 553 2873 vel
568 2852 607 2873 ex
620 2852 808 2884 supervacuo
849 2844 1004 2881 pecuniam
1055 2844 1196 2872 donumve
1244 2842 1381 2880 accipiat,

856 2329 944 2360 duxit
960 2328 1038 2360 duas
1053 2328 1232 2370 posteriores
1246 2328 1383 2360 voculas.

897 2373 938 2402 22
962 2372 1075 2413 Infesta
1101 2393 1109 2402 .
1133 2393 1142 2402 .
1165 2394 1173 2402 .
1196 2373 1279 2414 signa
1304 2372 1340 2402 ab
1367 2372 1536 2414 Syracusis]

856 2414 952 2445 Ludit
972 2415 1005 2445 in
1027 2414 1229 2456 ambiguitate
1253 2414 1335 2445 vocis
1356 2416 1451 2456 sigua,
1466 2426 1535 2456 quae

855 2462 886 2487 et
908 2457 997 2498 signa
1021 2457 1177 2493 militaria,
1200 2462 1232 2488 et
1259 2462 1377 2488 statuas
1399 2457 1536 2489 denotat.

856 2500 980 2531 Statuas
1003 2510 1096 2541 quam
1126 2499 1275 2542 plurimas
1299 2501 1470 2531 Marcellus
1495 2502 1534 2531 ab

857 2542 1016 2584 Syracusis
1030 2543 1165 2574 Romam
1180 2542 1404 2584 deportaverat.

894 2587 936 2616 23
960 2586 1110 2627 Antefixa]
1155 2585 1230 2617 Vid.
1251 2591 1316 2616 not·
1341 2586 1381 2616 ad
1407 2585 1532 2618 XXVI.

896 2672 937 2701 24
961 2671 1067 2713 Legem
1090 2671 1252 2712 Liciniam]
1284 2670 1356 2702 Vid.
1381 2670 1403 2700 l.
1424 2670 1485 2701 VI.
1504 2681 1533 2703 e.

895 2757 936 2787 25
970 2756 1075 2798 Legem
1115 2756 1263 2796 Cinciam]
1312 2755 1379 2789 Qua
1413 2762 1533 2786 cavetur

852 2800 1026 2840 antiquitus,
1050 2811 1085 2830 ne
1107 2801 1170 2839 quis
1194 2800 1226 2829 ob
1251 2809 1368 2828 eausam
1392 2800 1531 2829 orandam

1432 2841 1531 2882 inquit
