1947 3222
160 274 201 306 U.
217 276 252 306 C.
265 274 342 306 560.

159 317 202 349 A.
216 318 254 349 C.
269 318 339 348 1953.

162 360 326 396 Quinctius

159 402 270 434 frustra

159 441 328 486 Ma'gnetas

159 491 269 520 tentat.

144 1634 210 1665 Res
221 1635 331 1666 Italiae.

371 159 448 194 224
885 155 1026 194 ΤῙΤΙ
1066 154 1236 194 LIVII
1281 170 1286 176 ·

374 263 541 304 veniens
559 263 751 315 navibus,
771 264 814 305 in
838 264 1047 306 Chalcidis
1069 265 1234 320 Euripo
1256 264 1436 305 Eumeni
1469 264 1558 319 regi
1584 264 1782 306 obcurrit.

376 320 556 370 Placuit,
587 321 838 377 quingentos
868 321 1019 362 milites
1053 321 1236 376 praesidii
1273 336 1418 362 caussa
1447 321 1627 377 relinqui
1660 321 1784 362 Chal-

373 377 464 418 cide
484 377 538 418 ab
559 377 748 418 Eumene
776 393 896 433 rege:
933 378 1072 432 ipsum
1094 377 1285 418 Athenas
1305 378 1376 419 ire.
1439 377 1676 427 QuinctiUS,
1698 393 1784 433 quo

372 433 585 488 profectus
619 442 722 483 erat,
760 433 1070 474 Demetriadem
1107 434 1346 480 contendit3
1390 443 1506 475 ratus
1542 433 1784 475 Chalcidem

370 489 588 532 liberatam
619 490 817 531 momenti
847 489 1006 545 aliquid
1037 490 1152 545 apud
1175 491 1398 545 Magnetas
1427 491 1482 531 ad
1516 491 1783 546 repetendam

371 547 614 588 societatem
632 548 863 587 Romanam
884 546 1102 587 facturam.
1164 547 1238 595 Et,
1260 556 1308 588 ut
1336 547 1520 603 praesidii
1541 547 1701 603 aliquid
1725 563 1785 588 es-

369 611 431 645 set
467 619 553 645 suae
592 602 723 658 partis
757 602 1010 652 hominibus,
1047 603 1243 644 Eunomo
1276 605 1447 658 praetori
1485 604 1784 645 Thessalorum

368 660 546 716 scripsit,
571 666 617 700 ut
638 667 815 700 armaret
832 659 1117 714 juventutem,
1139 667 1181 700 et
1203 658 1375 700 Villium
1397 660 1449 701 ad
1473 660 1783 702 Demetriadem

367 716 568 778 praemisit
597 716 651 756 ad
681 716 902 757 tentandos
928 715 1109 756 animos:
1142 731 1225 756 non
1255 716 1388 765 aliter,
1410 717 1488 758 nisi
1517 733 1614 773 pars
1643 717 1786 773 aliqua

366 772 581 814 inclinaret
617 772 671 813 ad
703 780 939 829 respectum
973 772 1161 828 pristinae
1197 772 1417 822 societatis,
1446 789 1531 815 rem
1567 774 1786 829 adgressu-

364 843 449 869 rus.
511 829 660 871 Villius
685 829 979 885 quinqueremi
1014 844 1119 870 nave
1139 828 1172 853 ⁵5
1185 829 1239 870 ad
1268 829 1422 870 ostium
1456 839 1605 886 portus
1633 839 1695 872 est
1725 830 1786 871 in-

363 894 521 927 vectus.
583 887 649 927 Eo
679 886 912 927 multitudo
944 887 1197 942 Magnetum
1232 886 1366 927 omnis
1386 902 1518 942 quum
1551 902 1593 927 se
1614 887 1784 928 effudis-

363 950 440 992 set,
462 942 658 999 quaesivit
681 943 845 992 Villius,
877 951 1022 984 utrum
1059 942 1113 983 ad
1148 942 1315 992 amicos,
1347 958 1398 984 an
1431 943 1486 983 ad
1520 943 1674 993 hostes,
1697 959 1782 984 sese

362 999 521 1040 venisse
551 999 753 1041 mallent?
786 999 1022 1056 Respondit
1051 999 1376 1055 Magnetarches
1408 1000 1692 1056 EurylochuS,
1715 1000 1785 1041 Ad

360 1057 509 1097 amicos
524 1057 675 1097 venisse
691 1071 774 1097 enm
785 1075 796 1096 :
818 1059 888 1098 sed
901 1057 1121 1098 abstineret
1132 1063 1268 1110 portu,
1283 1063 1321 1098 et
1335 1057 1485 1097 sineret
1498 1059 1723 1111 Magnetas
1739 1059 1783 1098 in

359 1115 576 1154 concordia
597 1121 635 1154 et
654 1114 844 1154 libertate
859 1128 952 1163 esse,
970 1128 1040 1154 nec
1054 1128 1133 1166 per
1147 1115 1354 1167 conloquii
1370 1115 1538 1166 speciem
1560 1115 1783 1156 multitudi-

360 1183 446 1210 nem
459 1172 714 1212 sollicitaret.
746 1170 980 1212 Altercatio
996 1170 1107 1220 inde,
1122 1186 1204 1211 non
1218 1185 1365 1220 sermo,
1379 1170 1480 1212 fuit:
1504 1186 1637 1226 quum
1652 1171 1780 1213 ³⁶Ro.

359 1242 507 1269 manus
528 1236 576 1269 ut
601 1227 786 1283 ingratos
806 1228 1038 1283 increparet
1061 1228 1299 1283 Magnetas,
1321 1227 1654 1284 inminentesque
1673 1243 1779 1284 prae-

358 1283 515 1326 diceret
545 1284 705 1325 clades:
738 1284 970 1326 multitudo
998 1284 1272 1340 obstreperet,
1294 1299 1406 1325 nunc
1437 1292 1642 1335 senatum,
1668 1301 1778 1327 nunc

360 1341 604 1390 Quinctium
626 1341 870 1382 accusando.
893 1340 954 1382 ita
972 1340 1092 1381 irrito
1106 1340 1273 1397 incepto
1290 1340 1442 1382 Villius
1458 1341 1511 1382 ad
1534 1342 1777 1391 Quinctium

358 1412 444 1438 sese
473 1398 642 1454 recepit.
703 1399 765 1439 At
793 1397 1029 1448 QuinctiUS,
1051 1397 1203 1439 nuncio
1232 1398 1287 1438 ad
1316 1406 1538 1453 praetorem
1568 1398 1707 1449 misso,
1729 1408 1778 1440 ut

357 1453 576 1496 reduceret
597 1455 768 1496 domum
790 1454 944 1510 copias,
965 1455 1054 1510 ipse
1075 1455 1253 1496 navibus
1276 1454 1528 1495 Corinthum
1548 1455 1687 1497 rediit.

417 1511 512 1552 XL.
537 1511 820 1556 Abstulerunt
843 1526 908 1551 me
928 1511 1045 1552 velut
1066 1510 1118 1551 de
1139 1510 1274 1567 spatio
1297 1511 1474 1552 Graeciae
1503 1527 1568 1552 res
1587 1512 1778 1554 inmixta.²

360 1567 585 1609 Romanis:
617 1583 701 1609 non
721 1567 821 1623 quia
849 1567 961 1623 ipsas
990 1583 1128 1623 operae
1157 1567 1341 1624 pretium
1370 1577 1478 1610 esset
1507 1569 1775 1625 perscribere,

359 1625 430 1666 sed
451 1624 553 1681 quia
573 1640 728 1666 caussae
749 1625 920 1666 fuerunt
953 1640 1047 1665 cum
1070 1625 1284 1666 Antiocho
1304 1624 1415 1666 belli.
1473 1624 1508 1652 ³⁷
1523 1625 1778 1668 Consulibus

358 1681 600 1737 designatis,
625 1681 741 1732 (inde
775 1696 956 1736 namque
991 1681 1262 1736 diverteram)
1295 1681 1347 1722 L.
1371 1682 1594 1732 Quinctius
1624 1691 1665 1724 et
1698 1685 1774 1725 Cn.

359 1738 572 1779 Domitius
605 1738 793 1779 consules
824 1738 867 1778 in
904 1737 1137 1793 provincias
1172 1738 1347 1794 profecti
1385 1748 1505 1781 sunt:
1555 1740 1778 1789 Quinctius

356 1794 397 1835 in
421 1795 617 1851 Ligures,
640 1794 853 1836 Domitius
874 1794 1073 1835 adversus
1095 1795 1231 1836 Boios.
1293 1795 1386 1836 Boii
1407 1796 1681 1851 quieverunt:
1715 1805 1776 1838 at-

356 1867 439 1907 que
460 1851 584 1893 etiam
607 1860 773 1893 senatus
793 1867 935 1892 eorum
958 1867 1055 1892 cum
1084 1851 1237 1901 liberis,
1260 1860 1301 1893 et
1332 1853 1519 1907 praefecti
1541 1867 1636 1893 cum
1659 1854 1776 1909 equi-

357 1916 449 1949 tatu
473 1908 655 1960 (summa
675 1909 860 1949 omnium
882 1907 994 1948 mille
1015 1917 1055 1949 et
1078 1908 1318 1964 quingenti)
1342 1909 1498 1950 consuli
1521 1908 1773 1951 dediderunt

355 1980 453 2006 sese.
515 1966 587 2006 Ab
622 1965 753 2006 altero
787 1965 954 2006 consule
984 1980 1083 2020 ager
1114 1965 1323 2021 Ligurum
1360 1965 1442 2006 late
1477 1974 1539 2007 est
1571 1974 1773 2016 vastatus,

355 2021 607 2078 castellaque
627 2022 790 2078 aliquot
811 2030 956 2077 capta:
989 2021 1101 2062 unde
1123 2037 1202 2062 non
1234 2023 1379 2078 praeda
1408 2022 1532 2064 modo
1553 2022 1685 2064 omnis
1705 2039 1775 2079 ge-

355 2078 464 2119 neris
494 2094 587 2120 cum
620 2078 795 2134 captivis
825 2087 960 2135 parta,
983 2078 1053 2119 sed
1088 2078 1242 2135 recepti
1274 2095 1445 2136 quoque
1475 2079 1635 2135 aliquot
1665 2080 1774 2121 cives

358 2132 556 2191 sociique,
574 2136 648 2191 qui
670 2136 712 2176 in
733 2136 917 2177 hostium
938 2143 1145 2191 potestate
1165 2136 1343 2178 fuerant.
1389 2136 1551 2178 Eodem
1572 2137 1650 2178 hoc
1666 2152 1774 2178 anno

360 2193 562 2233 Vibonem
590 2193 750 2233 colonia
770 2192 952 2234 deducta
982 2200 1041 2234 est
1073 2201 1146 2233 ex‘¹
1168 2193 1525 2235 senatusconsulto
1553 2193 1773 2249 plebeique

358 2248 472 2290 scito.
506 2249 585 2290 tria
614 2249 744 2290 millia
763 2257 804 2290 et
826 2249 1075 2305 septingenti
1107 2249 1269 2305 pedites
1290 2250 1442 2299 ierunt,
1465 2250 1636 2291 trecenti
1659 2250 1774 2304 equi-

358 2313 432 2346 tes.
495 2305 727 2347 Triumviri
755 2306 1022 2347 deduxerunt
1053 2321 1136 2357 eos,
1160 2308 1208 2356 Q.
1232 2307 1421 2357 Naevius,
1452 2307 1514 2347 M.
1539 2305 1770 2357 Minucius,

884 2391 900 2416 ‘l
914 2399 945 2418 ex
961 2387 1024 2418 del.
1041 2389 1140 2419 Gron.
1156 2388 1248 2420 Crev.

400 2468 441 2498 35
465 2467 512 2497 Ad
534 2468 637 2497 ostium
658 2467 774 2508 portus]
800 2468 873 2498 Non
890 2467 1042 2507 ingressus

356 2514 402 2540 est
430 2515 551 2551 portum
576 2510 748 2547 Romanus,
771 2511 824 2541 scil
855 2517 975 2540 tantum
1004 2509 1043 2540 ad

357 2559 469 2583 ostium
486 2559 624 2583 accessit.

400 2596 441 2626 36
466 2596 613 2625 Romanus
639 2602 672 2625 m
699 2595 842 2636 ingruens]
868 2595 955 2625 Male
977 2606 1042 2625 om-

357 2638 430 2669 nino
445 2638 571 2679 quidam
587 2637 661 2668 editi
677 2645 708 2667 ut
724 2641 858 2677 integros.
890 2639 963 2668 Jam
977 2648 1041 2668 cor·

358 2687 477 2712 rexerat
512 2692 550 2712 cx
583 2681 759 2722 conjectura
794 2681 953 2719 Sigonius:
994 2681 1041 2710 fir-

359 2730 445 2754 mant
471 2723 605 2754 Andreae
634 2723 728 2754 editio
755 2729 785 2753 et
812 2723 894 2753 xict.
924 2722 1039 2753 codex:

359 2767 408 2797 hic
434 2767 526 2797 etiam
549 2766 661 2797 omittit
685 2766 868 2808 particulam
895 2772 948 2799 nt.·
979 2766 1042 2796 ele-

360 2817 476 2850 gauter.

403 2854 441 2883 37
469 2853 640 2883 Consulibus
661 2849 816 2893 designatis
837 2873 844 2880 .
862 2873 870 2881 .
890 2851 926 2881 L.
945 2852 1041 2886 Quin-

361 2897 418 2925 tius
446 2902 471 2926 c!
505 2898 559 2926 Cn.
585 2897 730 2927 Domitius
757 2895 883 2925 consules
911 2895 941 2925 in
975 2905 1041 2933 pro-

1086 2468 1210 2508 vincius]
1237 2468 1314 2498 Haec
1337 2477 1411 2498 sane
1434 2466 1589 2498 conciliari
1616 2477 1677 2498 non
1703 2478 1772 2509 pos-

1087 2516 1156 2541 sunt
1174 2521 1243 2541 cum
1265 2510 1302 2540 iis
1316 2520 1384 2549 quae
1406 2520 1497 2551 supra
1513 2520 1539 2540 c.
1554 2511 1606 2540 22.
1624 2517 1653 2540 et
1677 2521 1704 2541 c.
1719 2512 1772 2542 224.

1088 2553 1223 2583 narravit
1239 2552 1356 2583 Livius.
1401 2553 1469 2582 lllic
1489 2553 1568 2582 enim
1594 2553 1684 2583 ambo
1699 2564 1770 2584 con-

1087 2596 1169 2626 sules
1191 2595 1301 2625 diserte
1328 2602 1535 2625 memorantur
1560 2596 1685 2637 profecti
1710 2597 1771 2638 pri-

1087 2649 1137 2668 mo
1165 2639 1197 2668 in
1222 2637 1413 2678 provinciam
1450 2648 1522 2669 mox
1551 2638 1698 2674 Quintius
1730 2640 1768 2670 ad

1087 2681 1232 2711 habenda
1264 2680 1387 2709 comitia
1423 2692 1569 2711 novorum
1605 2681 1767 2713 consulum

1087 2730 1246 2754 revocatus
1264 2722 1408 2754 Romam.
1456 2724 1591 2765 Reliqua
1611 2725 1715 2756 confer
1730 2736 1767 2755 ex

1087 2766 1142 2796 hoc
1170 2765 1236 2796 loco
1262 2775 1331 2796 cum
1360 2776 1387 2795 c.
1403 2768 1456 2796 22.
1481 2777 1515 2797 ac
1543 2767 1648 2808 procul
1674 2766 1767 2798 dubio

1086 2807 1295 2850 deprehendes
1325 2808 1372 2839 liic
1400 2820 1459 2839 non
1490 2810 1650 2843 immerito.
1676 2809 1706 2840 in
1736 2820 1766 2839 re

1085 2850 1209 2892 quidem
1239 2851 1333 2887 tenui,
1357 2853 1442 2893 argui
1464 2862 1552 2894 posse
1575 2852 1696 2884 Livium
1721 2851 1767 2883 in—

1085 2894 1263 2935 diligentiae.
