1947 3222
197 231 241 306 :³20²

251 232 291 307 ,οφ

301 233 375 308 ἐξ

404 121 478 155 324
954 115 1067 154 TIT
1082 112 1099 153 1
1145 116 1179 153 L
1195 116 1259 154 IV
1272 117 1290 154 1
1307 116 1324 153 I

404 225 518 266 sociis
545 225 697 273 vestris,
728 225 823 266 alios
855 231 996 278 praeter
1025 227 1183 266 modum
1218 225 1442 274 extollatis3
1484 226 1555 265 sed
1583 225 1716 276 etiam,
1746 241 1810 278 ne,

403 282 511 338 ⁵⁵qui
532 284 720 324 adversus
747 297 813 323 vos
843 296 958 323 arma
987 283 1157 332 tulerint,
1179 283 1234 322 111ι
1253 283 1410 323 meliore
1438 288 1548 322 statu
1576 282 1667 331 sint,
1688 297 1809 338 quam

405 341 499 380 socii
518 346 557 380 et
577 340 696 381 amici
713 339 844 381 vestri.
907 339 1025 388 Quod
1054 340 1109 379 ad
1138 354 1199 379 me
1219 340 1385 389 adtinet,
1407 340 1449 379 in
1468 339 1560 380 aliis
1587 340 1700 381 rebus
1728 354 1808 381 ces-

404 397 504 438 sisse
531 398 638 438 intra
655 397 784 462 finem
801 396 907 451 juris
935 397 1013 436 mei
1042 396 1195 436 cuilibet
1222 397 1348 438 videri
1377 397 1525 446 malim,
1547 411 1667 452 quam
1695 396 1810 437 nimis

402 455 662 507 pertinaciter,
699 455 738 494 in
772 454 980 494 obtinendo
1012 467 1057 492 eo
1090 454 1316 502 tetendisse,·
1356 454 1398 494 in
1432 454 1641 495 certamine
1675 460 1809 494 autem

406 512 586 552 amicitiae
613 517 780 558 nostrcefl,
813 509 1088 550 benevolentiae
1117 524 1217 574 erga
1246 525 1325 560 vos,
1358 511 1524 560 honoris,
1547 511 1618 566 qui
1647 524 1674 550 a
1702 511 1809 552 vobis

406 569 621 616 habebitur,
644 567 805 608 minime
824 580 932 620 aequo
953 567 1082 607 animo
1102 567 1203 607 vinci
1227 581 1404 631 possum.
1466 568 1589 609 Hanc
1618 582 1692 622 ego
1721 582 1810 609 ma·

403 628 552 666 mimam
573 624 843 665 haereditatem
864 637 889 663 a
907 631 1024 676 patre
1043 624 1190 675 accepi,
1212 624 1280 678 qui
1307 624 1457 676 primus
1477 625 1650 665 omnium
1670 626 1810 666 Asiam

408 683 683 735 Graeciamque
710 680 960 722 incolentium
989 681 1029 721 in
1059 681 1277 720 amicitiam
1304 687 1475 722 vestram
1503 682 1618 731 venit,
1645 696 1810 736 eamque

402 745 590 792 perpetua
620 745 656 778 et
685 738 880 778 constanti
897 737 988 788 fide
1016 739 1072 777 ad
1102 744 1319 778 extremum
1327 738 1456 788 finem
1485 739 1576 779 vitoe
1599 739 1810 791 perduxit:

404 810 472 836 nec
500 798 712 836 dumtaxat
741 795 940 836 animum¹
961 795 1070 836 vobis
1099 796 1239 835 bonum
1268 809 1316 835 ac
1331 794 1498 846 fidelem
1526 796 1719 847 praestitit,
1739 799 1810 838 sed

402 854 579 893 omnibus
607 851 783 904 interfuit
813 851 934 900 bellis,
957 866 1045 906 quce
1072 852 1111 891 in
1145 851 1303 892 Graecia
1330 851 1530 906 gessistiS,
1553 854 1808 904 terrestribus,

403 911 652 958 navalibus&-
689 910 797 950 omni
823 923 968 964 genere
996 915 1280 950 commeatuum
1308 909 1379 958 ita,
1410 915 1451 949 ut
1480 923 1594 949 nemo
1621 909 1811 952 sociorum

402 973 618 1009 vestrorum
646 966 791 1021 aequari
823 966 906 1007 ulla
937 973 1052 1019 parte
1083 972 1228 1019 posset,
1263 980 1329 1007 vos
1362 965 1528 1020 adjuvit.
1601 967 1810 1008 Postremo

402 1039 521 1080 quum
552 1025 712 1065 Boeotos
741 1025 795 1064 ad
823 1024 1046 1064 societatem
1077 1031 1250 1064 vestram
1273 1023 1544 1072 hortareturi,
1531 1037 1572 1064 zn
1599 1023 1691 1075 ipsa
1720 1039 1810 1066 con·

403 1083 510 1123 cione
540 1083 828 1130 intermortuus,
865 1082 974 1121 haud
1004 1081 1130 1121 multo
1159 1087 1247 1133 post
1281 1081 1512 1133 exspiravit.
1576 1079 1706 1135 Hujus
1734 1096 1812 1137 ego

403 1140 572 1195 vestigia
592 1139 809 1193 ingressus,
834 1137 1028 1179 voluntati
1056 1139 1212 1191 quidem
1228 1144 1264 1177 et
1292 1138 1423 1178 studio
1443 1137 1484 1177 in
1503 1137 1677 1179 colendis
1700 1139 1811 1180 vobis

404 1195 575 1251 adjicere
597 1195 762 1247 (etenim
790 1195 1126 1247 inexsuperabilia
1158 1195 1236 1235 hcec
1260 1197 1390 1249 erant)
1412 1195 1509 1235 nihil
1533 1196 1664 1247 potui:
1695 1197 1812 1237 rebus

403 1254 498 1306 ipsis
527 1253 753 1306 meritisque
772 1259 808 1292 et
833 1252 1003 1304 inpensis
1023 1250 1232 1307 officiorum
1259 1259 1302 1292 ut
1330 1265 1512 1303 superare
1539 1266 1707 1304 possem,
1720 1252 1811 1305 for-

404 1318 511 1360 tuna,
544 1319 732 1363 tempora,
768 1309 996 1358 Antiochus,
1019 1317 1055 1349 et
1085 1309 1224 1350 bellum
1254 1310 1294 1349 in
1323 1309 1421 1350 Asia
1447 1315 1604 1364 gestum
1632 1311 1810 1362 prcebue-

402 1375 492 1409 runt
513 1368 738 1408 materiam.
799 1366 892 1407 Rex
912 1367 1019 1407 Asioe
1039 1373 1075 1407 et
1105 1367 1231 1419 partis
1257 1367 1426 1418 Europae
1449 1366 1658 1407 Antiochus
1672 1367 1810 1418 filiam

401 1439 515 1466 suam
536 1425 577 1464 in
597 1424 891 1465 matrimonium
913 1424 1008 1463 mihi
1028 1425 1152 1465 dabat
1159 1447 1174 1470 ;
1207 1424 1438 1463 restituebat
1460 1424 1654 1475 extemplo
1673 1425 1810 1466 civita-

402 1489 473 1529 tes,
497 1495 585 1538 quae
604 1479 830 1533 defecerant
850 1496 876 1520 a
896 1481 1028 1530 nobis,·
1058 1495 1167 1533 spem
1187 1494 1377 1535 magnam
1400 1480 1439 1520 in
1466 1487 1665 1533 posterum
1683 1481 1811 1522 5611111-

397 1539 604 1592 ρῖζῇεαηάὶ
621 1539 736 1593 regni
743 1537 941 1590 faciebat,
963 1539 996 1578 si
1021 1553 1150 1579 secum
1181 1538 1366 1578 adversus
1394 1551 1460 1578 vos
1489 1538 1635 1578 bellum
1661 1541 1810 1593 gessis-

401 1611 492 1637 sem.
555 1596 645 1637 Non
672 1595 875 1650 gloriabor
906 1610 964 1645 eo,
985 1597 1086 1650 quod
1116 1595 1212 1636 nihil
1230 1596 1271 1635 in
1291 1609 1358 1635 vos
1378 1595 1619 1648 deliquerim.
1648 1596 1722 1636 illa
1741 1611 1811 1649 po-

403 1654 492 1704 tius,
514 1667 600 1708 quoe
618 1652 920 1693 ⁵⁷vetustissima
941 1655 1075 1693 domus
1096 1659 1236 1693 nostrae
1258 1652 1454 1692 vobiscum
1483 1653 1664 1693 amicitia
1683 1655 1812 1708 digna

401 1717 503 1759 sunt,
527 1708 713 1762 referam.
771 1710 1030 1751 Pedestribus
1060 1710 1348 1763 navalibusque
1377 1709 1510 1760 copiis,
1532 1716 1575 1749 ut
1595 1724 1708 1751 nemo
1728 1726 1810 1752 ves-

406 1775 556 1808 trorum
590 1767 780 1808 sociorum
817 1782 876 1807 me
914 1768 1161 1821 (equiparare
1198 1772 1338 1819 posset,
1376 1766 1629 1817 imperatores
1667 1775 1812 1810 vestros

405 1823 561 1878 adjuvi.-
593 1831 834 1864 commeatus
864 1831 968 1864 terra
988 1824 1166 1877 marique
1185 1823 1452 1875 suppeditavi:
1483 1824 1688 1865 navalibus
1706 1839 1810 1876 proe-

405 1882 479 1930 liis,
516 1895 601 1936 quae
631 1881 764 1921 multis
796 1881 886 1921 locis
909 1879 1030 1932 sucta
1063 1888 1165 1929 sunt,
1199 1880 1378 1920 omnibus
1407 1879 1542 1931 adfici5
1586 1895 1655 1921 nec
1685 1881 1811 1923 labori

404 1953 499 1985 meo,
531 1953 601 1978 nec
629 1938 799 1990 periculo
834 1952 996 1992 usquam
1025 1938 1190 1990 peperci.
1254 1938 1367 1984 Quod
1399 1938 1652 1977 miserrimum
1682 1946 1741 1979 est
1770 1941 1811 1980 in

404 1996 518 2045 bello,
539 1996 778 2036 obsidionem
796 2009 937 2047 passus
957 2010 1051 2044 sum,
1079 1995 1272 2048 Pergami
1294 1994 1458 2034 inclusus
1480 2009 1566 2034 cum
1590 1996 1810 2037 discrimine

405 2053 541 2093 ultimo
560 2053 678 2093 simul
705 2053 798 2094 vitae
817 2053 1019 2107 regnique.
1066 2052 1275 2092 Liberatus
1301 2052 1441 2091 deinde
1459 2051 1670 2101 obsidione,
1693 2067 1809 2107 quum

404 2111 486 2150 alia
515 2117 630 2162 parte
651 2110 883 2158 Antiochus,
907 2110 990 2149 alia
1015 2109 1194 2150 Seleucus
1215 2109 1318 2149 circa
1340 2123 1470 2148 arcem
1490 2109 1605 2163 regni
1624 2112 1701 2150 mei
1722 2124 1808 2150 cas-

404 2174 467 2207 tra
496 2168 692 2216 haberent,
723 2167 872 2207 relictis
899 2168 1044 2215 rebus2,
1069 2173 1150 2207 tota
1180 2166 1304 2206 classe
1335 2167 1390 2205 ad
1427 2165 1724 2218 Hellespontum
1758 2167 1807 2208 L.

444 2241 453 2260 ῐ
472 2241 502 2269 in
517 2239 577 2269 del.
593 2240 688 2270 Gron.
705 2240 798 2270 Crev.
885 2242 900 2259 ¹¹
916 2245 1014 2269 vestra>
1030 2239 1117 2269 Eaed.

402 2283 567 2322 valtbnsque
584 2281 670 2312 l-jaed.
757 2286 774 2302 2
791 2283 871 2312 rebus
886 2283 954 2311 meis
969 2282 1062 2312 (ΣΙ-εν.

1204 2242 1220 2259 Χ
1234 2240 1365 2269 animum
1381 2240 1524 2269 duntaxat
1542 2238 1628 2270 Eaed.
1723 2244 1738 2268 Υ
1756 2253 1807 2270 na-

447 2350 588 2384 55‘Q112·
622 2352 756 2380 adr-ersus
800 2361 845 2379 vos
888 2361 971 2380 arma
1009 2352 1082 2380 tule-
1128 2349 1280 2381 sententia
1295 2349 1402 2380 iisdem
1417 2359 1492 2391 pene
1509 2349 1606 2380 verbis
1620 2350 1755 2382 iteratur.

400 2394 479 2434 rint]
518 2393 620 2423 Primo
645 2392 806 2423 mallemus
830 2393 972 2422 tulerunt.
1019 2393 1082 2423 De-
1171 2394 1213 2424 56
1241 2393 1462 2433 Ampliat-andi]
1501 2393 1603 2433 Major
1629 2394 1808 2435 scriptorum

404 2435 486 2470 inde,
511 2435 593 2476 quod
623 2434 661 2465 ad
685 2446 746 2465 rem
771 2436 867 2476 ips-un
892 2436 1013 2470 attinet,
1038 2435 1085 2466 hic

404 2477 603 2519 designantur
626 2477 764 2508 civitates
788 2480 918 2513 (iraecae,
946 2489 1016 2518 quae
1039 2488 1084 2507 so-

402 2520 458 2551 ciae
485 2520 630 2550 Antiochi
658 2520 800 2555 suerunt3
832 2530 973 2562 quas-que,
1000 2520 1025 2550 si
1055 2521 1085 2550 in

403 2563 575 2594 libertatem
608 2562 814 2598 restituantur,
845 2565 1003 2604 praemium
1030 2562 1084 2594 ha-

403 2606 522 2637 bebunt
545 2605 618 2636 belli
646 2604 791 2635 adversus
817 2606 973 2636 Romanos
997 2606 1084 2645 gesti,

403 2649 587 2683 libertatem,
610 2648 683 2678 dum
710 2648 773 2689 ipse
800 2648 963 2683 Eumenes,
987 2648 1087 2678 socius

402 2698 434 2722 et
460 2692 576 2723 amicus
601 2689 704 2738 populi
729 2690 872 2724 Romani,
898 2701 950 2732 pro
972 2696 1017 2720 tot
1039 2690 1082 2720 la-

404 2735 528 2765 boribus
568 2733 720 2782 periculis,
757 2732 873 2762 nullam
912 2733 1083 2763 mercedem

403 2777 521 2812 reseret,
549 2787 604 2806 111,·1
635 2781 808 2806 vastitatem
837 2775 920 2815 regni
947 2775 1004 2809 5111,
1032 2785 1083 2805 ex-

404 2818 529 2850 1131151115
565 2829 647 2861 opes,
686 2819 844 2848 toleratam
882 2817 1084 2851 obsidionem,

403 2869 459 2892 els'.
521 2863 555 2892 1Ὶῖ
587 2863 644 2891 fille
675 2872 724 2891 01⁰⁸
719 2860 818 2891 tionis
848 2870 953 2890 980011]
986 2871 1049 2891 Ι“,81.1Γ
1038 2871 1086 2889 8118·

1130 2446 1210 2476 pars,
1226 2437 1396 2474 ampliandi.

1174 2479 1213 2507 57
1243 2478 1435 2508 I‘etustimnm
1464 2478 1562 2507 damus
1592 2485 1693 2509 nostroe
1720 2482 1808 2511 vohis-

1128 2531 1194 2550 cum
1216 2520 1359 2560 amicitia]
1393 2520 1540 2551 Amicitia
1565 2520 1619 2551 illa
1639 2522 1678 2552 ab
1702 2523 1810 2554 Attalo

1132 2563 1277 2592 Eumenis
1312 2569 1397 2604 patre
1433 2569 1536 2604 coepta
1565 2570 1640 2599 erat,
1669 2574 1729 2595 non
1765 2566 1808 2597 ita

1130 2605 1241 2635 multos
1263 2611 1333 2635 ante
1356 2615 1462 2635 annos.
1520 2606 1581 2636 Sed
1607 2607 1759 2642 nimirum.
1783 2609 1807 2639 si

1131 2647 1275 2689 respicias
1289 2654 1405 2678 ceteros
1423 2648 1503 2678 Asiae
1520 2649 1710 2691 oraeciaeque
1723 2660 1808 2691 reges

1128 2696 1159 2721 et
1187 2691 1325 2731 populos,
1356 2691 1470 2731 primus
1505 2692 1641 2722 omnium
1670 2694 1806 2730 Attalus,

1129 2738 1162 2762 ut
1184 2743 1275 2774 supra
1298 2733 1476 2764 memoravit
1499 2734 1661 2773 Eumenes,
1677 2736 1708 2766 in
1731 2736 1808 2766 ami-

1127 2774 1230 2805 citiam
1264 2775 1471 2806 Romanorum
1506 2783 1645 2807 venerat:
1684 2785 1715 2809 et
1751 2778 1807 2809 hoc

1129 2827 1219 2847 sensu
1247 2821 1432 2849 vetustissima
1459 2819 1507 2850 hic
1530 2819 1641 2850 dicitur
1665 2821 1807 2852 Attalica:

1130 2871 1146 2888 n:
1141 2860 1237 2890 ’11111115
1252 2871 1321 2890 cum
1340 2861 1488 2893 Romanis
1502 2862 1647 2894 amicitia.
