1947 3222
166 278 208 314 U.
222 282 259 313 C.
271 282 343 314 563.

378 164 451 198 348
908 155 1263 194 T1T1L1V11

377 267 477 323 pati.
538 266 701 307 Eodem
731 274 772 308 et
798 265 1043 316 Athenaeus,
1065 265 1268 306 Eumenis
1295 274 1336 305 et
1367 262 1502 305 Attali
1531 263 1674 315 frater,
1696 279 1791 306 cum

164 325 253 357 A.C.
272 326 343 356 189.
379 323 567 366 Cretensi
599 323 737 365 Leuso
766 331 807 364 et
845 324 1030 377 Corrago
1064 321 1296 362 Macedone
1325 321 1450 361 venit.
1491 320 1603 361 mille
1632 320 1793 377 pedites

375 380 603 422 mixtarum
632 380 821 435 gentium
846 389 886 420 et
917 386 1121 421 trecentos
1151 378 1312 433 equites
1342 392 1480 418 secum
1510 376 1791 418 adduxerunt.

379 437 551 487 Consul,
574 437 744 478 tribuno
764 436 945 477 militum
966 434 1089 474 misso
1116 449 1210 474 cum
1232 434 1393 475 modica
1413 449 1555 484 manu,
1577 433 1793 475 castellum

377 494 418 534 vi
440 499 631 551 captum*
654 491 1017 534 Alabandensibus
1047 489 1196 531 reddit.
1228 490 1331 546 ipse,
1351 489 1455 531 nihil
1476 490 1543 531 via
1567 491 1792 546 digressus,

163 549 438 597 Maeanderetady
474 549 738 591 Antiochiam
780 563 904 604 super
944 546 1213 587 Maeandrum
1253 562 1414 588 amnem
1454 548 1595 604 posuit
1645 555 1791 588 castra.

164 598 315 629 Celaenae.

163 784 309 831 Marsyas

162 835 272 858 amnis.

378 607 522 663 Hujus
543 606 674 647 amnis
695 606 830 646 fontes
854 603 1029 645 Celaenis
1059 603 1264 644 oriuntur.
1327 603 1505 644 Celaenae
1535 605 1636 645 urbs
1666 611 1792 660 caput

373 663 589 719 quondam
621 661 820 717 Phrygiae
850 660 944 701 fuit.
975 660 1203 715 migratum
1229 659 1326 700 inde
1346 660 1461 700 haud
1481 661 1627 716 procul
1647 660 1796 701 veteri-

374 720 455 760 bus
487 719 678 768 Celaenis,
710 732 913 772 novaeque
944 717 1039 758 urbi
1079 718 1276 772 Apameae
1310 731 1459 757 nomen
1490 717 1670 758 inditum
1700 716 1794 758 ⁴³³ab

378 777 580 832 Apamea,
617 790 754 816 sorore
792 774 953 815 Seleuci
987 773 1110 828 regis·
1184 773 1243 814 Et
1282 772 1475 828 Marsyas
1504 774 1648 824 amnis,
1679 773 1796 815 haud

376 833 522 888 procul
557 849 581 873 a
618 831 829 873 Maeandri
864 831 1053 872 fontibus
1088 830 1239 879 oriens,
1275 829 1316 871 in
1359 829 1628 871 Maeandrum
1669 830 1792 875 cadit.

379 890 592 946 Famaque
613 890 673 930 ita
694 897 821 937 tenet,
842 886 1018 929 Celaenis
1038 885 1254 942 Marsyam
1272 902 1368 927 cum
1386 886 1580 942 Apolline
1597 886 1796 928 tibiarum

376 954 502 988 cantu
524 954 711 987 certasse.
770 944 1004 994 Maeander,
1022 959 1073 985 ex
1090 958 1182 984 arce
1205 959 1366 984 summa
1383 943 1644 984 Celaenarum
1665 952 1797 994 ortus,

376 1003 514 1044 media
541 1004 645 1044 urbe
672 1003 910 1051 decurrens,
932 1016 1006 1057 per
1039 1002 1167 1041 Caras
1195 1000 1394 1055 primum,
1417 1000 1566 1041 deinde
1596 1001 1734 1050 Ionas,
1756 999 1799 1041 in

376 1061 513 1100 sinum
535 1060 660 1100 maris
681 1059 835 1107 editur,
859 1058 932 1117 qui
952 1057 1060 1098 inter
1090 1057 1286 1098 Prieneny
1308 1066 1348 1098 et
1374 1057 1571 1098 Miletum
1592 1065 1665 1098 est.
1728 1057 1799 1098 Ad

378 1117 645 1158 Antiochiam
674 1117 717 1157 in
749 1123 884 1156 castra
911 1114 1090 1155 consulis
1125 1114 1336 1165 Seleucus,
1370 1114 1568 1155 Antiochi
1598 1114 1724 1164 filius,
1745 1129 1797 1155 ex

377 1173 534 1214 foedere
555 1173 638 1215 icto
668 1187 763 1213 cum
795 1171 1000 1227 Scipione,
1023 1170 1076 1211 ad
1097 1170 1357 1212 frumentum
1385 1171 1586 1212 exercitui
1612 1170 1799 1212 dandum

378 1230 502 1271 venit.
580 1232 716 1271 Parva
746 1227 993 1284 disceptatio
1024 1227 1077 1268 de
1115 1227 1248 1268 Attali
1283 1228 1558 1269 auxiliaribus
1588 1237 1680 1268 orta
1709 1236 1796 1276 est;

377 1286 510 1343 quod,
534 1288 724 1328 Romano
746 1292 911 1327 tantum
942 1284 1081 1334 militi,
1103 1293 1275 1340 pactum
1309 1285 1580 1334 Antiochum,
1602 1292 1650 1325 ut
1681 1284 1798 1325 dare-

379 1353 450 1386 tur
484 1345 759 1392 frumentum,
802 1341 999 1382 Seleucus
1033 1340 1210 1382 dicebat.
1271 1340 1513 1383 “Discussa
1547 1356 1593 1381 ea
1629 1356 1800 1396 quoque

378 1409 440 1442 est
482 1401 715 1442 constantia
754 1398 949 1448 consulis,
991 1398 1065 1453 qui
1104 1397 1316 1440 ‘²⁵dimisso
1356 1399 1526 1440 tribuno
1566 1397 1712 1448 edixit,
1748 1413 1800 1438 ne

380 1457 560 1498 Romani
591 1457 741 1498 milites
774 1455 1021 1511 acciperent,
1053 1454 1297 1510 priusquam
1335 1455 1468 1496 Attali
1499 1454 1655 1495 auxilia
1689 1469 1797 1495 acce-

379 1515 548 1570 pissent.
612 1513 719 1554 Inde
749 1512 801 1553 ad
832 1511 1190 1561 ‘ffiGot-dit1tichos,
1222 1513 1338 1567 quod
1368 1520 1532 1562 vocant,
1563 1526 1799 1567 processum

379 1580 453 1612 est.
477 1587 528 1612 ex
549 1587 597 1612 eo
618 1571 708 1611 loco
728 1569 782 1610 ad
805 1569 945 1610 Tabas
966 1567 1100 1610 tertiis
1127 1570 1272 1610 castris
1294 1578 1552 1626 perventum.
1583 1569 1627 1608 in
1647 1568 1802 1609 finibus

382 1628 619 1669 Pisidarum
641 1627 779 1684 posita
799 1635 859 1667 est
882 1626 996 1675 urbs,
1018 1624 1059 1665 in
1082 1641 1129 1666 ea
1153 1633 1286 1681 parte,
1309 1642 1406 1683 quae
1433 1625 1566 1681 vergit
1596 1625 1650 1665 ad
1678 1626 1802 1665 Pam-

381 1685 572 1741 phylium
596 1700 720 1725 mare.
782 1683 1006 1738 ‘¹⁷Integris
1038 1682 1196 1723 viribus
1226 1683 1404 1740 regionis
1434 1684 1538 1738 ejuS,
1560 1682 1717 1723 feroces
1746 1681 1800 1722 ad

381 1742 622 1782 bellandum
643 1741 824 1781 habebat
856 1739 977 1780 viros.
1041 1740 1155 1779 Tum
1184 1755 1353 1796 quoque
1381 1741 1557 1796 equites,
1580 1739 1622 1779 in
1652 1753 1802 1794 agmen

383 1800 622 1839 Romanum
653 1798 871 1853 eruptione
901 1796 1026 1844 facta,
1048 1796 1163 1836 haud
1193 1798 1353 1837 modice
1375 1797 1509 1852 primo
1538 1796 1683 1851 inpetu
1715 1804 1803 1836 tur-

381 1856 532 1896 bavere
548 1872 556 1896 :
588 1855 753 1904 deinde,
771 1862 818 1894 ut
840 1852 1050 1908 adparuit,
1067 1867 1141 1892 nec
1158 1867 1331 1894 numero
1347 1869 1403 1903 se,
1419 1868 1494 1893 nec
1511 1852 1667 1893 virtute
1683 1866 1803 1907 pares

381 1928 482 1962 esse,
518 1912 560 1952 in
592 1912 738 1952 urbem
770 1908 986 1965 compulsi,
1024 1909 1185 1949 veniam
1221 1911 1370 1951 erroris
1404 1909 1617 1965 petebant,
1652 1908 1802 1949 dedere

381 1969 528 2009 urbem
557 1969 704 2024 parati.
728 1967 955 2023 '¹⁸quinque
985 1975 1026 2007 et
1058 1966 1208 2021 viginti
1240 1967 1396 2008 talenta
1423 1966 1598 2021 argenti,
1630 1973 1669 2006 et
1692 1964 1802 2005 49ὀο-

379 2041 469 2066 ccm
491 2025 620 2066 millia
640 2024 899 2065 medimnum
927 2023 1054 2064 tritici
1076 2022 1289 2079 imperata.
1321 2024 1379 2065 ita
1400 2023 1442 2064 in
1463 2022 1717 2064 deditionem
1738 2037 1803 2063 ac-

381 2083 504 2138 cepti.

442 2140 567 2180 XIV.
601 2138 749 2179 Tertio
789 2137 886 2178 inde
925 2137 991 2177 die
1026 2136 1080 2177 ad
1122 2137 1286 2178 Chaum
1326 2152 1488 2178 amnem
1528 2147 1798 2192 perventum:

381 2196 478 2236 inde
508 2196 684 2251 profecti
717 2196 887 2236 Erizam
920 2194 1065 2235 urbem
1095 2193 1230 2249 primo
1265 2194 1410 2250 inpetu
1446 2201 1657 2250 ceperunt.
1731 2192 1800 2232 Ad

383 2252 632 2293 Thabusion
663 2252 893 2302 castellum,
924 2251 1128 2292 inminens
1158 2251 1319 2293 flumini
1354 2251 1476 2302 Indo,
1507 2258 1678 2291 ventum
1709 2258 1796 2296 est;

745 2330 762 2346 Χ
778 2333 923 2366 recpptnm
941 2326 1031 2357 Crev.

425 2391 466 2421 43
490 2391 534 2420 Ab
560 2390 686 2428 Apamea
712 2400 803 2419 sorore
829 2389 956 2430 Seleuci]
1004 2388 1072 2418 Imo

383 2444 476 2464 uxore
514 2432 645 2466 Seleuci,
676 2432 739 2462 filia
777 2432 935 2466 Artabazi,
974 2439 1071 2461 matre

383 2475 529 2506 Antiochi
566 2475 690 2511 Soteris,
727 2474 779 2515 qui
813 2474 952 2505 eonditor
989 2473 1072 2504 urbis

384 2519 537 2560 Apameae
568 2518 634 2548 snit.
687 2518 763 2548 llazc
792 2523 920 2548 testatur
948 2517 1069 2552 Strabo,

384 2562 408 2593 l.
421 2562 499 2592 xil.
515 2572 546 2602 p.
563 2561 636 2591 578.

427 2605 468 2634 44
496 2605 630 2634 Discussa
655 2614 688 2632 ca
714 2614 821 2643 «pinque
847 2609 885 2633 cst
911 2603 1072 2633 conflantia

385 2648 523 2688 consulis]
555 2648 662 2683 Quum
687 2645 725 2675 de
750 2646 836 2675 nulla
863 2645 924 2676 alia
950 2644 1070 2686 discep-

385 2691 500 2721 tatione
524 2689 638 2720 mentio
664 2698 802 2729 superins
829 2693 909 2718 tacta
937 2687 986 2721 sit,
1011 2698 1071 2717 non

385 2739 431 2763 est
448 2732 496 2763 liic
514 2732 598 2763 locus
620 2730 781 2773 particulae
796 2741 913 2770 quoqne.
963 2730 1071 2770 ltaque

385 2787 421 2806 (ῆι
445 2781 499 2806 aut
521 2775 698 2809 recidenda,
723 2779 777 2804 ant
799 2772 991 2803 immutanda
1013 2779 1068 2803 cst.

429 2820 469 2850 45
496 2819 616 2848 Dimisso
641 2817 771 2857 tribuna]
802 2817 861 2847 l'el·
886 2815 1019 2855 legiones
1041 2822 1071 2845 ct

386 2872 512 2902 corpora
535 2861 696 2891 exercitus.
750 2859 854 2898 Magis
877 2863 979 2888 tamen
1005 2857 1070 2899 pla-

387 2910 435 2933 ret
452 2906 540 2939 urina,
557 2903 639 2945 qnod
655 2903 747 2934 habet
763 2902 843 2933 tici.
860 2901 944 2932 liber.

1161 2331 1178 2355 Υ
1195 2327 1331 2357 Prienem
1346 2327 1443 2358 Gron.

1160 2389 1201 2420 46
1225 2389 1440 2424 Gordiutichos,
1476 2389 1549 2428 quod
1584 2385 1702 2426 incant]
1748 2385 1799 2416 Sic

1117 2432 1294 2462 emendavit
1324 2431 1509 2463 Gronovius,
1563 2429 1652 2459 Prius
1674 2429 1798 2469 legeba-

1117 2480 1176 2509 tur,
1212 2486 1280 2515 quos
1314 2480 1432 2505 vocant:
1476 2472 1569 2503 male.
1628 2472 1683 2502 list
1717 2472 1798 2502 enim

1116 2517 1227 2560 Γορδίου
1254 2519 1366 2558 τεῖχος,
1395 2515 1477 2547 urbis
1506 2525 1628 2549 nomen,
1656 2525 1716 2544 non
1744 2525 1799 2556 po-

1115 2561 1191 2602 puli.

1159 2604 1198 2633 47
1229 2603 1355 2642 Integris
1389 2600 1514 2641 viribus]
1569 2599 1666 2636 Olim,
1704 2609 1800 2640 quum

1115 2645 1241 2685 integrm
1256 2646 1334 2675 vires
1348 2650 1459 2675 essent.

1160 2690 1199 2718 48
1225 2689 1360 2727 Quinque
1383 2693 1409 2717 ct
1432 2687 1534 2726 viginti
1559 2685 1686 2725 talenta]
1711 2685 1798 2715 Mar-

1116 2741 1161 2761 cae
1191 2730 1309 2771 argenti
1339 2736 1489 2759 nostrates
1517 2729 1612 2759 2343.
1641 2739 1711 2758 vum
1741 2737 1796 2757 un-

1114 2773 1169 2803 viis
1183 2775 1213 2803 6.

1159 2817 1198 2845 41)
1224 2816 1326 2845 Dea-vm
1363 2816 1453 2844 millia
1491 2813 1680 2852 nwdimnnim]
1728 2813 1797 2844 Mo-

1116 2858 1158 2889 ‹lit
1177 2858 1309 2888 Rotnani
1325 2859 1440 2888 (innon.
1458 2863 1607 2888 nostrates
1620 2857 1733 2887 116250.

1929 2996 1931 3007 -
1928 2903 1931 2988 η-ᾼφ
1930 2846 1933 2892 —
1921 2746 1934 2822 ,⁴7—
