1947 3222
548 117 614 155 LI
630 117 673 156 B.
702 116 789 154 XL.
828 117 858 152 C
872 118 902 154 Α
918 118 958 155 Ρ.
988 119 1158 156 XXXV.
1484 127 1559 162 485

136 226 446 284 Thermopylas
476 227 779 282 depugnasset:
813 225 1106 282 locaveratque
1136 228 1246 269 idem
1283 245 1334 270 ex
1373 239 1558 273 senatus-
1569 244 1607 275 U.
1620 244 1659 276 C.
1672 246 1745 276 571.

134 285 338 328 consulto.
400 285 482 325 Per
501 283 667 330 eosdem
698 282 800 334 diCS,
822 283 979 339 quibus
999 283 1066 324 hae
1087 284 1197 324 aedes
1218 286 1422 328 dedicatae
1443 287 1607 340 sunt,A-
1622 287 1746 319 0181.

135 344 187 384 L.
207 341 410 383 AEmilius
426 339 600 382 Paullus
619 340 843 396 proconsul
858 356 910 381 ex
933 340 1168 397 Liguribus
1186 342 1389 397 Ingaunis
1409 344 1556 387 trium·
1565 354 1753 397 Triumphus

132 399 292 456 phavit.
355 397 592 440 Transtulit
624 412 795 438 coronas
825 413 971 439 aureas
1001 398 1190 454 quinque
1220 406 1261 439 et
1288 399 1448 454 viginti.
1480 396 1743 456 ne'013·s⁷¹“⁴'.¹¹¹ilii

132 465 336 513 praeterea
363 454 599 511 quidquam
628 454 720 494 auri
751 455 998 511 argentique
1028 455 1071 496 in
1092 470 1140 496 eo
1161 454 1378 511 triumpho
1407 441 1681 500 latum-laum.

132 513 287 570 captivi
318 511 439 553 multi
471 511 680 568 principes
709 511 920 567 Ligurum
941 520 1037 553 ante
1058 527 1228 553 currum
1260 511 1389 554 ducti.
1423 514 1554 559 fflaeris

130 580 317 612 trecenos
342 568 549 610 militibus
575 567 729 609 divisit.
790 570 1020 611 Auxerunt
1048 570 1138 626 ejus
1168 569 1373 626 triumphi
1400 571 1554 614 famam

130 626 256 684 legati
289 626 515 682 Ligurum,
537 641 680 682 pacem
710 634 958 682 perpetuam
989 635 1176 668 orantes:
1211 628 1272 667 ita
1304 629 1347 667 in
1376 630 1554 670 animum.
1565 640 1678 671 Pacem
1691 652 1744 683 pe-

128 685 336 726 induoeisse
353 684 551 736 Ligurum
568 689 739 737 gentem,
763 684 877 723 nulla
897 698 1081 738 umquam
1103 699 1232 733 arma,
1249 686 1333 725 nisi
1353 686 1554 739 imperata
1564 688 1633 713 tunt
1650 684 1742 726 Ligu-

128 757 155 782 a
175 743 331 795 populo
360 741 558 791 Romano,
580 755 743 781 sumere.
804 741 1070 797 Responsum
1091 757 1115 782 a
1138 743 1186 792 Q.
1211 741 1345 783 Fabio
1374 752 1554 799 praetore
1564 736 1622 758 res.

126 807 190 841 est
213 797 446 854 Liguribus
469 798 593 854 jussu
615 806 797 849 senatus,
824 797 1059 839 Orationem
1092 813 1178 839 eam
1209 813 1288 839 non
1314 814 1454 841 novam
1478 802 1556 843 Li-

121 856 292 911 guribus
322 869 421 896 esse:
452 870 560 896 mens
589 870 682 896 vero
708 862 751 896 ut
777 869 879 896 nova
909 862 947 896 et
967 856 1148 896 orationi
1177 858 1411 899 conveniens
1440 866 1553 909 esset,

125 915 299 967 ipsorum
320 913 365 953 -z‘d
377 914 597 966 plurimum
618 913 783 967 raefi’rre.
817 913 887 953 Ad
904 915 1080 954 consules
1101 915 1221 963 irent,
1245 921 1298 963 et,
1320 929 1409 968 quae
1429 917 1480 956 ab
1501 918 1555 958 iis

127 972 326 1024 imperata
349 977 488 1020 essent,
494 971 702 1024 facerent.
735 972 840 1011 nulli
860 972 951 1021 ulii,
974 985 1090 1025 quam
1113 972 1351 1022 consulibus,
1371 980 1554 1015 senatum

122 1029 368 1069 crediturum
399 1043 493 1078 esse,
514 1027 712 1069 ¹5sz‘ncera
722 1029 819 1081 fide
846 1029 890 1068 in
903 1043 1010 1082 pace
1039 1029 1216 1083 Ligures
1241 1043 1335 1070 esse.
1396 1032 1487 1072 Pax
1508 1032 1552 1072 in

128 1085 364 1141 Liguribus
393 1085 489 1127 fuit.
553 1086 605 1126 In
629 1085 798 1126 Corsica
826 1093 1065 1141 pugnatum
1094 1094 1157 1128 est
1184 1101 1281 1127 cum
1313 1088 1466 1128 Corsis.
1497 1089 1553 1130 ad

126 1143 214 1184 duo
242 1142 376 1183 millia
404 1157 549 1183 eorum
583 1141 647 1182 M.
671 1141 865 1183 Pinarius
894 1150 1051 1198 praetor
1080 1141 1122 1183 in
1152 1142 1239 1195 acie
1268 1143 1434 1186 occidit.
1467 1161 1553 1201 qua

124 1199 242 1240 clade
276 1198 481 1255 compulsi
516 1198 680 1240 obsides
712 1198 935 1250 dederunt,
966 1208 1009 1241 et
1038 1198 1183 1241 ¹4cerae
1218 1209 1387 1242 centum
1421 1201 1553 1243 millia

122 1256 275 1312 pondo.
339 1256 445 1297 Inde
465 1257 509 1297 in
533 1255 765 1296 Sardiniam
787 1256 995 1298 exercitus
1016 1256 1185 1307 ductus,
1207 1265 1249 1299 et
1270 1273 1365 1299 cum
1390 1258 1552 1314 Iliensi-

123 1314 218 1363 bus,
240 1321 365 1369 gente
385 1328 436 1353 ne
456 1328 568 1353 nunc
589 1312 762 1368 quidem
782 1313 895 1353 omni
916 1321 1035 1369 parte
1055 1322 1218 1370 pacata,
1237 1316 1420 1357 secunda
1440 1331 1550 1374 proe-

120 1370 177 1411 lia
197 1370 321 1412 facta.
383 1369 849 1425 ¹⁵Karthaginiensibus
878 1371 1023 1412 eodem
1055 1386 1164 1412 anno
1185 1380 1354 1414 eentum
1383 1372 1549 1414 obsides

121 1427 292 1477 redditi,
321 1425 590 1482 ¹⁶pace1nque
620 1442 716 1467 cum
746 1426 796 1468 iis
825 1427 1010 1484 populus
1045 1429 1277 1479 Romanus,
1308 1444 1392 1470 non
1422 1430 1476 1471 ab
1507 1446 1548 1471 se

122 1491 304 1533 tantum,
327 1483 400 1524 sed
420 1484 472 1525 ab
493 1499 590 1539 rege
616 1484 742 1525 etiam
774 1485 1012 1534 Masinissa,
1034 1485 1255 1540 praestitit:
1289 1485 1405 1542 ¹⁷qui
1437 1494 1549 1528 tum⁸

119 1540 317 1639 praesidio
352 1549 512 1582 armato
547 1556 712 1596 agrum,
747 1540 822 1597 qui
853 1541 896 1583 in
932 1542 1212 1584 controversia
1252 1552 1356 1594 erat,
1387 1545 1548 1588 obtine-

150 1606 205 1639 at.

175 1655 376 1696 XXXV.
415 1655 602 1697 Otiosam
623 1654 899 1712 >provinciam
938 1657 1127 1698 consules
1166 1657 1419 1701 habuerunt.
1481 1659 1544 1701 M.
1558 1661 1648 1693 UC
1665 1663 1738 1693 572.

121 1712 307 1761 Baebius,
348 1712 613 1754 comitiorum
659 1728 804 1754 caussa
853 1714 1033 1755 Romam
1082 1723 1316 1765 revocatus,
1357 1716 1546 1758 consules
1556 1705 1648 1737 A·(⁴·
1665 1707 1735 1737 180.

118 1769 276 1811 creavit
306 1770 361 1810 A.
390 1769 654 1811 Postumium
676 1770 885 1816 Albinum
916 1771 1105 1813 Luscum
1126 1779 1168 1813 et
1191 1773 1239 1813 C.
1265 1772 1543 1829 Calpurnium

119 1827 327 1868 Pisonem.
388 1828 596 1868 Praetores
623 1827 775 1869 exinde
795 1827 895 1869 facti
919 1827 988 1868 Ti.
1014 1829 1284 1885 Sempronius
1310 1830 1542 1881 Gracchus,

118 1884 169 1925 L.
195 1883 439 1931 Postumius
466 1884 665 1935 Albinus,
696 1885 744 1924 P.
770 1884 989 1926 Cornelius
1020 1886 1272 1936 Mammula,
1304 1886 1374 1927 Ti.
1398 1887 1544 1934 Minu-

116 1941 206 1982 cius
237 1939 498 1990 Molliculus,
526 1942 575 1980 A.
600 1941 812 1982 Hostilius
843 1942 1083 1992 Mancinus,
1109 1943 1155 1983 C.
1181 1943 1376 1984 Maenius.
1400 1944 1428 1984 ii
1453 1959 1543 1985 om-

115 2012 188 2038 nes
220 1997 514 2053 magistra-tum
548 1997 698 2039 Idibus
735 1997 906 2040 Martiis
944 1999 1140 2041 inierunt.
1203 1999 1418 2056 Principio
1450 2002 1542 2057 ejus

115 2054 228 2104 anni,
250 2069 337 2111 quo
357 2054 413 2094 A.
437 2055 682 2098 Postumius
703 2054 888 2096 Albinus
909 2063 950 2096 et
973 2056 1023 2097 C.
1048 2055 1305 2112 Calpurnius
1326 2056 1426 2098 Piso
1446 2073 1540 2099 con-
1553 2065 1595 2112 A.
1611 2066 1721 2096 Postu-

667 2140 679 2158 ⁹
697 2144 759 2168 tum
771 2137 791 2168 l.
809 2149 876 2168 cnm
893 2138 984 2170 Crev.
1552 2109 1722 2193 {igibgffio

161 2201 196 2230 12
220 2200 301 2230 AEris
322 2200 462 2239 trecenos]
504 2199 566 2237 Qui
595 2206 720 2241 aequant
745 2211 803 2231 un·
848 2200 931 2232 delet
953 2201 988 2232 τὶ
1010 2213 1087 2237 οιωη,
1103 2207 1135 2233 et
1157 2201 1229 2233 huie
1252 2202 1411 2234 firmandae
1433 2213 1538 2234 emen·
1552 2194 1641 2225 COSS·

113 2244 180 2274 cias
196 2242 314 2283 argenti
330 2248 481 2274 nostrates
504 2248 607 2274 ternas
623 2253 693 2273 cum
709 2243 803 2279 senis,
847 2243 965 2275 dationi
994 2244 1084 2275 affert
1106 2246 1269 2288 exempla:
1306 2257 1323 2277 e
1353 2247 1441 2277 Livio
1470 2246 1538 2287 qui-

114 2292 148 2316 ut
164 2291 287 2320 vocant,
303 2285 425 2326 grossis.
846 2286 930 2323 dem,
960 2287 982 2318 l.
1014 2289 1074 2319 IX.
1101 2298 1129 2319 c.
1155 2290 1208 2320 20.
1234 2289 1326 2319 Pacis
1353 2301 1406 2328 per
1428 2301 1538 2320 omnem

160 2329 195 2359 13
218 2330 343 2359 Sincera
355 2329 421 2369 fide
438 2330 468 2358 in
489 2339 560 2367 pace
583 2328 709 2370 Ligures
730 2329 801 2370 csse]
846 2331 985 2370 Apuliam
1026 2334 1203 2370 proestandae
1249 2333 1355 2371 populo
1408 2332 1539 2364 Romano

114 2371 228 2402 Totum
244 2371 302 2403 hoc
315 2372 474 2413 abjudicat
487 2371 696 2404 Vict.codex:
720 2373 804 2413 quod
847 2380 995 2404 auctores:
1040 2374 1227 2405 *XXXIX-
1256 2376 1309 2406 28.
1336 2386 1393 2414 par
1429 2387 1540 2416 qnoque

113 2418 145 2443 et
168 2412 258 2445 facile
280 2414 512 2455 intelligeretur,
529 2413 651 2445 etiamsi
673 2415 804 2446 abesset.
845 2418 1014 2455 Jaoestanda
1056 2428 1074 2446 a
1118 2419 1246 2447 barbaris
1303 2424 1377 2452 erat,
1426 2428 1538 2459 nempe

113 2455 207 2486 Adde
228 2461 259 2486 et
280 2457 508 2489 incommodam
522 2457 716 2488 iterationem
737 2468 803 2488 ver-
847 2458 996 2490 exercitui
1026 2459 1193 2491 Romano:
1227 2465 1240 2493 t
1257 2471 1274 2491 e
1301 2461 1427 2492 Justino
1456 2470 1538 2495 vero,

112 2498 144 2529 bi
173 2510 245 2529 esse:
287 2502 470 2532 crediturum
499 2510 576 2536 esse,
607 2502 719 2530 sincera
737 2502 804 2541 fide
847 2501 941 2542 plane
963 2502 1121 2543 geminum
1145 2504 1217 2534 huic
1241 2504 1319 2539 loco,
1337 2501 1492 2534 LXXV,
1508 2513 1538 2533 c-

110 2543 227 2580 inpace
241 2541 366 2583 Ligures
378 2554 454 2575 esse.
845 2546 876 2575 2.
926 2545 966 2575 Ut
1001 2546 1149 2587 Antigono
1183 2557 1281 2586 pat-em
1319 2548 1414 2585 opinio
1451 2546 1540 2584 hujus

159 2586 196 2615 14
221 2584 304 2614 Ceroe
332 2593 448 2618 centum
475 2587 571 2618 millia
596 2586 705 2627 pondo]
749 2585 801 2617 Li·
844 2588 984 2624 victmioe,
1017 2600 1074 2618 non
1103 2601 1122 2619 a
1152 2589 1248 2620 Gallis
1285 2595 1412 2624 tantum,
1438 2598 1539 2618 verum

110 2627 183 2657 bras
198 2626 390 2659 Parisienses
404 2630 520 2661 78125.
844 2632 932 2661 etiam
960 2642 980 2661 a
1001 2632 1204 2672 finitimorum
1228 2631 1357 2673 fevitate
1387 2632 1537 2670 ὁ,ινιῑεεῑίιε-

157 2671 195 2701 15
241 2670 528 2711 Carthaginiensibus
551 2694 559 2703 .
583 2694 591 2703 .
617 2694 625 2702 .
648 2693 658 2702 .
685 2678 802 2703 eentum
843 2675 895 2703 rit.

106 2713 213 2743 obsides
236 2713 361 2754 redditi]
394 2714 468 2744 Vid.
490 2724 583 2757 snpra
604 2715 625 2746 l.
652 2716 797 2747 XXXII.
889 2717 927 2746 17
953 2716 1014 2751 Qui
1041 2727 1108 2746 cum
1136 2716 1285 2756 proesidio]
1315 2714 1535 2762 Substitpimus

108 2766 136 2786 e.
151 2757 182 2786 2.
840 2764 965 2790 auctore
1008 2759 1092 2790 Vict.
1136 2758 1252 2793 codice,
1287 2763 1534 2800 praeposmonem

157 2799 195 2828 16
219 2799 383 2837 Pacemqne
419 2810 485 2829 cum
520 2801 554 2830 iis
578 2802 702 2841 populns
740 2802 798 2832 Ro·
843 2813 921 2837 cnm,
949 2812 1003 2842 pro
1032 2812 1068 2832 eo
1094 2801 1178 2841 quod
1201 2799 1232 2831 in
1255 2800 1389 2840 vulgatis
1411 2799 1531 2841 legitur,

109 2852 212 2878 manus
243 2853 299 2882 ῃοη
327 2843 362 2871 ab
391 2852 418 2871 sc
445 2848 570 2879 tuntum,
591 2846 639 2874 scd
667 2845 703 2873 ab
733 2855 799 2885 rege
844 2850 917 2874 tum.

108 2885 192 2914 etiam
233 2884 387 2916 Masinissa
423 2885 576 2925 praestitit]
624 2886 799 2918 Gronovius

919 2928 1018 2968 1i3
