1947 3222
0 1810 1 1814 Α
0 1793 1 1797 ⁴
0 149 37 1781 “mmm—*Qus—

495 132 619 171 ΜΒ.
646 128 884 169 xxxvm.
926 131 1007 168 CA
1024 131 1065 168 Ρ.
1092 132 1220 170 XLV.
1495 141 1572 181 ³79

156 255 245 297 quoe
264 244 396 296 captis
417 241 577 282 urbibus
595 241 763 289 soleant,
785 245 1026 294 negaturum
1057 246 1129 282 aut
1148 255 1210 281 me
1227 255 1312 295 pro
1331 243 1397 285 M.
1414 243 1574 293 Fulvio,
1594 253 1682 286 uc.
1696 254 1770 287 565.

153 306 227 340 aut
263 301 390 354 ipsum
426 298 494 340 M.
515 298 701 339 Fulvium
738 298 918 347 censetis,
950 298 1101 338 Patres
1134 301 1388 353 conscripti?
1431 301 1500 355 qui
1530 297 1771 343 05A.0.187.

155 358 229 398 lias
257 372 322 399 res
347 362 482 411 gestas
508 355 753 408 triumphum
783 369 810 395 a
841 354 955 395 vobis
982 356 1264 408 postulaturus
1297 359 1374 406 sz't;
1408 359 1579 400 Ambra-

152 415 254 455 ciam
274 420 446 468 captam,
461 413 672 469 signaque,
696 426 785 466 quce
805 411 948 452 ablata
968 413 1254 464 criminantur,
1276 420 1315 455 et
1336 421 1467 456 cetera
1488 432 1579 469 spo-

154 473 216 512 lia
244 471 327 526 ejus
355 469 464 510 urbis
496 476 592 510 ante
625 484 784 510 currum
818 470 991 520 laturus,
1018 467 1052 493 ⁵³
1066 476 1103 511 et
1117 471 1288 523 fixurus
1324 471 1369 511 in
1398 475 1581 525 postibus

154 529 248 570 suis.
310 527 432 569 Nihil
452 533 522 577 est,
545 528 652 581 quod
670 541 711 568 se
731 527 782 567 ab
804 526 962 568 AEtolis
980 533 1181 580 separent.
1213 529 1350 569 eadem
1372 530 1582 571 Ambraci-

155 586 304 627 ensium
331 590 370 625 et
390 584 622 625 AEtolorum
652 598 793 625 caussa
821 592 890 625 est.
949 585 1097 638 Itaque
1126 585 1281 640 collega
1310 600 1417 628 meus
1446 589 1508 628 vel
1538 589 1582 628 in

154 643 241 684 alia
269 656 409 683 caussa
441 642 679 683 inimicitias
700 648 894 690 exerceat,
918 643 992 689 vel,
1014 644 1051 683 si
1081 642 1123 682 in
1153 643 1230 683 hac
1249 644 1388 697 utique
1416 647 1581 694 mavult,

152 700 327 740 retineat
349 699 654 753 Ambracienses
672 714 762 741 suos
793 700 836 739 in
858 700 1071 740 adveutum
1093 701 1159 741 M.
1183 701 1335 741 Fulvii.
1397 703 1491 755 Ego
1512 717 1583 743 nec

153 758 202 797 de
223 757 588 806 Ambraciensibus,
611 771 682 798 uec
711 758 760 798 de
781 757 937 798 AEtolis
967 758 1129 798 decerni
1159 759 1391 812 quidquam,
1422 759 1584 801 absente

153 814 218 855 M.
241 815 402 865 Fulvio,
418 816 578 867 patiar.

213 871 382 912 XLIV.
418 873 561 922 Quum
583 871 784 913 AEmilius
814 871 1007 913 callidam
1038 872 1239 914 malitiam
1270 872 1441 925 inimici,
1464 874 1581 917 velut

153 928 348 970 omnibus
379 938 537 980 notam,
568 929 845 979 insimularet,
877 937 919 971 et
950 937 1118 985 tempus
1152 945 1248 971 eum
1279 931 1481 972 morando
1511 947 1582 973 ex-

155 994 391 1027 tracturum
431 986 602 1038 diceret,
642 1002 693 1027 ne
734 986 901 1027 consule
941 987 1109 1027 inimico
1151 988 1331 1028 Romam
1372 987 1578 1037 veniret⁰;

154 1043 378 1084 certamine
413 1044 631 1084 consulum
663 1042 844 1085 biduum
879 1044 1123 1084 absumtum
1154 1052 1228 1086 est.
1265 1059 1340 1085 nec
1375 1054 1582 1100 praesente

157 1099 363 1141 Flaminio
393 1100 557 1141 decerni
588 1100 822 1157 quidquam
853 1100 1078 1141 videbatur
1108 1116 1240 1156 posse.
1305 1102 1487 1157 Captata
1516 1118 1584 1144 oc-

155 1156 265 1198 casio
285 1166 362 1207 est,
384 1173 519 1213 quum
540 1173 651 1213 aeger
680 1157 789 1198 forte
812 1156 1047 1197 Flaminius
1077 1157 1265 1206 abessen
1299 1166 1354 1207 et,
1377 1159 1583 1201 referente

156 1214 346 1264 AEmilio,
383 1213 791 1256 senatusconsultum
826 1214 987 1255 factum
1025 1223 1102 1265 est,
1144 1215 1198 1256 Ut
1229 1216 1583 1258 Ambraciensibus
1597 1231 1716 1262 S.C.in
1729 1242 1798 1273 gra-

154 1285 283 1311 omnes
301 1285 384 1312 succ
410 1286 473 1312 res
502 1273 788 1312 redderentur:
820 1272 862 1312 iu
888 1272 1075 1312 libertate
1097 1279 1238 1323 essent,
1260 1287 1309 1313 ac
1328 1273 1482 1328 legibus
1501 1276 1584 1315 suis
1597 1275 1677 1322 tiam·
1688 1275 1765 1321 An}-

152 1334 382 1370 uterentur.-
405 1330 615 1382 portoria,
638 1342 727 1383 qua?
748 1330 905 1379 vellent,
927 1335 1039 1369 terra
1062 1331 1245 1384 marique
1264 1338 1469 1384 caperent,
1493 1333 1582 1373 dum
1595 1318 1763 1392 Effimenffl-

153 1400 286 1426 eorum
308 1387 489 1427 inmunes
509 1387 691 1427 Romani
710 1400 758 1426 ac
773 1387 873 1427 socii
887 1387 1041 1426 Latini
1061 1388 1235 1428 nominis
1255 1395 1395 1429 essent.
1455 1391 1585 1443 Signa
1654 1384 1662 1392 '

153 1444 320 1498 aliaque
348 1450 602 1495 ornamenta,
625 1457 713 1497 quae
737 1450 999 1497 quererentur
1019 1458 1068 1484 ex
1087 1445 1241 1486 cedibus
1269 1447 1398 1486 sacris
1425 1447 1586 1488 sublata

156 1515 249 1548 esse,
273 1502 322 1541 de
352 1501 419 1551 iis,
442 1515 559 1555 quum
591 1501 656 1541 M.
678 1502 848 1542 Fulvius
868 1501 1040 1541 Romam
1070 1502 1309 1552 revertisset,
1332 1504 1502 1556 placere
1530 1506 1590 1545 ad

153 1559 363 1611 collegium
377 1559 615 1612 pontificum
635 1559 798 1612 referri,
823 1565 874 1609 et,
898 1559 1005 1611 quod
1025 1559 1060 1599 iz·
1079 1560 1332 1607 censuissent,
1336 1561 1458 1613 fieri.
1502 1562 1587 1603 Ne-

156 1630 241 1671 que
261 1615 326 1656 his
348 1623 569 1657 contentus
590 1615 736 1656 consul
766 1615 864 1665 fuit,
887 1615 960 1656 sed
989 1624 1135 1671 postea
1163 1631 1239 1673 per
1258 1616 1586 1673 infrequentiam

156 1671 310 1728 adjecit
341 1672 786 1722 senatusconsultumd‚
817 1671 1115 1714 ⁵⁴²Ambraciam
1146 1687 1229 1715 non
1259 1675 1392 1717 videri
1422 1676 1464 1717 vi
1492 1690 1588 1729 cap-

156 1735 240 1770 tam
270 1743 364 1770 esse.
427 1729 687 1786 Supplicatio
716 1729 829 1780 inde,
852 1745 904 1771 ex
935 1729 1269 1772 decemvirorum
1299 1731 1484 1783 decreto,
1507 1748 1586 1789 pro

157 1786 398 1828 valetudine
427 1786 575 1843 populi
604 1787 687 1828 fuit
718 1802 793 1843 per
813 1786 1020 1837 triduum,
1043 1787 1144 1843 quia
1175 1788 1315 1844 gravis
1348 1788 1588 1845 pestilentia

156 1840 303 1884 urbem
335 1852 465 1900 atque
494 1859 616 1900 agros
644 1843 847 1885 vastabat.
911 1843 1075 1885 Latinae
1104 1845 1203 1886 inde
1232 1845 1420 1888 fuerunt.
1483 1846 1587 1897 Qui-

157 1900 238 1942 bus
267 1900 538 1957 religionibus
573 1900 738 1942 liberati
769 1900 972 1951 consules,
995 1909 1036 1942 et
1067 1901 1233 1944 delectu
1267 1903 1469 1959 perfecto,
1495 1902 1588 1956 (no-

161 1956 224 1998 vis
254 1957 364 1998 enim
394 1966 573 2013 uterque
603 1957 752 1999 maluit
783 1957 847 1998 uti
876 1958 1102 2014 militibus)
1124 1959 1168 1999 in
1203 1960 1461 2016 provinciam
1522 1976 1587 2002 ro-

159 2013 259 2056 fecti
296 2022 418 2055 sunt:
457 2023 701 2070 veteresque
737 2029 879 2055 omnes
909 2014 1170 2057 dimiserunt.
1232 2017 1334 2058 Post
1365 2033 1492 2059 consu
1513 2032 1585 2058 um
1598 2029 1801 2071 Manliuspe-

159 2070 461 2127 profectionem
502 2072 578 2112 Cn.
612 2070 801 2112 Manlius
849 2071 1074 2127 proconsul
1124 2073 1305 2114 Romam
1345 2074 1475 2124 venit,
1516 2074 1586 2116 cui
1597 2072 1633 2104 tit
1648 2073 1754 2104 trium-

192 2143 296 2169 uum
325 2127 379 2169 ab
412 2128 496 2169 Ser.
523 2127 709 2184 Sulpicio
743 2136 923 2184 praetore
955 2137 1123 2170 senatus
1152 2129 1207 2170 ad
1237 2130 1371 2172 aedem
1399 2131 1585 2173 Bellonae
1597 2116 1704 2159 phum‚

160 2143 286 2226 {latus
315 2193 436 2235 esset,
457 2193 499 2226 et
530 2185 633 2240 ipse,
655 2186 987 2227 commemoratis
1018 2185 1143 2227 rebus
1173 2187 1226 2227 ab
1256 2203 1298 2228 se
1327 2189 1470 2244 gestis,
1493 2203 1587 2245 pos-

161 2241 350 2292 tulasset‚
372 2250 420 2283 ut
441 2242 496 2282 ob
527 2257 595 2282 eas
616 2242 711 2283 Diis
740 2242 1032 2284 inmortalibus
1062 2243 1194 2285 honos
1223 2244 1466 2295 haberetur,
1489 2245 1587 2286 sibi-

162 2313 245 2353 que
265 2298 545 2355 triumphanti
566 2298 713 2340 urbem
740 2299 881 2339 invehi
910 2300 1080 2348 liceret;
1114 2300 1458 2343 contradixerunt
1489 2317 1586 2358 pars

163 2355 294 2410 major
324 2355 466 2397 decem
497 2356 746 2412 legatorum,
769 2355 843 2411 qui
873 2371 971 2397 cum
1002 2372 1050 2397 eo
1078 2357 1263 2409 fuerant,
1285 2367 1327 2400 et
1357 2368 1453 2400 ante
1484 2358 1586 2400 alios

167 2409 219 2450 L.
241 2412 397 2454 Furius
419 2414 657 2469 Purpureo,
678 2421 720 2454 et
744 2413 795 2453 L.
817 2412 1019 2455 AEmilius
1041 2414 1229 2456 Paullus.

223 2467 363 2509 XLV.
395 2470 577 2524 Legatos
604 2484 686 2510 sese
709 2470 781 2511 Cn.
806 2471 972 2511 Manlio
993 2472 1111 2512 datos
1134 2473 1254 2525 pacis
1277 2486 1361 2513 cum
1385 2472 1587 2514 Antiocho
1599 2484 1709 2527 Legati
1725 2484 1770 2528 ip-

151 2521 364 2576 faciendae
391 2541 544 2575 caussa,
566 2526 852 2582 ⁵⁵foederisque
873 2534 911 2568 et
937 2528 1080 2582 legum,
1102 2542 1192 2582 quae
1211 2543 1296 2570 cum
1323 2531 1376 2570 L.
1400 2531 1587 2583 Scipione
1598 2527 1661 2576 siuus
1673 2534 1792 2560 contra-

166 2580 364 2622 inchoatae
374 2584 570 2637 ficissent,
596 2585 951 2638 perficiendarum.
1013 2586 1086 2627 Cn.
1109 2585 1316 2628 Manlium
1344 2601 1492 2628 summa
1513 2601 1587 2641 ope
1598 2571 1717 2604 d1cunt.

442 2674 458 2692 *ἵ
473 2675 581 2704 rediret
597 2673 695 2705 Gron.
712 2674 801 2705 Crev.
930 2674 946 2697 d
961 2676 1206 2706 senatusconsulto
1219 2674 1307 2706 Eaed.

210 2755 251 2785 53
276 2754 316 2785 Et
330 2755 453 2795 firurus
475 2758 506 2788 in
530 2761 654 2798 postibus
677 2760 752 2801 suis]
777 2758 853 2790 Vid.
940 2761 982 2791 55
1007 2760 1188 2802 Foederisque
1203 2767 1230 2791 et
1253 2760 1366 2802 legum]
1391 2760 1475 2792 Dele
1490 2771 1588 2803 copu-

168 2801 232 2828 not.
246 2798 299 2828 29.
315 2797 355 2828 ad
369 2798 393 2828 l.
408 2799 450 2829 X.
465 2809 495 2831 e.
507 2801 538 2832 7.
896 2802 959 2834 lam
984 2808 1022 2839 et,
1042 2814 1112 2845 quae
1141 2804 1228 2835 abest
1253 2803 1293 2834 ab
1317 2803 1412 2835 MSS.
1427 2802 1585 2837 Thuanaeo

209 2841 250 2871 54
274 2841 456 2871 Ambraciam
476 2853 534 2874 uon
555 2845 665 2887 videri]
691 2844 766 2878 Vid.
788 2850 852 2877 not.
895 2850 925 2877 et
940 2844 1059 2878 Victor.

168 2883 218 2915 48.
236 2881 276 2914 ad
290 2882 312 2914 l.
328 2883 485 2917 XXXIV.
499 2895 530 2917 e.
543 2886 594 2916 44.
