1947 3222
371 89 418 122 42
893 82 1037 121 T1T1
1078 80 1254 119 LIVII

156 198 197 235 U.
208 196 244 248 C.
261 203 333 235 552.
369 191 521 233 diversi
557 190 736 233 Romani
770 198 811 232 et
847 178 922 233 rex
957 191 1132 233 Attalus
1167 191 1493 248 obpugnabant:
1538 191 1717 234 Romani
1752 208 1778 235 a

154 246 331 278 A.C.200.
366 248 575 290 maritima
608 263 715 299 arce,
745 247 848 304 regii
883 247 1082 289 adversus
1115 248 1266 289 vallem
1296 249 1404 290 inter
1437 249 1543 290 duas
1569 249 1774 304 jacentem

147 1282 288 1325 Capitur.

366 319 494 355 arces,
516 321 602 361 qua
630 313 671 346 et
701 320 821 345 muro
851 304 1078 360 intersepta
1106 305 1208 346 urbs
1236 313 1310 347 est.
1341 314 1382 347 et
1403 314 1452 347 ut
1480 306 1569 346 loca
1597 305 1773 358 diversa,

366 362 424 404 sic
443 362 599 418 dispari
620 361 745 402 modo
765 361 890 401 etiam
917 361 1242 416 obpugnabant:
1277 363 1455 403 Romani
1477 362 1772 414 testudinibus,

365 427 408 460 et
437 419 581 468 vineis,
612 426 654 458 et
684 417 811 458 ariete
843 416 1103 458 admovendo
1133 417 1288 458 muris:
1320 419 1422 474 regii
1451 419 1641 468 ballistis,
1666 427 1775 460 cata-

366 476 595 532 pultisque,
617 481 658 515 et
679 473 760 514 alio
778 474 891 514 omni
920 488 1071 529 genere
1100 481 1401 515 tormentorum
1426 475 1510 517 tela
1528 475 1773 531 ingerentes.

366 540 408 574 et
438 531 621 587 pondere
650 530 809 586 ingenti
840 545 940 571 saxa
961 530 1188 585 jaciebant,
1213 530 1294 572 ⁶⁵et
1323 531 1549 582 cuniculos,
1581 541 1622 574 et
1654 531 1776 588 quid-

366 589 472 644 quid
492 588 609 628 aliud
628 587 804 643 ⁶⁶priore
833 586 1145 642 obpugnatione
1165 597 1386 643 expertum
1409 589 1637 645 profuerat.
1699 589 1776 629 Ce-

366 653 501 686 terum
524 660 605 685 non
626 644 767 700 plures
794 651 959 684 tantum
983 643 1247 694 Macedones,
1270 660 1397 700 quam
1417 654 1527 695 ante,
1549 645 1776 686 tuebantur

366 702 513 743 urbem
543 715 755 757 arcesque,
779 700 851 741 sed
871 701 995 740 etiam
1025 701 1363 755 praesentioribus
1392 701 1553 753 animis,
1574 701 1669 752 ⁶⁷et‚
1691 717 1776 743 cas-

367 758 639 814 tigationibus
668 757 777 812 regis
806 757 849 797 in
878 756 1057 798 admissa
1085 756 1223 812 culpa,
1246 758 1390 798 simulp
1409 759 1630 809 minarum,
1653 758 1775 800 simul

365 814 686 870 promissionum
708 814 752 854 in
776 814 971 855 futurum
1000 828 1216 864 memores,
1237 813 1297 855 ita
1315 821 1365 855 ut
1383 824 1533 870 parum
1552 815 1595 855 in
1615 826 1776 871 expug-

364 872 533 912 natione
563 870 683 912 celeri
714 870 800 926 spei
830 879 948 912 esset.
1006 869 1181 912 Interim
1202 878 1243 912 et
1268 870 1384 911 aliud
1414 872 1481 926 agi
1512 887 1630 927 posse
1658 879 1775 913 ratus

365 928 543 984 legatus,
560 927 727 978 relictis,
744 927 889 983 6Bquot
911 927 1009 968 satis
1025 927 1276 968 videbantur
1296 927 1350 968 ad
1365 943 1492 983 opera
1511 927 1774 983 perficienda,

363 985 583 1035 militibus,
605 983 759 1040 trajicit
779 984 821 1024 in
842 984 1035 1039 proxima
1054 984 1324 1026 continentis:
1359 984 1653 1040 Larissamque
1676 983 1778 1035 (non

365 1041 478 1082 illam
507 1041 548 1082 in
583 1040 801 1082 Thessalia
829 1040 1010 1081 nobilem
1040 1041 1203 1091 urbem,
1225 1041 1296 1082 sed
1317 1041 1504 1092 alteram,
1527 1056 1654 1097 quam
1677 1042 1776 1082 Cre-

364 1107 525 1140 masten
554 1100 723 1152 vocant)
754 1097 894 1138 subito
923 1097 1123 1147 adventu,
1149 1105 1302 1153 praeter
1331 1113 1481 1148 arcem,
1513 1098 1634 1154 cepit.
1696 1098 1776 1138 At-

366 1155 475 1196 talus
505 1170 677 1211 quoque
696 1153 957 1210 ⁶⁹}Egeleon,
979 1154 1082 1195 nihil
1112 1155 1250 1195 minus
1273 1169 1401 1210 quam
1431 1155 1512 1196 tale
1542 1154 1774 1210 quidquam

364 1213 407 1253 in
423 1212 594 1254 alterius
614 1211 926 1268 obpugnatione
942 1211 1058 1252 urbis
1078 1211 1337 1261 timentibus,
1353 1211 1569 1267 obpressit.
1612 1212 1671 1252 Et
1685 1211 1772 1266 jam

365 1284 498 1325 quum
528 1284 655 1324 opera
684 1269 726 1309 in
758 1268 907 1309 effectu
940 1275 1057 1308 erant
1087 1268 1195 1309 circa
1222 1269 1393 1318 Oreum,
1416 1276 1507 1308 tum
1531 1267 1773 1323 praesidium

365 1326 481 1382 quod
510 1325 623 1367 intus
644 1334 746 1374 erat,
768 1325 909 1366 labore
929 1324 1121 1374 adsiduo,
1144 1324 1295 1380 vigiliis
1315 1324 1475 1365 diurnis
1504 1325 1661 1380 pariter
1681 1339 1777 1364 noc-

364 1383 598 1438 turnisque,
635 1388 676 1423 et
711 1381 955 1422 vulneribus
989 1381 1237 1422 confectum.
1306 1380 1423 1421 Muri
1459 1396 1628 1437 quoque
1662 1394 1773 1437 pars,

363 1439 490 1480 ariete
519 1440 686 1479 incusso
713 1439 904 1487 subruta,
926 1437 1069 1479 multis
1094 1438 1182 1493 jam
1203 1437 1303 1478 locis
1355 1437 1583 1479 reciderat:
1615 1448 1774 1494 perque

361 1503 554 1551 apertum
581 1495 704 1536 ruina
722 1495 802 1536 iter
821 1502 942 1536 nocte
973 1494 1167 1544 Romani,
1188 1453 1427 1550 ⁷⁰qu0‹i)que
1448 1506 1573 1550 super
1601 1502 1771 1550 portum

361 1561 437 1602 cst,
471 1552 512 1593 in
548 1567 685 1594 arcem
714 1559 1008 1607 perruperunt.
1069 1551 1244 1592 Attalus
1273 1551 1365 1591 luce
1395 1550 1543 1607 prima,
1575 1551 1693 1606 signo
1722 1563 1774 1591 ex

360 1622 454 1651 arce
481 1609 580 1650 dato
601 1610 654 1650 ab
677 1608 892 1658 Romanis,
914 1616 955 1648 et
975 1607 1063 1663 ipse
1093 1608 1241 1649 urbem
1266 1607 1432 1657 invasit,
1456 1607 1595 1649 stratis
1623 1621 1775 1663 magna

360 1681 411 1706 ex
443 1674 561 1733 parte
591 1665 744 1706 muris:
775 1664 1021 1720 praesidium
1051 1664 1334 1720 oppidanique
1363 1664 1406 1704 in
1435 1664 1608 1705 alteram
1637 1678 1773 1704 arcem

360 1726 597 1779 perfugere,
619 1721 731 1762 unde
752 1721 884 1762 biduo
913 1729 1008 1776 post
1028 1719 1186 1761 deditio
1207 1721 1329 1762 facta.
1361 1720 1461 1761 urbs
1481 1722 1585 1776 regi,
1607 1720 1774 1776 captiva

360 1794 534 1835 corpora
557 1778 756 1819 Romanis
777 1793 943 1819 cessere.

419 1836 615 1877 XLVII.
648 1837 747 1875 Jam
787 1834 1030 1876 autumnale
1069 1834 1355 1890 equinoctium
1390 1833 1595 1876 instabat:
1639 1841 1682 1874 et
1711 1841 1772 1874 est

361 1893 475 1934 sinus
503 1891 735 1943 Euboicus,
757 1890 921 1947 ⁷¹quem
946 1890 1064 1932 Coela
1092 1899 1256 1941 vocant,
1279 1899 1496 1947 suspectus
1515 1890 1666 1932 nautis.
1697 1890 1774 1931 ita-

362 1965 460 2005 que,
482 1957 577 1990 ante
607 1948 803 1990 hiemales
822 1956 961 1989 motus
981 1947 1155 1988 evadere
1180 1947 1276 1988 inde
1296 1948 1525 2004 cupientes,
1550 1947 1772 1996 Piraeeum,

363 2007 474 2048 unde
503 2007 680 2062 profecti
700 2006 754 2047 ad
774 2005 931 2047 bellum
962 2012 1093 2054 erant,
1115 2012 1322 2061 repetunt.
1383 2004 1608 2060 Apustius,
1629 2002 1775 2060 trigin-

874 2113 889 2132 ι·
905 2111 930 2134 et
945 2105 1032 2134 simul
1047 2104 1146 2134 Gron.
1162 2103 1253 2134 Crev.

406 2194 446 2223 155
473 2191 509 2222 Et
535 2190 700 2231 cuniculos]
745 2185 873 2231 supple,
899 2186 1043 2231 agebant.

365 2235 438 2266 vid.
454 2240 517 2266 not.
533 2235 585 2264 84.
599 2233 676 2264 adl.
693 2233 759 2263 III.
774 2243 801 2263 c.
818 2234 869 2263 67.

407 2279 589 2308 ‹56⁴1’rlore
608 2276 835 2317 oppugnatimze]
863 2274 934 2306 Vid.
952 2285 1045 2318 supra

365 2321 536 2351 XXVIII.
550 2321 581 2350 6.

407 2364 447 2393 67
482 2364 518 2393 Et
555 2362 792 2404 castigationibus
828 2361 920 2402 regis]
968 2362 978 2390 I
986 2361 1045 2391 Iaec

364 2406 513 2436 mendosa
528 2412 610 2436 sunt.
655 2404 759 2435 Possis
773 2403 873 2445 legere
888 2412 959 2435 cum
976 2404 1042 2434 Du-

360 2447 438 2489 jatio
464 2459 496 2478 er
521 2448 757 2489 castigationibus
781 2450 857 2487 regis
884 2449 913 2476 in
938 2448 1043 2476 admis-

365 2503 396 2521 sa
418 2492 523 2531 culpa:
545 2491 607 2524 vel.
624 2490 648 2521 si
669 2489 767 2529 magis
789 2489 901 2520 arridet
924 2491 1044 2520 (imno-

364 2534 406 2564 vii
429 2534 616 2575 conjectura,
640 2539 665 2563 et
689 2534 885 2571 castigationis
907 2534 994 2573 regia·
1014 2534 1043 2562 iu

364 2579 488 2608 admissa
523 2577 611 2616 culpa
652 2576 739 2605 simul
773 2577 918 2605 minorum
959 2576 1046 2604 simul

362 2621 580 2659 promissionum
628 2620 659 2648 in
702 2618 849 2659 futurum
903 2628 1046 2648 metueres.

368 2663 417 2693 De
433 2662 500 2704 ipsa
514 2662 544 2694 re
559 2661 622 2693 vid.
638 2661 660 2691 1.
676 2660 839 2691 XXVIII.
857 2670 885 2690 c.
902 2661 933 2690 8.

408 2706 448 2736 68
485 2706 561 2740 Quot
597 2705 665 2736 satis
692 2704 881 2743 videbantur]
929 2703 968 2733 Et
996 2701 1046 2733 hie.

366 2758 487 2788 quoque
503 2747 600 2779 habes
621 2746 869 2779 emendati⁰nem
886 2745 1046 2777 Gronovii.

369 2790 462 2824 Libri.
480 2793 553 2831 quod
567 2791 635 2821 salis
649 2791 811 2820 videbatur.

409 2834 450 2864 69
484 2834 631 2870 ,Excleom
660 2833 734 2863 nihil
761 2833 855 2862 minus
879 2853 886 2860 .
912 2854 919 2861 .
944 2854 952 2861 .
977 2853 983 2860 .
1010 2833 1045 2860 ti-

1089 2190 1240 2223 mentibus,
1270 2188 1419 2229 oppressit]
1465 2187 1554 2219 Male
1581 2193 1697 2219 structa
1727 2188 1770 2219 Io-

1089 2231 1182 2262 cutio.
1226 2231 1373 2272 Legimus
1395 2233 1535 2262 timentes.
1573 2231 1696 2262 Dixerit
1719 2231 1769 2262 Li-

1091 2274 1157 2305 vius
1195 2274 1333 2315 AEgeleon
1371 2276 1510 2309 timentes,
1552 2279 1585 2304 ut
1621 2284 1713 2316 supra
1750 2274 1770 2304 l.

1091 2317 1255 2348 XXVIll.
1278 2327 1305 2348 c.
1329 2318 1376 2347 19.
1408 2317 1526 2347 Castulo
1548 2328 1637 2357 qutun
1655 2340 1663 2347 .
1680 2340 1687 2347 .
1702 2319 1770 2348 socii

1079 2360 1122 2401 sn
1129 2362 1222 2390 issent.

1132 2403 1173 2433 70
1204 2402 1343 2442 Quodque
1376 2412 1461 2441 super
1488 2408 1605 2440 porcum
1632 2401 1687 2442 est]
1731 2401 1770 2432 Et

1089 2456 1143 2487 per
1157 2445 1225 2479 iter,
1241 2444 1323 2485 quod
1339 2450 1385 2475 est
1400 2453 1490 2486 super
1502 2449 1634 2486 portum.

1132 2489 1169 2517 71
1206 2490 1297 2522 Quem
1328 2487 1407 2518 Coela
1434 2487 1552 2527 vocant]
1591 2486 1652 2517 Hic
1678 2486 1769 2527 juvat

1091 2530 1263 2561 adscribere
1291 2529 1450 2560 Strabonis
1477 2540 1493 2560 e
1519 2529 1540 2558 l.
1568 2529 1606 2558 X.
1631 2530 1725 2560 verba
1750 2540 1766 2560 a

1092 2573 1221 2613 Dujatio
1237 2573 1344 2610 allata,
1359 2572 1472 2613 quibus
1486 2570 1534 2601 hic
1557 2571 1642 2601 Iocus
1655 2573 1767 2603 descri-

1090 2615 1182 2646 bitur.
1242 2616 1332 2651 Cava,
1370 2614 1488 2646 Graecis
1522 2616 1623 2651 κοῖλα,
1655 2615 1768 2646 Effusum

1090 2665 1243 2694 vocantur,
1271 2667 1336 2698 qum
1371 2661 1448 2688 inter
1483 2657 1620 2688 Aulidem
1653 2665 1680 2689 et
1708 2659 1770 2688 {aaa

1089 2702 1170 2731 circa
1197 2701 1359 2731 Geraestnm.
1386 2701 1570 2739 interjacent.
1623 2700 1668 2731 lbi
1693 2703 1767 2731 enim

1090 2755 1141 2774 ora
1177 2745 1326 2774 maritima
1353 2744 1383 2774 in
1411 2745 1508 2774 simun
1534 2744 1690 2783 flectitur:
1729 2745 1768 2773 dd

1093 2787 1262 2817 Chalcidem,
1313 2790 1410 2817 aufem.
1452 2788 1599 2822 accedens,
1652 2797 1766 2818 mrsum

1093 2840 1188 2860 versus
1202 2831 1391 2860 continentem
1404 2830 1591 2860 incurratur.
