1947 3222
247 245 283 317 ΦΩ

295 244 313 315 ·-·o=

316 243 358 316 ee

194 463 347 506 Repellur.
353 480 367 490 -

192 512 241 536 tur

193 1890 292 1920 AEtoli
308 1901 361 1932 pa-

192 1942 258 1962 cem
275 1939 391 1975 petunt.

399 133 471 166 342
920 131 1066 169 TITI
1115 131 1295 168 LlVII

401 245 492 277 tum
522 236 769 278 fodientium
804 240 1037 294 captabant.
1101 242 1233 289 Quem
1266 239 1336 280 ubi
1369 238 1685 294 ¹⁹acceperunt³‚
1715 253 1812 294 ape-

402 293 517 334 riunt
551 302 704 334 rectam
739 294 780 335 in
817 296 1057 361 cuniculum
1092 296 1212 336 viam.
1258 311 1332 336 nec
1367 294 1449 336 fuit
1483 296 1623 349 magni
1661 296 1810 350 operis.

403 358 613 392 momento
659 351 768 392 enim
808 351 860 391 ad
901 367 1035 402 mane,
1077 368 1274 408 suspenso
1313 351 1488 393 furculis
1527 352 1580 392 ab
1618 351 1811 392 hostibus

402 420 539 457 muro,
560 416 850 463 pervenerunt.
880 407 938 448 ibi
959 409 1185 450 commissis
1211 409 1421 464 operibus,
1443 423 1575 464 quum
1595 423 1617 448 e
1638 408 1748 448 fossa
1766 408 1808 448 in

405 463 644 504 cuniculum
673 472 834 520 pateret
863 464 957 513 iter,
987 465 1123 520 primo
1151 465 1250 520 ipsis
1279 465 1553 515 ferramentis,
1585 464 1740 519 quibus
1769 463 1811 504 in

405 535 529 576 opere
549 520 614 561 usi
634 529 764 570 erant,
787 520 882 560 dein
913 520 1098 562 celeriter
1122 521 1269 562 armati
1289 521 1411 562 etiam
1434 522 1658 562 subeuntes
1678 520 1815 561 occul-

408 585 493 618 tam
517 577 595 618 sub
625 585 778 617 terram
807 575 1027 618 ediderunt
1056 592 1253 633 pugnam.
1285 577 1446 633 segnior
1467 578 1614 618 deinde
1636 593 1683 617 ea
1702 577 1814 618 facta

408 640 494 680 est;
527 632 892 688 intersepientibus
921 633 1177 684 cuniculum,
1200 633 1275 674 ubi
1304 634 1471 684 vellent,
1491 650 1602 675 nunc
1631 633 1813 674 ²⁰ciliciis

408 689 633 745 praetentis,
655 704 765 729 nunc
785 689 948 730 foribus
976 690 1128 746 raptim
1152 691 1337 746 objectis.
1398 691 1520 731 Nova
1545 692 1669 732 etiam
1697 690 1812 731 haud

408 745 546 800 magni
567 746 702 801 operis
722 745 920 786 adversus
940 762 1023 797 eos,
1045 747 1117 802 qui
1138 747 1181 787 in
1201 747 1394 788 cuniculo
1425 755 1559 796 erant,
1577 747 1814 802 excogitata

408 817 472 842 res
492 809 564 843 est.
596 802 752 843 dolium
779 818 805 843 a
823 802 956 844 fundo
985 812 1218 859 pertusum,
1241 819 1326 859 qua
1351 803 1492 844 fistula
1511 803 1672 844 modica
1692 804 1814 844 inseri

408 866 560 914 posset,
581 867 623 900 et
652 858 834 900 fistulam
863 860 1039 900 ferream
1069 860 1396 916 operculumque
1426 860 1525 901 dolii
1555 860 1751 910 ferreum,
1773 868 1815 901 et

408 915 545 970 ipsum
564 915 758 971 pluribus
785 915 883 957 locis
911 917 1184 972 perforatum,
1205 917 1407 958 fecerunt.
1437 917 1515 958 hoc
1536 916 1651 958 tenui
1671 915 1817 972 pluma

410 971 661 1027 completum
682 972 839 1014 dolium
861 988 931 1014 ore
952 973 994 1014 in
1016 973 1253 1014 cuniculum
1274 989 1392 1014 verso
1412 982 1652 1030 posuerunt.
1693 972 1725 996 ²¹
1735 974 1816 1014 Per

410 1028 593 1083 operculi
617 1029 819 1070 foramina
847 1030 1071 1086 praelongae
1101 1031 1245 1081 hastae,
1268 1046 1374 1086 quas
1395 1030 1561 1071 sarissas
1579 1038 1742 1080 vocant,
1764 1029 1817 1070 ad

412 1084 715 1126 submovendos
749 1087 888 1128 hostes
917 1087 1163 1128 eminebant.
1206 1087 1425 1128 scintillam
1457 1087 1584 1127 levem
1619 1087 1728 1142 ignis
1756 1087 1821 1127 in-

411 1141 541 1182 ditam
571 1142 740 1198 plumae,
763 1143 860 1202 folle
889 1143 1026 1184 fabrili
1052 1144 1105 1184 ad
1126 1152 1252 1199 caput
1284 1144 1434 1184 fistulae
1463 1143 1657 1199 inposito,
1679 1143 1818 1184 flando

410 1198 697 1240 accenderunt.
743 1199 839 1240 inde
871 1215 952 1240 non
985 1200 1118 1240 solum
1153 1215 1303 1255 magna
1337 1200 1399 1241 vis
1432 1201 1554 1251 fumi,
1584 1200 1655 1240 sed
1684 1201 1819 1241 acrior

410 1254 533 1295 etiam
568 1255 682 1296 foedo
721 1256 902 1311 quodam
942 1256 1085 1297 nidore
1125 1272 1176 1297 ex
1212 1257 1362 1297 adusta
1399 1257 1556 1313 pluma,
1591 1272 1723 1312 quum
1756 1265 1819 1297 to-

409 1319 501 1352 tum
537 1311 774 1353 cuniculum
813 1312 1110 1369 wcomplesset,
1147 1312 1217 1354 vix
1253 1313 1403 1355 durare
1443 1313 1666 1370 quisquam
1701 1313 1815 1355 intus

409 1376 583 1423 poterat.

467 1425 596 1466 VIII.
627 1427 765 1477 Quum
788 1427 828 1468 in
851 1428 927 1469 hoc
950 1437 1059 1470 statu
1083 1444 1147 1469 res
1172 1429 1225 1470 ad
1247 1429 1513 1470 Ambraciam
1545 1436 1664 1478 esset,
1687 1427 1812 1483 legati

408 1482 460 1522 ab
497 1481 651 1523 AEtolis
690 1484 888 1525 Phaeneas
922 1494 962 1526 et
1000 1485 1251 1535 Damoteles,
1288 1501 1383 1526 cum
1418 1485 1556 1526 liberis
1591 1484 1812 1534 mandatis,

407 1537 573 1580 decreto
602 1541 752 1596 gentis,
777 1542 829 1582 ad
861 1542 1070 1583 consulem
1100 1551 1314 1583 venerunt.
1345 1558 1440 1583 nam
1469 1550 1623 1598 praetor
1653 1556 1812 1591 eorum,

407 1611 540 1650 quum
560 1596 640 1637 alia
668 1607 786 1653 parte
809 1599 1075 1640 Ambraciam
1105 1599 1339 1655 obpugnari
1370 1609 1568 1648 cerneret,
1590 1598 1671 1639 alia
1691 1598 1814 1639 infes-

407 1659 491 1692 tam
521 1668 633 1694 oram
664 1655 840 1695 navibus
870 1655 1051 1696 hostium
1082 1671 1183 1704 esse,
1205 1656 1285 1697 alia
1316 1656 1618 1712 Amphilochos
1639 1654 1813 1710 Dolopi-

405 1723 557 1763 amque
586 1726 611 1751 a
642 1711 944 1753 Macedonibus
979 1713 1146 1761 vastari,
1182 1728 1255 1753 nec
1293 1712 1459 1754 AEtolos
1495 1712 1616 1753 simul
1648 1711 1702 1752 ad
1733 1711 1815 1752 tria

405 1764 568 1807 diversa
596 1767 705 1808 bella
733 1768 1000 1810 obcursantcs
1031 1769 1245 1819 subficere,
1274 1778 1498 1810 convocato
1528 1768 1716 1818 concilio,
1736 1769 1813 1808 AE-

407 1822 512 1863 tolos
532 1824 752 1879 principes,
774 1825 879 1880 quid
899 1825 1106 1880 agendum
1128 1834 1247 1875 esset,
1269 1826 1489 1866 consuluit.
1545 1825 1741 1866 Omnium
1764 1840 1813 1865 eo

406 1879 619 1921 sententia?
649 1880 935 1930 decurrerunt,
966 1888 1009 1922 nt
1031 1896 1133 1935 pax,
1166 1884 1202 1923 si
1223 1889 1370 1935 posset,
1407 1883 1554 1936 aequiS‚·
1598 1883 1635 1922 si
1668 1883 1812 1931 minus,

404 1936 626 1977 tolerandis
660 1938 954 1979 conditionibus
981 1946 1198 1991 peteretur.
1270 1940 1460 1980 Antiochi
1478 1940 1643 1993 fiducia
1674 1939 1814 1980 bellum

403 2000 630 2046 susceptum.
691 1996 890 2035 Antiocho
916 2002 1026 2035 terra
1047 1998 1229 2050 marique
1256 2003 1458 2050 superato,
1478 2003 1517 2036 et
1540 2011 1671 2049 prope
1700 2002 1816 2037 extra

404 2049 532 2090 orbem
550 2057 671 2090 teme
686 2051 910 2105 ultrajnga
934 2053 1063 2092 Tauri
1076 2061 1226 2103 exacto,
1244 2068 1359 2107 quam
1377 2068 1480 2106 spem
1497 2068 1576 2094 esse
1590 2054 1817 2094 sustinendi

404 2106 498 2147 belli
505 2111 526 2145 Ρ
558 2108 758 2149 Plzoeneos
779 2115 815 2149 et
838 2111 1082 2158 Damoteles,
1105 2112 1211 2164 quod
1234 2126 1253 2150 c
1281 2126 1324 2150 re
1345 2111 1588 2159 „Etolomctm
1611 2117 1653 2151 ut
1675 2112 1717 2151 in
1739 2112 1815 2151 tali

405 2165 684 2218 casu,fideque
702 2180 773 2206 sua
795 2181 876 2206 esse
894 2174 1109 2215 censerent,
1132 2175 1308 2222 agmen&
1364 2168 1483 2215 Quod
1502 2170 1605 2208 cuim
1626 2168 1704 2208 sibi
1723 2181 1814 2207 con-

404 2221 551 2269 silium,
573 2228 644 2261 aut
665 2221 772 2275 cnjus
792 2224 854 2263 rei
877 2225 1101 2264 electionem
1133 2238 1157 2264 o
1171 2225 1350 2279 ι[ὸνίνιηα
1370 2226 1580 2265 relictam?
1619 2226 1725 2265 Cum
1748 2224 1813 2264 his

406 2277 610 2318 mandatis
631 2277 753 2333 legati
776 2279 887 2320 missi
917 2296 1033 2322 orare
1054 2281 1278 2332 consulem,
1300 2289 1341 2322 ut
1367 2288 1552 2335 parceret
1574 2281 1677 2330 urbi,
1700 2281 1811 2321 mise-

404 2340 560 2374 reretur
583 2336 718 2388 gentis
747 2337 944 2389 quondam
973 2339 1104 2387 soeiae,
1138 2340 1241 2379 nolle
1275 2341 1404 2380 dicere
1435 2338 1610 2393 injuriis,
1642 2339 1814 2378 miseriis

949 2415 960 2440 i
975 2429 1142 2460 acceperant
1159 2422 1256 2453 Gron.

405 2482 451 2512 vel
474 2493 529 2513 1rre
550 2486 672 2517 admoto.
717 2486 777 2517 Sed
800 2486 867 2521 hoc,
885 2491 918 2517 ut
939 2486 1002 2529 ipse
1026 2498 1080 2518 an·
1124 2488 1231 2519 eodem
1248 2489 1299 2519 ino
1315 2489 1496 2529 fragmento.

403 2530 497 2560 notat,
529 2526 649 2558 brevius
674 2530 758 2566 justo
783 2535 874 2565 esset,
905 2540 960 2560 nec
989 2530 1082 2572 plane
1167 2533 1207 2562 22
1239 2532 1422 2572 Cvrnplesset]
1466 2530 1576 2572 Scripti
1616 2532 1806 2563 Gronoviani

402 2578 464 2598 rem
479 2569 655 2611 explicaret.
1125 2579 1156 2604 et
1190 2580 1290 2603 noster
1322 2573 1403 2604 Vict.
1431 2575 1620 2612 adimplesset.
1673 2576 1807 2606 Verbum

450 2611 485 2640 19
508 2613 708 2653 Acce-perum]
739 2614 788 2643 Sic
807 2615 985 2647 vetustiores
1008 2617 1082 2647 editi
1127 2616 1324 2650 rarissimum,
1351 2615 1438 2656 cujus
1457 2621 1487 2646 et
1516 2616 1599 2647 aliud
1631 2618 1808 2659 exemplum

401 2657 433 2683 et
457 2653 553 2685 codex
579 2654 664 2686 Vict.
691 2656 896 2687 (ironovianae
923 2659 1082 2693 editiones,
1127 2658 1334 2700 reperiebatur
1362 2658 1443 2700 apud
1471 2658 1550 2689 l‘lin.
1575 2660 1595 2689 l.
1621 2661 1679 2691 XI.
1703 2671 1729 2691 c.
1757 2662 1810 2692 37.

401 2706 438 2725 ex
465 2706 623 2737 operarum
652 2699 785 2740 profecto
815 2699 943 2736 incuria,
968 2701 1083 2732 habent
1129 2702 1254 2732 cochleis
1279 2703 1425 2732 oculorum
1455 2703 1540 2732 ricem
1568 2704 1717 2733 carnicnIa.
1741 2705 1809 2734 bina

399 2747 578 2775 aci-eperunt.
1120 2750 1293 2782 7>r11·!entutn
1317 2745 1484 2783 adimplent.
1531 2745 1592 2775 Sed
1616 2745 1647 2775 in
1671 2746 1807 2778 editione

441 2782 482 2827 29
507 2783 631 2824 Ciliciis]
664 2784 768 2813 Cilicia
789 2790 859 2815 sunt
883 2790 964 2816 texta
982 2797 998 2816 e
1016 2786 1077 2827 pilo
1122 2796 1139 2816 a
1164 2787 1248 2817 (Ὶῑιτ.
1266 2787 1426 2818 llarduino
1451 2787 1599 2818 adornata
1623 2788 1735 2829 legitur
1751 2791 1804 2818 im-

398 2833 522 2863 czipnno
537 2827 622 2865 quasi
639 2827 782 2866 quaedam
800 2827 877 2858 vela.
1120 2830 1218 2866 plrnt:
1264 2829 1347 2860 nulla
1386 2836 1488 2860 tamen
1531 2831 1640 2861 addita
1675 2832 1806 2868 ratione,

439 2867 473 2895 21
505 2867 562 2897 Per
583 2870 708 2909 operculi
722 2869 893 2911 stramina]
928 2870 1018 2906 Bina,
1039 2881 1075 2902 cx
1121 2881 1173 2902 cur
1187 2883 1204 2904 a
1219 2872 1310 2904 veteri
1327 2872 1454 2906 lectione
1468 2883 1619 2905 recessum
1638 2873 1686 2906 sit.
