<?xml version="1.0" encoding="UTF-8"?>
<!DOCTYPE html PUBLIC "-//W3C//DTD XHTML 1.0 Transitional//EN"
    "http://www.w3.org/TR/xhtml1/DTD/xhtml1-transitional.dtd">
<html xmlns="http://www.w3.org/1999/xhtml" xml:lang="en" lang="en">
 <head>
  <title>
</title>
<meta http-equiv="Content-Type" content="text/html;charset=utf-8" />
  <meta name='ocr-system' content='tesseract 3.04.00' />
  <meta name='ocr-capabilities' content='ocr_page ocr_carea ocr_par ocr_line ocrx_word'/>
</head>
<body>
  <div class='ocr_page' id='page_1' title='image "./historiarumaburb03livyuoft_0193.png"; bbox 0 0 1947 3222; ppageno 0'>
   <div class='ocr_carea' id='block_1_1' title="bbox 878 97 1562 140">
    <p class='ocr_par' dir='ltr' id='par_1_1' title="bbox 878 97 1562 140">
     <span class='ocr_line' id='line_1_1' title="bbox 878 97 1562 140; baseline 0.01 -7"><span class='ocrx_word' id='word_1_1' title='bbox 878 97 950 133; x_wconf 79' lang='lat' dir='ltr'><em>CA</em></span> <span class='ocrx_word' id='word_1_2' title='bbox 968 97 1007 134; x_wconf 87' lang='lat' dir='ltr'><em>P.</em></span> <span class='ocrx_word' id='word_1_3' title='bbox 1038 97 1188 135; x_wconf 86' lang='lat' dir='ltr'>LV111.</span> <span class='ocrx_word' id='word_1_4' title='bbox 1491 105 1562 140; x_wconf 76' lang='lat'><em>183</em></span> 
     </span>
    </p>
   </div>
   <div class='ocr_carea' id='block_1_2' title="bbox 122 97 1760 1513">
    <p class='ocr_par' dir='ltr' id='par_1_2' title="bbox 122 97 1760 1513">
     <span class='ocr_line' id='line_1_2' title="bbox 490 97 832 136; baseline -0.009 0"><span class='ocrx_word' id='word_1_5' title='bbox 490 98 525 135; x_wconf 90' lang='lat' dir='ltr'>L</span> <span class='ocrx_word' id='word_1_6' title='bbox 539 99 556 135; x_wconf 90' lang='lat'>1</span> <span class='ocrx_word' id='word_1_7' title='bbox 570 99 613 136; x_wconf 89' lang='lat' dir='ltr'><em>B.</em></span> <span class='ocrx_word' id='word_1_8' title='bbox 642 97 832 134; x_wconf 80' lang='lat' dir='ltr'>XXXIV.</span> 
     </span>
     <span class='ocr_line' id='line_1_3' title="bbox 145 203 1747 261; baseline 0.002 -16"><span class='ocrx_word' id='word_1_9' title='bbox 145 205 370 249; x_wconf 85' lang='lat' dir='ltr'><em>civitatium</em></span> <span class='ocrx_word' id='word_1_10' title='bbox 390 207 592 248; x_wconf 86' lang='lat' dir='ltr'><em>amicitias</em></span> <span class='ocrx_word' id='word_1_11' title='bbox 610 211 649 246; x_wconf 83' lang='lat' dir='ltr'><em>et</em></span> <span class='ocrx_word' id='word_1_12' title='bbox 668 206 788 255; x_wconf 86' lang='lat' dir='ltr'><em>tueri,</em></span> <span class='ocrx_word' id='word_1_13' title='bbox 810 219 910 259; x_wconf 89' lang='lat' dir='ltr'><em>quas</em></span> <span class='ocrx_word' id='word_1_14' title='bbox 928 203 1117 254; x_wconf 79' lang='lat' dir='ltr'><em>habeant,</em></span> <span class='ocrx_word' id='word_1_15' title='bbox 1138 210 1177 245; x_wconf 88' lang='lat' dir='ltr'><em>et</em></span> <span class='ocrx_word' id='word_1_16' title='bbox 1197 215 1318 247; x_wconf 74' lang='lat' dir='ltr'><em>novas</em></span> <span class='ocrx_word' id='word_1_17' title='bbox 1338 210 1555 261; x_wconf 79' lang='lat' dir='ltr'><em>complecti.</em></span> <span class='ocrx_word' id='word_1_18' title='bbox 1570 216 1606 247; x_wconf 85' lang='lat' dir='ltr'><em>U.</em></span> <span class='ocrx_word' id='word_1_19' title='bbox 1619 216 1658 248; x_wconf 89' lang='lat' dir='ltr'><em>C.</em></span> <span class='ocrx_word' id='word_1_20' title='bbox 1672 218 1747 249; x_wconf 87' lang='lat'><em>559.</em></span> 
     </span>
     <span class='ocr_line' id='line_1_4' title="bbox 146 259 1744 332; baseline -0.006 -30"><span class='ocrx_word' id='word_1_21' title='bbox 146 263 363 304; x_wconf 74' lang='lat' dir='ltr'><em>Enimvero</em></span> <span class='ocrx_word' id='word_1_22' title='bbox 383 264 430 304; x_wconf 87' lang='lat' dir='ltr'><em>id</em></span> <span class='ocrx_word' id='word_1_23' title='bbox 446 264 590 304; x_wconf 83' lang='lat' dir='ltr'><em>auditu</em></span> <span class='ocrx_word' id='word_1_24' title='bbox 609 263 744 311; x_wconf 79' lang='lat' dir='ltr'><em>etiam,</em></span> <span class='ocrx_word' id='word_1_25' title='bbox 766 261 917 312; x_wconf 84' lang='lat' dir='ltr'><strong>dicere,</strong></span> <span class='ocrx_word' id='word_1_26' title='bbox 939 260 1143 315; x_wconf 80' lang='lat' dir='ltr'><em>indignum</em></span> <span class='ocrx_word' id='word_1_27' title='bbox 1165 275 1256 310; x_wconf 84' lang='lat' dir='ltr'><em>esse,</em></span> <span class='ocrx_word' id='word_1_28' title='bbox 1276 263 1552 319; x_wconf 83' lang='lat' dir='ltr'><em>Hegesianax,</em></span> <span class='ocrx_word' id='word_1_29' title='bbox 1564 259 1606 332; x_wconf 46' lang='grc' dir='ltr'><em>ἒς</em></span> <span class='ocrx_word' id='word_1_30' title='bbox 1619 259 1655 290; x_wconf 90' lang='lat' dir='ltr'><em>C.</em></span> <span class='ocrx_word' id='word_1_31' title='bbox 1675 260 1744 309; x_wconf 62' lang='lat'><em>1935</em></span> 
     </span>
     <span class='ocr_line' id='line_1_5' title="bbox 146 308 1758 386; baseline 0.002 -27"><span class='ocrx_word' id='word_1_32' title='bbox 146 318 362 360; x_wconf 83' lang='lat' dir='ltr'><em>¹Thraciae</em></span> <span class='ocrx_word' id='word_1_33' title='bbox 389 326 428 361; x_wconf 91' lang='lat' dir='ltr'><em>et</em></span> <span class='ocrx_word' id='word_1_34' title='bbox 454 319 685 361; x_wconf 81' lang='lat' dir='ltr'><em>Chersonesi</em></span> <span class='ocrx_word' id='word_1_35' title='bbox 713 318 873 359; x_wconf 80' lang='lat' dir='ltr'><em>urbibus</em></span> <span class='ocrx_word' id='word_1_36' title='bbox 901 318 1036 359; x_wconf 83' lang='lat' dir='ltr'><em>arceri</em></span> <span class='ocrx_word' id='word_1_37' title='bbox 1063 318 1323 365; x_wconf 87' lang='lat' dir='ltr'><em>Antiochum;</em></span> <span class='ocrx_word' id='word_1_38' title='bbox 1356 335 1444 373; x_wconf 83' lang='lat' dir='ltr'><em>quae</em></span> <span class='ocrx_word' id='word_1_39' title='bbox 1462 308 1758 386; x_wconf 51' lang='grc' dir='ltr'><em>’δε-Ῑθέἱῖξξξέω</em></span> 
     </span>
     <span class='ocr_line' id='line_1_6' title="bbox 143 375 1760 434; baseline 0.001 -19"><span class='ocrx_word' id='word_1_40' title='bbox 143 377 273 417; x_wconf 89' lang='lat' dir='ltr'><em>leucus</em></span> <span class='ocrx_word' id='word_1_41' title='bbox 286 391 462 430; x_wconf 83' lang='lat' dir='ltr'><em>proavus</em></span> <span class='ocrx_word' id='word_1_42' title='bbox 481 375 576 430; x_wconf 74' lang='lat' dir='ltr'><em>ejus,</em></span> <span class='ocrx_word' id='word_1_43' title='bbox 603 375 835 430; x_wconf 72' lang='lat' dir='ltr'><em>Lysimacho</em></span> <span class='ocrx_word' id='word_1_44' title='bbox 856 389 945 428; x_wconf 82' lang='lat' dir='ltr'><em>rege</em></span> <span class='ocrx_word' id='word_1_45' title='bbox 963 375 1064 415; x_wconf 86' lang='lat' dir='ltr'><em>bello</em></span> <span class='ocrx_word' id='word_1_46' title='bbox 1084 375 1187 415; x_wconf 85' lang='lat' dir='ltr'><em>victo</em></span> <span class='ocrx_word' id='word_1_47' title='bbox 1206 381 1244 415; x_wconf 89' lang='lat' dir='ltr'><em>et</em></span> <span class='ocrx_word' id='word_1_48' title='bbox 1265 376 1308 415; x_wconf 90' lang='lat' dir='ltr'><em>in</em></span> <span class='ocrx_word' id='word_1_49' title='bbox 1328 378 1417 417; x_wconf 88' lang='lat' dir='ltr'><em>acie</em></span> <span class='ocrx_word' id='word_1_50' title='bbox 1435 392 1546 429; x_wconf 84' lang='lat' dir='ltr'><em>coeso,</em></span> <span class='ocrx_word' id='word_1_51' title='bbox 1559 396 1628 434; x_wconf 62' lang='lat' dir='ltr'><em>eum</em></span> <span class='ocrx_word' id='word_1_52' title='bbox 1644 387 1760 420; x_wconf 80' lang='lat' dir='ltr'><em>Roma.</em></span> 
     </span>
     <span class='ocr_line' id='line_1_7' title="bbox 134 432 1615 486; baseline 0.003 -14"><span class='ocrx_word' id='word_1_53' title='bbox 134 447 214 485; x_wconf 80' lang='lat' dir='ltr'><em>per</em></span> <span class='ocrx_word' id='word_1_54' title='bbox 233 447 414 474; x_wconf 85' lang='lat' dir='ltr'><em>summum</em></span> <span class='ocrx_word' id='word_1_55' title='bbox 431 434 546 474; x_wconf 87' lang='lat' dir='ltr'><em>decus</em></span> <span class='ocrx_word' id='word_1_56' title='bbox 560 439 688 486; x_wconf 80' lang='lat' dir='ltr'><em>parta</em></span> <span class='ocrx_word' id='word_1_57' title='bbox 708 433 919 486; x_wconf 83' lang='lat' dir='ltr'><em>reliquerit</em></span> <span class='ocrx_word' id='word_1_58' title='bbox 925 454 939 478; x_wconf 90' lang='lat'><em>;</em></span> <span class='ocrx_word' id='word_1_59' title='bbox 964 432 1069 485; x_wconf 80' lang='lat' dir='ltr'><em>pari</em></span> <span class='ocrx_word' id='word_1_60' title='bbox 1086 445 1170 472; x_wconf 87' lang='lat' dir='ltr'><em>cum</em></span> <span class='ocrx_word' id='word_1_61' title='bbox 1189 433 1310 472; x_wconf 80' lang='lat' dir='ltr'><em>laude</em></span> <span class='ocrx_word' id='word_1_62' title='bbox 1322 435 1478 485; x_wconf 80' lang='lat' dir='ltr'><em>partim</em></span> <span class='ocrx_word' id='word_1_63' title='bbox 1498 436 1550 476; x_wconf 91' lang='lat' dir='ltr'><em>ab</em></span> <span class='ocrx_word' id='word_1_64' title='bbox 1558 439 1615 460; x_wconf 74' lang='lat'><strong>¹¹²⁵·</strong></span> 
     </span>
     <span class='ocr_line' id='line_1_8' title="bbox 148 489 1550 543; baseline 0.002 -14"><span class='ocrx_word' id='word_1_65' title='bbox 148 490 368 530; x_wconf 80' lang='lat' dir='ltr'><em>Thracibus</em></span> <span class='ocrx_word' id='word_1_66' title='bbox 380 503 560 543; x_wconf 83' lang='lat' dir='ltr'><em>possessa</em></span> <span class='ocrx_word' id='word_1_67' title='bbox 579 490 707 530; x_wconf 86' lang='lat' dir='ltr'><em>armis</em></span> <span class='ocrx_word' id='word_1_68' title='bbox 731 490 927 542; x_wconf 82' lang='lat' dir='ltr'><em>receperit</em></span> <span class='ocrx_word' id='word_1_69' title='bbox 948 489 1181 538; x_wconf 80' lang='lat' dir='ltr'><em>Antiochus,</em></span> <span class='ocrx_word' id='word_1_70' title='bbox 1198 489 1354 542; x_wconf 82' lang='lat' dir='ltr'><em>partim</em></span> <span class='ocrx_word' id='word_1_71' title='bbox 1378 491 1550 542; x_wconf 79' lang='lat' dir='ltr'><em>deserta,</em></span> 
     </span>
     <span class='ocr_line' id='line_1_9' title="bbox 142 546 1550 602; baseline 0.002 -16"><span class='ocrx_word' id='word_1_72' title='bbox 142 547 242 587; x_wconf 85' lang='lat' dir='ltr'><em>sicut</em></span> <span class='ocrx_word' id='word_1_73' title='bbox 264 548 395 600; x_wconf 79' lang='lat' dir='ltr'><em>ipsam</em></span> <span class='ocrx_word' id='word_1_74' title='bbox 416 547 730 602; x_wconf 70' lang='lat' dir='ltr'><em>Lysimachiam,</em></span> <span class='ocrx_word' id='word_1_75' title='bbox 752 553 790 587; x_wconf 85' lang='lat' dir='ltr'><em>et</em></span> <span class='ocrx_word' id='word_1_76' title='bbox 810 547 1005 587; x_wconf 86' lang='lat' dir='ltr'><em>revocatis</em></span> <span class='ocrx_word' id='word_1_77' title='bbox 1033 546 1247 586; x_wconf 83' lang='lat' dir='ltr'><em>cultoribus</em></span> <span class='ocrx_word' id='word_1_78' title='bbox 1258 546 1550 600; x_wconf 86' lang='lat' dir='ltr'><em>frequentave-</em></span> 
     </span>
     <span class='ocr_line' id='line_1_10' title="bbox 140 602 1551 657; baseline 0.002 -15"><span class='ocrx_word' id='word_1_79' title='bbox 140 605 210 652; x_wconf 79' lang='lat' dir='ltr'><em>rit,</em></span> <span class='ocrx_word' id='word_1_80' title='bbox 233 610 284 654; x_wconf 83' lang='lat' dir='ltr'><em>et,</em></span> <span class='ocrx_word' id='word_1_81' title='bbox 306 617 395 657; x_wconf 78' lang='lat' dir='ltr'><em>quoe</em></span> <span class='ocrx_word' id='word_1_82' title='bbox 412 610 543 644; x_wconf 84' lang='lat' dir='ltr'><em>strata</em></span> <span class='ocrx_word' id='word_1_83' title='bbox 574 605 706 643; x_wconf 71' lang='lat' dir='ltr'><em>meinis</em></span> <span class='ocrx_word' id='word_1_84' title='bbox 725 610 846 657; x_wconf 83' lang='lat' dir='ltr'><em>atque</em></span> <span class='ocrx_word' id='word_1_85' title='bbox 865 604 1062 644; x_wconf 83' lang='lat' dir='ltr'><em>incendiis</em></span> <span class='ocrx_word' id='word_1_86' title='bbox 1090 609 1220 652; x_wconf 84' lang='lat' dir='ltr'><em>erant,</em></span> <span class='ocrx_word' id='word_1_87' title='bbox 1244 602 1469 657; x_wconf 82' lang='lat' dir='ltr'><em>ingentibus</em></span> <span class='ocrx_word' id='word_1_88' title='bbox 1489 606 1551 645; x_wconf 88' lang='lat' dir='ltr'><em>in-</em></span> 
     </span>
     <span class='ocr_line' id='line_1_11' title="bbox 131 660 1549 713; baseline 0.004 -16"><span class='ocrx_word' id='word_1_89' title='bbox 131 661 270 713; x_wconf 81' lang='lat' dir='ltr'><em>pensis</em></span> <span class='ocrx_word' id='word_1_90' title='bbox 289 661 560 713; x_wconf 68' lang='lat' dir='ltr'><em>aedfficaverit.</em></span> <span class='ocrx_word' id='word_1_91' title='bbox 622 660 735 709; x_wconf 73' lang='lat' dir='ltr'><em>Quid</em></span> <span class='ocrx_word' id='word_1_92' title='bbox 753 662 881 713; x_wconf 83' lang='lat' dir='ltr'><em>igitur</em></span> <span class='ocrx_word' id='word_1_93' title='bbox 898 661 1028 701; x_wconf 86' lang='lat' dir='ltr'><em>simile</em></span> <span class='ocrx_word' id='word_1_94' title='bbox 1047 674 1139 708; x_wconf 88' lang='lat' dir='ltr'><em>esse,</em></span> <span class='ocrx_word' id='word_1_95' title='bbox 1162 674 1211 700; x_wconf 75' lang='lat' dir='ltr'><em>ex</em></span> <span class='ocrx_word' id='word_1_96' title='bbox 1229 674 1276 700; x_wconf 85' lang='lat' dir='ltr'><em>ea</em></span> <span class='ocrx_word' id='word_1_97' title='bbox 1287 662 1549 713; x_wconf 76' lang='lat' dir='ltr'><em>possessione,¹</em></span> 
     </span>
     <span class='ocr_line' id='line_1_12' title="bbox 140 717 1548 771; baseline 0.004 -15"><span class='ocrx_word' id='word_1_98' title='bbox 140 718 201 756; x_wconf 82' lang='lat' dir='ltr'><em>ito</em></span> <span class='ocrx_word' id='word_1_99' title='bbox 215 724 358 770; x_wconf 81' lang='lat' dir='ltr'><em>parta,</em></span> <span class='ocrx_word' id='word_1_100' title='bbox 381 719 441 758; x_wconf 89' lang='lat' dir='ltr'><em>ita</em></span> <span class='ocrx_word' id='word_1_101' title='bbox 463 723 715 771; x_wconf 83' lang='lat' dir='ltr'><em>recuperata,</em></span> <span class='ocrx_word' id='word_1_102' title='bbox 739 718 880 758; x_wconf 83' lang='lat' dir='ltr'><em>deduci</em></span> <span class='ocrx_word' id='word_1_103' title='bbox 901 717 1156 767; x_wconf 78' lang='lat' dir='ltr'><em>Antiochum,</em></span> <span class='ocrx_word' id='word_1_104' title='bbox 1179 723 1217 757; x_wconf 83' lang='lat' dir='ltr'><em>et</em></span> <span class='ocrx_word' id='word_1_105' title='bbox 1237 717 1443 759; x_wconf 86' lang='lat' dir='ltr'><em>Romanos</em></span> <span class='ocrx_word' id='word_1_106' title='bbox 1461 718 1548 761; x_wconf 84' lang='lat' dir='ltr'><em>abs—</em></span> 
     </span>
     <span class='ocr_line' id='line_1_13' title="bbox 137 774 1548 829; baseline 0.002 -16"><span class='ocrx_word' id='word_1_107' title='bbox 137 774 266 814; x_wconf 83' lang='lat' dir='ltr'><em>tinere</em></span> <span class='ocrx_word' id='word_1_108' title='bbox 294 774 411 825; x_wconf 87' lang='lat' dir='ltr'><em>Asia,</em></span> <span class='ocrx_word' id='word_1_109' title='bbox 434 789 523 829; x_wconf 83' lang='lat' dir='ltr'><em>quae</em></span> <span class='ocrx_word' id='word_1_110' title='bbox 551 788 763 828; x_wconf 84' lang='lat' dir='ltr'><em>numquam</em></span> <span class='ocrx_word' id='word_1_111' title='bbox 794 788 924 815; x_wconf 72' lang='lat' dir='ltr'><em>eorum</em></span> <span class='ocrx_word' id='word_1_112' title='bbox 937 774 1108 829; x_wconf 79' lang='lat' dir='ltr'><em>fuerit?</em></span> <span class='ocrx_word' id='word_1_113' title='bbox 1141 774 1374 815; x_wconf 85' lang='lat' dir='ltr'><em>Amicitiam</em></span> <span class='ocrx_word' id='word_1_114' title='bbox 1397 775 1548 816; x_wconf 86' lang='lat' dir='ltr'><em>Roma-</em></span> 
     </span>
     <span class='ocr_line' id='line_1_14' title="bbox 135 832 1546 886; baseline 0.002 -16"><span class='ocrx_word' id='word_1_115' title='bbox 135 845 273 872; x_wconf 88' lang='lat' dir='ltr'><em>norum</em></span> <span class='ocrx_word' id='word_1_116' title='bbox 289 839 474 884; x_wconf 75' lang='lat' dir='ltr'><em>expetere</em></span> <span class='ocrx_word' id='word_1_117' title='bbox 488 832 724 872; x_wconf 84' lang='lat' dir='ltr'><em>Antiochum</em></span> <span class='ocrx_word' id='word_1_118' title='bbox 735 847 749 870; x_wconf 86' lang='lat'><em>.-</em></span> <span class='ocrx_word' id='word_1_119' title='bbox 775 833 846 872; x_wconf 84' lang='lat' dir='ltr'><em>sed</em></span> <span class='ocrx_word' id='word_1_120' title='bbox 864 844 952 886; x_wconf 82' lang='lat' dir='ltr'><em>quce</em></span> <span class='ocrx_word' id='word_1_121' title='bbox 968 832 1184 884; x_wconf 77' lang='lat' dir='ltr'><em>impetrata</em></span> <span class='ocrx_word' id='word_1_122' title='bbox 1199 832 1344 885; x_wconf 82' lang='lat' dir='ltr'><em>glorioe</em></span> <span class='ocrx_word' id='word_1_123' title='bbox 1357 832 1448 881; x_wconf 87' lang='lat' dir='ltr'><em>sibi,</em></span> <span class='ocrx_word' id='word_1_124' title='bbox 1466 846 1546 873; x_wconf 88' lang='lat' dir='ltr'><em>non</em></span> 
     </span>
     <span class='ocr_line' id='line_1_15' title="bbox 127 887 1544 944; baseline 0.003 -17"><span class='ocrx_word' id='word_1_125' title='bbox 127 889 293 940; x_wconf 81' lang='lat' dir='ltr'><em>pudori,</em></span> <span class='ocrx_word' id='word_1_126' title='bbox 323 889 387 929; x_wconf 89' lang='lat' dir='ltr'><em>sit.</em></span> <span class='ocrx_word' id='word_1_127' title='bbox 450 888 521 928; x_wconf 88' lang='lat' dir='ltr'><em>Ad</em></span> <span class='ocrx_word' id='word_1_128' title='bbox 551 888 641 929; x_wconf 90' lang='lat' dir='ltr'><em>haec</em></span> <span class='ocrx_word' id='word_1_129' title='bbox 670 888 903 937; x_wconf 84' lang='lat' dir='ltr'><em>Quinctius,</em></span> <span class='ocrx_word' id='word_1_130' title='bbox 930 887 1278 941; x_wconf 75' lang='lat' dir='ltr'><em>Quandoquidem,</em></span> <span class='ocrx_word' id='word_1_131' title='bbox 1303 887 1456 944; x_wconf 90' lang='lat' dir='ltr'><em>inquit,</em></span> <span class='ocrx_word' id='word_1_132' title='bbox 1476 890 1544 931; x_wconf 88' lang='lat' dir='ltr'><em>ho-</em></span> 
     </span>
     <span class='ocr_line' id='line_1_16' title="bbox 134 945 1543 998; baseline 0.002 -14"><span class='ocrx_word' id='word_1_133' title='bbox 134 951 245 986; x_wconf 83' lang='lat' dir='ltr'><em>nesta</em></span> <span class='ocrx_word' id='word_1_134' title='bbox 260 959 474 998; x_wconf 82' lang='lat' dir='ltr'><em>pensamus</em></span> <span class='ocrx_word' id='word_1_135' title='bbox 481 967 495 991; x_wconf 88' lang='lat'><em>;</em></span> <span class='ocrx_word' id='word_1_136' title='bbox 526 946 584 986; x_wconf 87' lang='lat' dir='ltr'><em>sic</em></span> <span class='ocrx_word' id='word_1_137' title='bbox 604 951 647 985; x_wconf 86' lang='lat' dir='ltr'><em>ut</em></span> <span class='ocrx_word' id='word_1_138' title='bbox 667 951 738 984; x_wconf 89' lang='lat' dir='ltr'><em>aut</em></span> <span class='ocrx_word' id='word_1_139' title='bbox 757 945 858 994; x_wconf 88' lang='lat' dir='ltr'><em>sola,</em></span> <span class='ocrx_word' id='word_1_140' title='bbox 873 950 945 984; x_wconf 90' lang='lat' dir='ltr'><em>aut</em></span> <span class='ocrx_word' id='word_1_141' title='bbox 959 945 1098 997; x_wconf 81' lang='lat' dir='ltr'><em>prima</em></span> <span class='ocrx_word' id='word_1_142' title='bbox 1113 950 1230 993; x_wconf 86' lang='lat' dir='ltr'><em>certe,</em></span> <span class='ocrx_word' id='word_1_143' title='bbox 1245 946 1419 997; x_wconf 81' lang='lat' dir='ltr'><em>pensari</em></span> <span class='ocrx_word' id='word_1_144' title='bbox 1435 947 1543 987; x_wconf 86' lang='lat' dir='ltr'><em>decet</em></span> 
     </span>
     <span class='ocr_line' id='line_1_17' title="bbox 126 1001 1542 1055; baseline 0.002 -15"><span class='ocrx_word' id='word_1_145' title='bbox 126 1001 313 1055; x_wconf 64' lang='lat' dir='ltr'><em>princiln‘</em></span> <span class='ocrx_word' id='word_1_146' title='bbox 341 1002 449 1043; x_wconf 88' lang='lat' dir='ltr'><em>orbis</em></span> <span class='ocrx_word' id='word_1_147' title='bbox 477 1008 676 1042; x_wconf 84' lang='lat' dir='ltr'><em>terrarum</em></span> <span class='ocrx_word' id='word_1_148' title='bbox 698 1002 852 1054; x_wconf 76' lang='lat' dir='ltr'><em>populo</em></span> <span class='ocrx_word' id='word_1_149' title='bbox 879 1007 917 1041; x_wconf 87' lang='lat' dir='ltr'><em>et</em></span> <span class='ocrx_word' id='word_1_150' title='bbox 942 1007 1057 1041; x_wconf 85' lang='lat' dir='ltr'><em>tanto</em></span> <span class='ocrx_word' id='word_1_151' title='bbox 1077 1002 1166 1054; x_wconf 87' lang='lat' dir='ltr'><em>regi</em></span> <span class='ocrx_word' id='word_1_152' title='bbox 1174 1023 1189 1047; x_wconf 91' lang='lat'><em>‚·</em></span> <span class='ocrx_word' id='word_1_153' title='bbox 1222 1007 1352 1042; x_wconf 89' lang='lat' dir='ltr'><em>utrum</em></span> <span class='ocrx_word' id='word_1_154' title='bbox 1381 1004 1542 1043; x_wconf 86' lang='lat' dir='ltr'><em>tandem</em></span> 
     </span>
     <span class='ocr_line' id='line_1_18' title="bbox 132 1058 1543 1111; baseline 0.001 -13"><span class='ocrx_word' id='word_1_155' title='bbox 132 1059 287 1099; x_wconf 84' lang='lat' dir='ltr'><em>videtur</em></span> <span class='ocrx_word' id='word_1_156' title='bbox 300 1060 513 1107; x_wconf 84' lang='lat' dir='ltr'><em>honestius,</em></span> <span class='ocrx_word' id='word_1_157' title='bbox 530 1058 679 1099; x_wconf 83' lang='lat' dir='ltr'><em>liberas</em></span> <span class='ocrx_word' id='word_1_158' title='bbox 699 1059 797 1098; x_wconf 81' lang='lat' dir='ltr'><em>velle</em></span> <span class='ocrx_word' id='word_1_159' title='bbox 816 1072 958 1108; x_wconf 87' lang='lat' dir='ltr'><em>omnes,</em></span> <span class='ocrx_word' id='word_1_160' title='bbox 976 1071 1063 1111; x_wconf 82' lang='lat' dir='ltr'><em>quae</em></span> <span class='ocrx_word' id='word_1_161' title='bbox 1082 1058 1226 1111; x_wconf 86' lang='lat' dir='ltr'><em>ubique</em></span> <span class='ocrx_word' id='word_1_162' title='bbox 1244 1065 1349 1108; x_wconf 87' lang='lat' dir='ltr'><em>sunt,</em></span> <span class='ocrx_word' id='word_1_163' title='bbox 1371 1059 1543 1100; x_wconf 81' lang='lat' dir='ltr'><em>Graeciae</em></span> 
     </span>
     <span class='ocr_line' id='line_1_19' title="bbox 130 1114 1542 1170; baseline 0.002 -16"><span class='ocrx_word' id='word_1_164' title='bbox 130 1115 256 1164; x_wconf 88' lang='lat' dir='ltr'><em>urbes,</em></span> <span class='ocrx_word' id='word_1_165' title='bbox 283 1130 339 1156; x_wconf 80' lang='lat' dir='ltr'><em>cm</em></span> <span class='ocrx_word' id='word_1_166' title='bbox 368 1130 502 1156; x_wconf 84' lang='lat' dir='ltr'><em>servas</em></span> <span class='ocrx_word' id='word_1_167' title='bbox 530 1121 569 1155; x_wconf 88' lang='lat' dir='ltr'><em>et</em></span> <span class='ocrx_word' id='word_1_168' title='bbox 598 1115 810 1168; x_wconf 84' lang='lat' dir='ltr'><em>vectigales</em></span> <span class='ocrx_word' id='word_1_169' title='bbox 821 1115 1001 1168; x_wconf 79' lang='lat' dir='ltr'><em>facere?</em></span> <span class='ocrx_word' id='word_1_170' title='bbox 1032 1115 1079 1155; x_wconf 82' lang='lat' dir='ltr'><em>Si</em></span> <span class='ocrx_word' id='word_1_171' title='bbox 1106 1115 1186 1155; x_wconf 90' lang='lat' dir='ltr'><em>sibi</em></span> <span class='ocrx_word' id='word_1_172' title='bbox 1205 1114 1427 1157; x_wconf 81' lang='lat' dir='ltr'><em>Antiochus</em></span> <span class='ocrx_word' id='word_1_173' title='bbox 1448 1118 1542 1170; x_wconf 80' lang='lat' dir='ltr'><em>pul-</em></span> 
     </span>
     <span class='ocr_line' id='line_1_20' title="bbox 128 1170 1543 1226; baseline 0.002 -14"><span class='ocrx_word' id='word_1_174' title='bbox 128 1170 262 1212; x_wconf 84' lang='lat' dir='ltr'><em>chrum</em></span> <span class='ocrx_word' id='word_1_175' title='bbox 283 1187 363 1214; x_wconf 89' lang='lat' dir='ltr'><em>esse</em></span> <span class='ocrx_word' id='word_1_176' title='bbox 381 1178 522 1220; x_wconf 87' lang='lat' dir='ltr'><em>censet,</em></span> <span class='ocrx_word' id='word_1_177' title='bbox 545 1186 643 1226; x_wconf 85' lang='lat' dir='ltr'><em>quas</em></span> <span class='ocrx_word' id='word_1_178' title='bbox 662 1171 777 1212; x_wconf 79' lang='lat' dir='ltr'><em>urbes</em></span> <span class='ocrx_word' id='word_1_179' title='bbox 798 1185 977 1224; x_wconf 83' lang='lat' dir='ltr'><em>proavus</em></span> <span class='ocrx_word' id='word_1_180' title='bbox 997 1171 1092 1211; x_wconf 85' lang='lat' dir='ltr'><em>belli</em></span> <span class='ocrx_word' id='word_1_181' title='bbox 1105 1171 1206 1225; x_wconf 84' lang='lat' dir='ltr'><em>jure</em></span> <span class='ocrx_word' id='word_1_182' title='bbox 1224 1172 1425 1223; x_wconf 84' lang='lat' dir='ltr'><em>habuerit,</em></span> <span class='ocrx_word' id='word_1_183' title='bbox 1445 1188 1543 1215; x_wconf 84' lang='lat' dir='ltr'><em>avus</em></span> 
     </span>
     <span class='ocr_line' id='line_1_21' title="bbox 122 1229 1541 1284; baseline 0.002 -15"><span class='ocrx_word' id='word_1_184' title='bbox 122 1235 322 1283; x_wconf 83' lang='lat' dir='ltr'><em>paterque</em></span> <span class='ocrx_word' id='word_1_185' title='bbox 341 1243 550 1284; x_wconf 86' lang='lat' dir='ltr'><em>numquam</em></span> <span class='ocrx_word' id='word_1_186' title='bbox 572 1230 855 1282; x_wconf 81' lang='lat' dir='ltr'><em>usurpaverint</em></span> <span class='ocrx_word' id='word_1_187' title='bbox 872 1243 947 1281; x_wconf 84' lang='lat' dir='ltr'><em>pro</em></span> <span class='ocrx_word' id='word_1_188' title='bbox 962 1229 1057 1278; x_wconf 87' lang='lat' dir='ltr'><em>suis,</em></span> <span class='ocrx_word' id='word_1_189' title='bbox 1075 1243 1141 1269; x_wconf 87' lang='lat' dir='ltr'><em>eas</em></span> <span class='ocrx_word' id='word_1_190' title='bbox 1162 1235 1341 1282; x_wconf 81' lang='lat' dir='ltr'><em>repetere</em></span> <span class='ocrx_word' id='word_1_191' title='bbox 1357 1231 1400 1270; x_wconf 85' lang='lat' dir='ltr'><em>in</em></span> <span class='ocrx_word' id='word_1_192' title='bbox 1420 1231 1541 1272; x_wconf 81' lang='lat' dir='ltr'><em>servi-</em></span> 
     </span>
     <span class='ocr_line' id='line_1_22' title="bbox 127 1287 1542 1340; baseline 0.003 -15"><span class='ocrx_word' id='word_1_193' title='bbox 127 1291 246 1326; x_wconf 84' lang='lat' dir='ltr'><em>tutem</em></span> <span class='ocrx_word' id='word_1_194' title='bbox 252 1301 270 1334; x_wconf 89' lang='lat'><em>,·</em></span> <span class='ocrx_word' id='word_1_195' title='bbox 300 1292 339 1327; x_wconf 86' lang='lat' dir='ltr'><em>et</em></span> <span class='ocrx_word' id='word_1_196' title='bbox 363 1287 536 1340; x_wconf 81' lang='lat' dir='ltr'><em>populus</em></span> <span class='ocrx_word' id='word_1_197' title='bbox 555 1287 777 1336; x_wconf 84' lang='lat' dir='ltr'><em>Romanus,</em></span> <span class='ocrx_word' id='word_1_198' title='bbox 798 1292 1014 1339; x_wconf 81' lang='lat' dir='ltr'><em>susceptum</em></span> <span class='ocrx_word' id='word_1_199' title='bbox 1036 1287 1311 1338; x_wconf 81' lang='lat' dir='ltr'><em>patrocinium</em></span> <span class='ocrx_word' id='word_1_200' title='bbox 1338 1287 1542 1329; x_wconf 83' lang='lat' dir='ltr'><em>libertatis</em></span> 
     </span>
     <span class='ocr_line' id='line_1_23' title="bbox 131 1343 1538 1398; baseline 0.001 -16"><span class='ocrx_word' id='word_1_201' title='bbox 131 1343 360 1384; x_wconf 81' lang='lat' dir='ltr'><em>Graecorum</em></span> <span class='ocrx_word' id='word_1_202' title='bbox 395 1357 473 1383; x_wconf 86' lang='lat' dir='ltr'><em>non</em></span> <span class='ocrx_word' id='word_1_203' title='bbox 509 1344 699 1392; x_wconf 84' lang='lat' dir='ltr'><em>deserere,</em></span> <span class='ocrx_word' id='word_1_204' title='bbox 713 1343 827 1395; x_wconf 78' lang='lat' dir='ltr'><em>fidei</em></span> <span class='ocrx_word' id='word_1_205' title='bbox 854 1344 1167 1398; x_wconf 67' lang='lat' dir='ltr'><em>constantiaeque</em></span> <span class='ocrx_word' id='word_1_206' title='bbox 1195 1357 1277 1384; x_wconf 83' lang='lat' dir='ltr'><em>suae</em></span> <span class='ocrx_word' id='word_1_207' title='bbox 1306 1345 1417 1384; x_wconf 86' lang='lat' dir='ltr'><em>ducit</em></span> <span class='ocrx_word' id='word_1_208' title='bbox 1446 1359 1538 1386; x_wconf 90' lang='lat' dir='ltr'><em>esse.</em></span> 
     </span>
     <span class='ocr_line' id='line_1_24' title="bbox 127 1399 1542 1454; baseline 0.001 -14"><span class='ocrx_word' id='word_1_209' title='bbox 127 1400 238 1440; x_wconf 81' lang='lat' dir='ltr'><em>Sicut</em></span> <span class='ocrx_word' id='word_1_210' title='bbox 262 1414 288 1440; x_wconf 89' lang='lat' dir='ltr'><em>a</em></span> <span class='ocrx_word' id='word_1_211' title='bbox 308 1402 506 1454; x_wconf 77' lang='lat' dir='ltr'><em>Philippo</em></span> <span class='ocrx_word' id='word_1_212' title='bbox 530 1400 730 1441; x_wconf 57' lang='lat' dir='ltr'><em>Graeciam</em></span> <span class='ocrx_word' id='word_1_213' title='bbox 759 1400 964 1449; x_wconf 82' lang='lat' dir='ltr'><em>liberavit,</em></span> <span class='ocrx_word' id='word_1_214' title='bbox 987 1402 1045 1440; x_wconf 87' lang='lat' dir='ltr'><em>ita</em></span> <span class='ocrx_word' id='word_1_215' title='bbox 1075 1406 1113 1440; x_wconf 82' lang='lat' dir='ltr'><em>el</em></span> <span class='ocrx_word' id='word_1_216' title='bbox 1141 1399 1191 1439; x_wconf 86' lang='lat' dir='ltr'><em>ab</em></span> <span class='ocrx_word' id='word_1_217' title='bbox 1211 1400 1408 1441; x_wconf 79' lang='lat' dir='ltr'><em>Antiocho</em></span> <span class='ocrx_word' id='word_1_218' title='bbox 1429 1401 1542 1442; x_wconf 81' lang='lat' dir='ltr'><em>Asiae</em></span> 
     </span>
     <span class='ocr_line' id='line_1_25' title="bbox 126 1457 1539 1513; baseline 0.002 -17"><span class='ocrx_word' id='word_1_219' title='bbox 126 1457 252 1507; x_wconf 87' lang='lat' dir='ltr'><em>urbes,</em></span> <span class='ocrx_word' id='word_1_220' title='bbox 269 1472 357 1511; x_wconf 81' lang='lat' dir='ltr'><em>quoe</em></span> <span class='ocrx_word' id='word_1_221' title='bbox 376 1457 505 1498; x_wconf 87' lang='lat' dir='ltr'><em>Graii</em></span> <span class='ocrx_word' id='word_1_222' title='bbox 525 1458 693 1497; x_wconf 83' lang='lat' dir='ltr'><em>nominis</em></span> <span class='ocrx_word' id='word_1_223' title='bbox 709 1458 803 1506; x_wconf 82' lang='lat' dir='ltr'><em>sint,</em></span> <span class='ocrx_word' id='word_1_224' title='bbox 822 1457 997 1497; x_wconf 83' lang='lat' dir='ltr'><em>liberare</em></span> <span class='ocrx_word' id='word_1_225' title='bbox 1019 1458 1060 1497; x_wconf 86' lang='lat' dir='ltr'><em>in</em></span> <span class='ocrx_word' id='word_1_226' title='bbox 1083 1458 1218 1497; x_wconf 87' lang='lat' dir='ltr'><em>animo</em></span> <span class='ocrx_word' id='word_1_227' title='bbox 1233 1458 1363 1498; x_wconf 85' lang='lat' dir='ltr'><em>habet.</em></span> <span class='ocrx_word' id='word_1_228' title='bbox 1397 1458 1539 1513; x_wconf 83' lang='lat' dir='ltr'><em>Neque</em></span> 
     </span>
    </p>
   </div>
   <div class='ocr_carea' id='block_1_3' title="bbox 110 1554 807 2880">
    <p class='ocr_par' dir='ltr' id='par_1_3' title="bbox 121 1554 807 1971">
     <span class='ocr_line' id='line_1_26' title="bbox 172 1554 806 1586; baseline 0.005 -3"><span class='ocrx_word' id='word_1_229' title='bbox 172 1556 185 1584; x_wconf 93' lang='lat' dir='ltr'><em>l</em></span> <span class='ocrx_word' id='word_1_230' title='bbox 214 1554 342 1585; x_wconf 76' lang='lat' dir='ltr'><em>Thraciae</em></span> <span class='ocrx_word' id='word_1_231' title='bbox 367 1562 394 1586; x_wconf 77' lang='lat' dir='ltr'><em>et</em></span> <span class='ocrx_word' id='word_1_232' title='bbox 421 1556 584 1586; x_wconf 77' lang='lat' dir='ltr'><em>Chersonesi</em></span> <span class='ocrx_word' id='word_1_233' title='bbox 611 1556 728 1585; x_wconf 78' lang='lat' dir='ltr'><em>urbibus</em></span> <span class='ocrx_word' id='word_1_234' title='bbox 751 1578 758 1585; x_wconf 93' lang='lat'><em>.</em></span> <span class='ocrx_word' id='word_1_235' title='bbox 775 1579 782 1586; x_wconf 95' lang='lat'><em>.</em></span> <span class='ocrx_word' id='word_1_236' title='bbox 798 1578 806 1586; x_wconf 91' lang='lat'><em>.</em></span> 
     </span>
     <span class='ocr_line' id='line_1_27' title="bbox 124 1598 807 1638; baseline 0.003 -11"><span class='ocrx_word' id='word_1_237' title='bbox 124 1609 191 1638; x_wconf 82' lang='lat' dir='ltr'><em>quoe</em></span> <span class='ocrx_word' id='word_1_238' title='bbox 213 1598 347 1629; x_wconf 77' lang='lat' dir='ltr'><em>Seleucus</em></span> <span class='ocrx_word' id='word_1_239' title='bbox 367 1621 376 1629; x_wconf 88' lang='lat'><strong><em>.</em></strong></span> <span class='ocrx_word' id='word_1_240' title='bbox 391 1622 398 1630; x_wconf 94' lang='lat'><em>.</em></span> <span class='ocrx_word' id='word_1_241' title='bbox 421 1605 505 1638; x_wconf 79' lang='lat' dir='ltr'><em>parta</em></span> <span class='ocrx_word' id='word_1_242' title='bbox 526 1599 690 1638; x_wconf 73' lang='lat' dir='ltr'><em>reliquerit]</em></span> <span class='ocrx_word' id='word_1_243' title='bbox 723 1599 807 1629; x_wconf 79' lang='lat' dir='ltr'><em>Nota</em></span> 
     </span>
     <span class='ocr_line' id='line_1_28' title="bbox 124 1639 805 1681; baseline 0.003 -12"><span class='ocrx_word' id='word_1_244' title='bbox 124 1639 275 1681; x_wconf 80' lang='lat' dir='ltr'><em>insignem</em></span> <span class='ocrx_word' id='word_1_245' title='bbox 327 1641 513 1672; x_wconf 82' lang='lat' dir='ltr'><em>anomaliarn</em></span> <span class='ocrx_word' id='word_1_246' title='bbox 563 1640 805 1671; x_wconf 82' lang='lat' dir='ltr'><em>discordantium</em></span> 
     </span>
     <span class='ocr_line' id='line_1_29' title="bbox 124 1683 804 1724; baseline 0.001 -11"><span class='ocrx_word' id='word_1_247' title='bbox 124 1693 287 1723; x_wconf 84' lang='lat' dir='ltr'><em>generum:</em></span> <span class='ocrx_word' id='word_1_248' title='bbox 313 1686 440 1718; x_wconf 73' lang='lat' dir='ltr'><em>urbibus,</em></span> <span class='ocrx_word' id='word_1_249' title='bbox 456 1695 522 1724; x_wconf 63' lang='lat' dir='ltr'><em>que</em></span> <span class='ocrx_word' id='word_1_250' title='bbox 541 1690 638 1722; x_wconf 64' lang='lat' dir='ltr'><em>pana.</em></span> <span class='ocrx_word' id='word_1_251' title='bbox 682 1683 730 1713; x_wconf 85' lang='lat' dir='ltr'><em>Ac</em></span> <span class='ocrx_word' id='word_1_252' title='bbox 754 1683 804 1714; x_wconf 81' lang='lat' dir='ltr'><em>vix</em></span> 
     </span>
     <span class='ocr_line' id='line_1_30' title="bbox 124 1725 804 1768; baseline 0.004 -13"><span class='ocrx_word' id='word_1_253' title='bbox 124 1726 211 1756; x_wconf 88' lang='lat' dir='ltr'><em>nobis</em></span> <span class='ocrx_word' id='word_1_254' title='bbox 239 1727 459 1768; x_wconf 81' lang='lat' dir='ltr'><em>persuademus</em></span> <span class='ocrx_word' id='word_1_255' title='bbox 496 1726 561 1756; x_wconf 84' lang='lat' dir='ltr'><em>haec</em></span> <span class='ocrx_word' id='word_1_256' title='bbox 596 1725 639 1756; x_wconf 89' lang='lat' dir='ltr'><em>ita</em></span> <span class='ocrx_word' id='word_1_257' title='bbox 669 1736 687 1756; x_wconf 87' lang='lat' dir='ltr'><em>a</em></span> <span class='ocrx_word' id='word_1_258' title='bbox 717 1726 804 1758; x_wconf 81' lang='lat' dir='ltr'><em>Livio</em></span> 
     </span>
     <span class='ocr_line' id='line_1_31' title="bbox 122 1767 802 1810; baseline 0.001 -13"><span class='ocrx_word' id='word_1_259' title='bbox 122 1768 235 1810; x_wconf 86' lang='lat' dir='ltr'><em>scripta</em></span> <span class='ocrx_word' id='word_1_260' title='bbox 255 1779 329 1800; x_wconf 87' lang='lat' dir='ltr'><em>esse.</em></span> <span class='ocrx_word' id='word_1_261' title='bbox 375 1769 514 1800; x_wconf 88' lang='lat' dir='ltr'><em>Forsitan</em></span> <span class='ocrx_word' id='word_1_262' title='bbox 531 1767 659 1799; x_wconf 84' lang='lat' dir='ltr'><em>dederat</em></span> <span class='ocrx_word' id='word_1_263' title='bbox 673 1767 735 1803; x_wconf 86' lang='lat' dir='ltr'><em>ille,</em></span> <span class='ocrx_word' id='word_1_264' title='bbox 753 1780 802 1798; x_wconf 68' lang='lat' dir='ltr'><em>uz·-</em></span> 
     </span>
     <span class='ocr_line' id='line_1_32' title="bbox 122 1811 803 1843; baseline 0.006 -4"><span class='ocrx_word' id='word_1_265' title='bbox 122 1812 202 1841; x_wconf 84' lang='lat' dir='ltr'><em>bibus</em></span> <span class='ocrx_word' id='word_1_266' title='bbox 215 1817 243 1841; x_wconf 83' lang='lat' dir='ltr'><em>et</em></span> <span class='ocrx_word' id='word_1_267' title='bbox 262 1812 338 1842; x_wconf 81' lang='lat' dir='ltr'><em>locis.</em></span> <span class='ocrx_word' id='word_1_268' title='bbox 382 1811 478 1842; x_wconf 89' lang='lat' dir='ltr'><em>Haud</em></span> <span class='ocrx_word' id='word_1_269' title='bbox 499 1811 678 1842; x_wconf 83' lang='lat' dir='ltr'><em>absimiliter</em></span> <span class='ocrx_word' id='word_1_270' title='bbox 701 1816 803 1843; x_wconf 87' lang='lat' dir='ltr'><em>tamen</em></span> 
     </span>
     <span class='ocr_line' id='line_1_33' title="bbox 123 1853 804 1895; baseline 0.001 -12"><span class='ocrx_word' id='word_1_271' title='bbox 123 1853 298 1890; x_wconf 81' lang='lat' dir='ltr'><em>Sallustius,</em></span> <span class='ocrx_word' id='word_1_272' title='bbox 321 1854 360 1885; x_wconf 93' lang='lat' dir='ltr'><em>de</em></span> <span class='ocrx_word' id='word_1_273' title='bbox 385 1854 467 1886; x_wconf 92' lang='lat' dir='ltr'><em>bello</em></span> <span class='ocrx_word' id='word_1_274' title='bbox 490 1855 564 1895; x_wconf 85' lang='lat' dir='ltr'><em>Jug.</em></span> <span class='ocrx_word' id='word_1_275' title='bbox 587 1864 614 1884; x_wconf 90' lang='lat' dir='ltr'><em>c.</em></span> <span class='ocrx_word' id='word_1_276' title='bbox 639 1854 688 1884; x_wconf 86' lang='lat'><em>41.</em></span> <span class='ocrx_word' id='word_1_277' title='bbox 712 1855 804 1884; x_wconf 81' lang='lat' dir='ltr'><em>abun-</em></span> 
     </span>
     <span class='ocr_line' id='line_1_34' title="bbox 121 1898 802 1937; baseline 0 -11"><span class='ocrx_word' id='word_1_278' title='bbox 121 1898 224 1927; x_wconf 79' lang='lat' dir='ltr'><em>dantia</em></span> <span class='ocrx_word' id='word_1_279' title='bbox 251 1908 352 1928; x_wconf 80' lang='lat' dir='ltr'><em>earum</em></span> <span class='ocrx_word' id='word_1_280' title='bbox 380 1908 490 1933; x_wconf 81' lang='lat' dir='ltr'><em>rerum,</em></span> <span class='ocrx_word' id='word_1_281' title='bbox 515 1906 580 1937; x_wconf 86' lang='lat' dir='ltr'><em>quoe</em></span> <span class='ocrx_word' id='word_1_282' title='bbox 604 1898 702 1936; x_wconf 83' lang='lat' dir='ltr'><em>prima</em></span> <span class='ocrx_word' id='word_1_283' title='bbox 726 1909 802 1927; x_wconf 83' lang='lat' dir='ltr'><em>mor-</em></span> 
     </span>
     <span class='ocr_line' id='line_1_35' title="bbox 123 1940 335 1971; baseline 0.005 -2"><span class='ocrx_word' id='word_1_284' title='bbox 123 1940 194 1969; x_wconf 76' lang='lat' dir='ltr'><em>tales</em></span> <span class='ocrx_word' id='word_1_285' title='bbox 208 1941 335 1971; x_wconf 78' lang='lat' dir='ltr'><em>ducunt.</em></span> 
     </span>
    </p>

    <p class='ocr_par' dir='ltr' id='par_1_4' title="bbox 110 1982 803 2880">
     <span class='ocr_line' id='line_1_36' title="bbox 163 1982 803 2023; baseline 0.003 -11"><span class='ocrx_word' id='word_1_286' title='bbox 163 1982 183 2012; x_wconf 82' lang='lat'>2</span> <span class='ocrx_word' id='word_1_287' title='bbox 206 1983 341 2013; x_wconf 78' lang='lat' dir='ltr'><em>Seleucus</em></span> <span class='ocrx_word' id='word_1_288' title='bbox 365 1993 489 2022; x_wconf 85' lang='lat' dir='ltr'><em>proavus</em></span> <span class='ocrx_word' id='word_1_289' title='bbox 515 1983 592 2023; x_wconf 82' lang='lat' dir='ltr'><em>ejus]</em></span> <span class='ocrx_word' id='word_1_290' title='bbox 629 1982 803 2014; x_wconf 86' lang='lat' dir='ltr'><em>Gronovius</em></span> 
     </span>
     <span class='ocr_line' id='line_1_37' title="bbox 119 2024 799 2056; baseline 0.001 -1"><span class='ocrx_word' id='word_1_291' title='bbox 119 2030 224 2056; x_wconf 87' lang='lat' dir='ltr'><em>censet</em></span> <span class='ocrx_word' id='word_1_292' title='bbox 248 2024 298 2056; x_wconf 88' lang='lat' dir='ltr'><em>hic</em></span> <span class='ocrx_word' id='word_1_293' title='bbox 323 2025 445 2056; x_wconf 87' lang='lat' dir='ltr'><em>Livium</em></span> <span class='ocrx_word' id='word_1_294' title='bbox 472 2025 602 2056; x_wconf 90' lang='lat' dir='ltr'><em>abusum</em></span> <span class='ocrx_word' id='word_1_295' title='bbox 631 2035 697 2056; x_wconf 86' lang='lat' dir='ltr'><em>esse</em></span> <span class='ocrx_word' id='word_1_296' title='bbox 725 2036 799 2056; x_wconf 84' lang='lat' dir='ltr'><em>voce</em></span> 
     </span>
     <span class='ocr_line' id='line_1_38' title="bbox 115 2067 799 2108; baseline 0.003 -11"><span class='ocrx_word' id='word_1_297' title='bbox 115 2077 250 2105; x_wconf 81' lang='lat' dir='ltr'><em>proavus,</em></span> <span class='ocrx_word' id='word_1_298' title='bbox 279 2078 375 2108; x_wconf 91' lang='lat' dir='ltr'><em>quum</em></span> <span class='ocrx_word' id='word_1_299' title='bbox 402 2067 574 2099; x_wconf 87' lang='lat' dir='ltr'><em>Antiochus</em></span> <span class='ocrx_word' id='word_1_300' title='bbox 610 2068 747 2108; x_wconf 88' lang='lat' dir='ltr'><em>Magnus</em></span> <span class='ocrx_word' id='word_1_301' title='bbox 781 2078 799 2099; x_wconf 90' lang='lat' dir='ltr'><em>a</em></span> 
     </span>
     <span class='ocr_line' id='line_1_39' title="bbox 118 2109 799 2152; baseline 0.001 -12"><span class='ocrx_word' id='word_1_302' title='bbox 118 2109 245 2141; x_wconf 83' lang='lat' dir='ltr'><em>Seleuco</em></span> <span class='ocrx_word' id='word_1_303' title='bbox 270 2110 417 2141; x_wconf 83' lang='lat' dir='ltr'><em>Nicatore</em></span> <span class='ocrx_word' id='word_1_304' title='bbox 440 2110 565 2152; x_wconf 85' lang='lat' dir='ltr'><em>quintus</em></span> <span class='ocrx_word' id='word_1_305' title='bbox 587 2110 689 2146; x_wconf 80' lang='lat' dir='ltr'><em>fuerit,</em></span> <span class='ocrx_word' id='word_1_306' title='bbox 715 2117 799 2142; x_wconf 86' lang='lat' dir='ltr'><em>ortus</em></span> 
     </span>
     <span class='ocr_line' id='line_1_40' title="bbox 116 2152 796 2189; baseline 0.004 -7"><span class='ocrx_word' id='word_1_307' title='bbox 116 2152 244 2184; x_wconf 89' lang='lat' dir='ltr'><em>Seleuco</em></span> <span class='ocrx_word' id='word_1_308' title='bbox 274 2153 436 2188; x_wconf 87' lang='lat' dir='ltr'><em>Callinico,</em></span> <span class='ocrx_word' id='word_1_309' title='bbox 462 2152 511 2184; x_wconf 89' lang='lat' dir='ltr'><em>hic</em></span> <span class='ocrx_word' id='word_1_310' title='bbox 535 2152 690 2184; x_wconf 82' lang='lat' dir='ltr'><em>Antiocho</em></span> <span class='ocrx_word' id='word_1_311' title='bbox 715 2154 796 2189; x_wconf 87' lang='lat' dir='ltr'><em>Deo,</em></span> 
     </span>
     <span class='ocr_line' id='line_1_41' title="bbox 118 2195 798 2231; baseline 0.004 -6"><span class='ocrx_word' id='word_1_312' title='bbox 118 2195 166 2226; x_wconf 92' lang='lat' dir='ltr'><em>hic</em></span> <span class='ocrx_word' id='word_1_313' title='bbox 185 2195 340 2226; x_wconf 83' lang='lat' dir='ltr'><em>Antiocho</em></span> <span class='ocrx_word' id='word_1_314' title='bbox 361 2197 476 2231; x_wconf 86' lang='lat' dir='ltr'><em>Sotere,</em></span> <span class='ocrx_word' id='word_1_315' title='bbox 499 2195 618 2227; x_wconf 85' lang='lat' dir='ltr'><em>Seleuci</em></span> <span class='ocrx_word' id='word_1_316' title='bbox 632 2196 798 2228; x_wconf 86' lang='lat' dir='ltr'><em>-Nicatoris</em></span> 
     </span>
     <span class='ocr_line' id='line_1_42' title="bbox 117 2237 796 2274; baseline 0.003 -6"><span class='ocrx_word' id='word_1_317' title='bbox 117 2237 190 2269; x_wconf 86' lang='lat' dir='ltr'><em>filio.</em></span> <span class='ocrx_word' id='word_1_318' title='bbox 234 2239 312 2269; x_wconf 89' lang='lat' dir='ltr'><em>Haec</em></span> <span class='ocrx_word' id='word_1_319' title='bbox 335 2239 360 2269; x_wconf 90' lang='lat' dir='ltr'><em>si</em></span> <span class='ocrx_word' id='word_1_320' title='bbox 382 2238 425 2270; x_wconf 90' lang='lat' dir='ltr'><em>ita</em></span> <span class='ocrx_word' id='word_1_321' title='bbox 447 2249 478 2270; x_wconf 90' lang='lat' dir='ltr'><em>se</em></span> <span class='ocrx_word' id='word_1_322' title='bbox 501 2239 625 2274; x_wconf 86' lang='lat' dir='ltr'><em>habent,</em></span> <span class='ocrx_word' id='word_1_323' title='bbox 642 2239 666 2269; x_wconf 89' lang='lat' dir='ltr'><em>si</em></span> <span class='ocrx_word' id='word_1_324' title='bbox 686 2239 796 2270; x_wconf 87' lang='lat' dir='ltr'><em>Antio-</em></span> 
     </span>
     <span class='ocr_line' id='line_1_43' title="bbox 115 2280 794 2317; baseline 0.001 -6"><span class='ocrx_word' id='word_1_325' title='bbox 115 2280 192 2312; x_wconf 89' lang='lat' dir='ltr'><em>chus</em></span> <span class='ocrx_word' id='word_1_326' title='bbox 214 2282 302 2312; x_wconf 92' lang='lat' dir='ltr'><em>Deus</em></span> <span class='ocrx_word' id='word_1_327' title='bbox 321 2281 467 2312; x_wconf 84' lang='lat' dir='ltr'><em>Antiochi</em></span> <span class='ocrx_word' id='word_1_328' title='bbox 487 2281 601 2312; x_wconf 87' lang='lat' dir='ltr'><em>Soteris</em></span> <span class='ocrx_word' id='word_1_329' title='bbox 624 2281 704 2312; x_wconf 85' lang='lat' dir='ltr'><em>filius</em></span> <span class='ocrx_word' id='word_1_330' title='bbox 726 2281 794 2317; x_wconf 82' lang='lat' dir='ltr'><em>fuit,</em></span> 
     </span>
     <span class='ocr_line' id='line_1_44' title="bbox 116 2324 795 2363; baseline 0 -9"><span class='ocrx_word' id='word_1_331' title='bbox 116 2333 184 2363; x_wconf 80' lang='lat' dir='ltr'><em>quae</em></span> <span class='ocrx_word' id='word_1_332' title='bbox 207 2324 376 2355; x_wconf 88' lang='lat' dir='ltr'><em>communis</em></span> <span class='ocrx_word' id='word_1_333' title='bbox 402 2329 448 2355; x_wconf 83' lang='lat' dir='ltr'><em>est</em></span> <span class='ocrx_word' id='word_1_334' title='bbox 471 2324 606 2355; x_wconf 88' lang='lat' dir='ltr'><em>omnium</em></span> <span class='ocrx_word' id='word_1_335' title='bbox 632 2324 706 2360; x_wconf 86' lang='lat' dir='ltr'><em>fere,</em></span> <span class='ocrx_word' id='word_1_336' title='bbox 729 2330 795 2355; x_wconf 88' lang='lat' dir='ltr'><em>tum</em></span> 
     </span>
     <span class='ocr_line' id='line_1_45' title="bbox 114 2366 794 2407; baseline 0.001 -12"><span class='ocrx_word' id='word_1_337' title='bbox 114 2372 262 2403; x_wconf 86' lang='lat' dir='ltr'><em>veterum,</em></span> <span class='ocrx_word' id='word_1_338' title='bbox 285 2373 350 2398; x_wconf 86' lang='lat' dir='ltr'><em>tum</em></span> <span class='ocrx_word' id='word_1_339' title='bbox 370 2366 572 2398; x_wconf 85' lang='lat' dir='ltr'><em>recentiorum</em></span> <span class='ocrx_word' id='word_1_340' title='bbox 594 2366 707 2407; x_wconf 88' lang='lat' dir='ltr'><em>opinio,</em></span> <span class='ocrx_word' id='word_1_341' title='bbox 727 2367 794 2397; x_wconf 87' lang='lat' dir='ltr'><em>An-</em></span> 
     </span>
     <span class='ocr_line' id='line_1_46' title="bbox 114 2408 794 2451; baseline 0.004 -14"><span class='ocrx_word' id='word_1_342' title='bbox 114 2408 232 2440; x_wconf 89' lang='lat' dir='ltr'><em>tiochus</em></span> <span class='ocrx_word' id='word_1_343' title='bbox 246 2410 385 2451; x_wconf 70' lang='lat' dir='ltr'><em>Mag-nus</em></span> <span class='ocrx_word' id='word_1_344' title='bbox 406 2409 540 2440; x_wconf 88' lang='lat' dir='ltr'><em>abavum</em></span> <span class='ocrx_word' id='word_1_345' title='bbox 562 2409 671 2440; x_wconf 90' lang='lat' dir='ltr'><em>habuit</em></span> <span class='ocrx_word' id='word_1_346' title='bbox 688 2409 794 2440; x_wconf 90' lang='lat' dir='ltr'><em>Seleu—</em></span> 
     </span>
     <span class='ocr_line' id='line_1_47' title="bbox 114 2451 793 2494; baseline 0.004 -14"><span class='ocrx_word' id='word_1_347' title='bbox 114 2460 195 2486; x_wconf 85' lang='lat' dir='ltr'><em>cum,</em></span> <span class='ocrx_word' id='word_1_348' title='bbox 223 2462 284 2482; x_wconf 90' lang='lat' dir='ltr'><em>non</em></span> <span class='ocrx_word' id='word_1_349' title='bbox 313 2463 470 2494; x_wconf 86' lang='lat' dir='ltr'><em>proavum.</em></span> <span class='ocrx_word' id='word_1_350' title='bbox 513 2452 558 2483; x_wconf 88' lang='lat' dir='ltr'><em>At</em></span> <span class='ocrx_word' id='word_1_351' title='bbox 582 2463 620 2482; x_wconf 87' lang='lat' dir='ltr'><em>ex</em></span> <span class='ocrx_word' id='word_1_352' title='bbox 648 2451 793 2494; x_wconf 88' lang='lat' dir='ltr'><em>Appiano</em></span> 
     </span>
     <span class='ocr_line' id='line_1_48' title="bbox 115 2493 793 2536; baseline 0.003 -13"><span class='ocrx_word' id='word_1_353' title='bbox 115 2493 202 2524; x_wconf 90' lang='lat' dir='ltr'><em>nobis</em></span> <span class='ocrx_word' id='word_1_354' title='bbox 224 2495 366 2536; x_wconf 83' lang='lat' dir='ltr'><em>quaedam</em></span> <span class='ocrx_word' id='word_1_355' title='bbox 381 2496 440 2526; x_wconf 91' lang='lat' dir='ltr'><em>hac</em></span> <span class='ocrx_word' id='word_1_356' title='bbox 456 2493 494 2525; x_wconf 87' lang='lat' dir='ltr'><em>de</em></span> <span class='ocrx_word' id='word_1_357' title='bbox 508 2505 540 2525; x_wconf 89' lang='lat' dir='ltr'><em>re</em></span> <span class='ocrx_word' id='word_1_358' title='bbox 554 2494 707 2525; x_wconf 85' lang='lat' dir='ltr'><em>dubitatio</em></span> <span class='ocrx_word' id='word_1_359' title='bbox 720 2495 793 2525; x_wconf 92' lang='lat' dir='ltr'><em>sub-</em></span> 
     </span>
     <span class='ocr_line' id='line_1_49' title="bbox 115 2535 792 2571; baseline 0.004 -6"><span class='ocrx_word' id='word_1_360' title='bbox 115 2535 218 2571; x_wconf 79' lang='lat' dir='ltr'><em>oritur,</em></span> <span class='ocrx_word' id='word_1_361' title='bbox 244 2542 277 2567; x_wconf 90' lang='lat' dir='ltr'><em>ut</em></span> <span class='ocrx_word' id='word_1_362' title='bbox 302 2537 473 2569; x_wconf 88' lang='lat' dir='ltr'><em>Antiochus</em></span> <span class='ocrx_word' id='word_1_363' title='bbox 496 2538 584 2568; x_wconf 87' lang='lat' dir='ltr'><em>Deus</em></span> <span class='ocrx_word' id='word_1_364' title='bbox 609 2537 701 2568; x_wconf 84' lang='lat' dir='ltr'><em>frater</em></span> <span class='ocrx_word' id='word_1_365' title='bbox 725 2538 792 2568; x_wconf 88' lang='lat' dir='ltr'><em>An—</em></span> 
     </span>
     <span class='ocr_line' id='line_1_50' title="bbox 114 2576 792 2616; baseline 0.009 -10"><span class='ocrx_word' id='word_1_366' title='bbox 114 2576 207 2609; x_wconf 83' lang='lat' dir='ltr'><em>tiochi</em></span> <span class='ocrx_word' id='word_1_367' title='bbox 232 2579 355 2616; x_wconf 89' lang='lat' dir='ltr'><em>Soteris,</em></span> <span class='ocrx_word' id='word_1_368' title='bbox 379 2591 440 2611; x_wconf 92' lang='lat' dir='ltr'><em>non</em></span> <span class='ocrx_word' id='word_1_369' title='bbox 464 2579 546 2610; x_wconf 82' lang='lat' dir='ltr'><em>filius</em></span> <span class='ocrx_word' id='word_1_370' title='bbox 569 2580 661 2611; x_wconf 87' lang='lat' dir='ltr'><em>fuisse</em></span> <span class='ocrx_word' id='word_1_371' title='bbox 686 2579 792 2612; x_wconf 85' lang='lat' dir='ltr'><em>videa-</em></span> 
     </span>
     <span class='ocr_line' id='line_1_51' title="bbox 116 2621 795 2665; baseline 0.006 -16"><span class='ocrx_word' id='word_1_372' title='bbox 116 2624 173 2650; x_wconf 85' lang='lat' dir='ltr'><em>tur.</em></span> <span class='ocrx_word' id='word_1_373' title='bbox 218 2621 278 2652; x_wconf 92' lang='lat' dir='ltr'><em>Hic</em></span> <span class='ocrx_word' id='word_1_374' title='bbox 293 2622 454 2654; x_wconf 88' lang='lat' dir='ltr'><em>afferemus</em></span> <span class='ocrx_word' id='word_1_375' title='bbox 468 2622 535 2665; x_wconf 89' lang='lat' dir='ltr'><em>ipsa</em></span> <span class='ocrx_word' id='word_1_376' title='bbox 549 2622 687 2664; x_wconf 87' lang='lat' dir='ltr'><em>Appiani</em></span> <span class='ocrx_word' id='word_1_377' title='bbox 700 2624 795 2653; x_wconf 88' lang='lat' dir='ltr'><em>verba</em></span> 
     </span>
     <span class='ocr_line' id='line_1_52' title="bbox 113 2662 793 2702; baseline 0.006 -10"><span class='ocrx_word' id='word_1_378' title='bbox 113 2662 145 2691; x_wconf 88' lang='lat' dir='ltr'><em>in</em></span> <span class='ocrx_word' id='word_1_379' title='bbox 160 2663 225 2702; x_wconf 87' lang='lat' dir='ltr'><em>Syr.</em></span> <span class='ocrx_word' id='word_1_380' title='bbox 241 2674 344 2696; x_wconf 85' lang='lat' dir='ltr'><em>versus</em></span> <span class='ocrx_word' id='word_1_381' title='bbox 358 2665 460 2696; x_wconf 88' lang='lat' dir='ltr'><em>finem.</em></span> <span class='ocrx_word' id='word_1_382' title='bbox 490 2665 621 2697; x_wconf 64' lang='grc' dir='ltr'><strong><em>Σελεὺκε</em></strong></span> <span class='ocrx_word' id='word_1_383' title='bbox 635 2664 657 2696; x_wconf 74' lang='grc' dir='ltr'><em>δ’</em></span> <span class='ocrx_word' id='word_1_384' title='bbox 673 2667 793 2697; x_wconf 54' lang='lat' dir='ltr'><em>dorosa·</em></span> 
     </span>
     <span class='ocr_line' id='line_1_53' title="bbox 112 2703 793 2750; baseline 0.007 -16"><span class='ocrx_word' id='word_1_385' title='bbox 112 2704 212 2739; x_wconf 65' lang='grc' dir='ltr'><em>γένη-ος,</em></span> <span class='ocrx_word' id='word_1_386' title='bbox 229 2703 355 2747; x_wconf 69' lang='grc' dir='ltr'><em>διάὸεχοι</em></span> <span class='ocrx_word' id='word_1_387' title='bbox 371 2708 471 2742; x_wconf 62' lang='grc' dir='ltr'><strong><em>παῖδες</em></strong></span> <span class='ocrx_word' id='word_1_388' title='bbox 494 2709 577 2750; x_wconf 61' lang='grc' dir='ltr'><em>παρὰ</em></span> <span class='ocrx_word' id='word_1_389' title='bbox 592 2708 703 2750; x_wconf 60' lang='grc' dir='ltr'><em>πατρὶς</em></span> <span class='ocrx_word' id='word_1_390' title='bbox 719 2707 793 2739; x_wconf 67' lang='grc' dir='ltr'><strong><em>ἔκδε-</em></strong></span> 
     </span>
     <span class='ocr_line' id='line_1_54' title="bbox 111 2747 795 2792; baseline 0.001 -15"><span class='ocrx_word' id='word_1_391' title='bbox 111 2747 226 2786; x_wconf 73' lang='grc' dir='ltr'><strong><em>χὸμινοι</em></strong></span> <span class='ocrx_word' id='word_1_392' title='bbox 238 2749 288 2781; x_wconf 60' lang='grc' dir='ltr'><em>σὺν</em></span> <span class='ocrx_word' id='word_1_393' title='bbox 298 2749 391 2792; x_wconf 73' lang='grc' dir='ltr'><strong><em>Σόρων</em></strong></span> <span class='ocrx_word' id='word_1_394' title='bbox 400 2751 507 2792; x_wconf 62' lang='grc' dir='ltr'><em>ἀρχὴν,</em></span> <span class='ocrx_word' id='word_1_395' title='bbox 517 2751 642 2790; x_wconf 71' lang='grc' dir='ltr'><em>ἐγίνοντο</em></span> <span class='ocrx_word' id='word_1_396' title='bbox 651 2750 715 2782; x_wconf 66' lang='grc' dir='ltr'><strong>οἵδε·</strong></span> <span class='ocrx_word' id='word_1_397' title='bbox 730 2753 795 2782; x_wconf 77' lang='grc' dir='ltr'><em>Ἀν-</em></span> 
     </span>
     <span class='ocr_line' id='line_1_55' title="bbox 110 2789 795 2837; baseline 0.009 -18"><span class='ocrx_word' id='word_1_398' title='bbox 110 2789 210 2830; x_wconf 69' lang='grc' dir='ltr'><em>σίοχος</em></span> <span class='ocrx_word' id='word_1_399' title='bbox 222 2790 272 2827; x_wconf 71' lang='grc' dir='ltr'><em>μὶν</em></span> <span class='ocrx_word' id='word_1_400' title='bbox 285 2793 393 2833; x_wconf 59' lang='grc' dir='ltr'><em>πρῶτος</em></span> <span class='ocrx_word' id='word_1_401' title='bbox 404 2792 459 2824; x_wconf 65' lang='grc' dir='ltr'><em>ἴδε.</em></span> <span class='ocrx_word' id='word_1_402' title='bbox 472 2794 484 2823; x_wconf 74' lang='grc' dir='ltr'>ὅ</span> <span class='ocrx_word' id='word_1_403' title='bbox 496 2795 547 2826; x_wconf 63' lang='grc' dir='ltr'><em>τῆς</em></span> <span class='ocrx_word' id='word_1_404' title='bbox 557 2797 699 2837; x_wconf 59' lang='grc' dir='ltr'><em>μητρυιᾶς</em></span> <span class='ocrx_word' id='word_1_405' title='bbox 714 2796 795 2837; x_wconf 63' lang='lat' dir='ltr'><em>{guer-</em></span> 
     </span>
     <span class='ocr_line' id='line_1_56' title="bbox 110 2834 791 2880; baseline 0.01 -17"><span class='ocrx_word' id='word_1_406' title='bbox 110 2834 184 2870; x_wconf 69' lang='lat'><em>9225,</em></span> <span class='ocrx_word' id='word_1_407' title='bbox 202 2834 228 2866; x_wconf 69' lang='grc' dir='ltr'><em>ὃς</em></span> <span class='ocrx_word' id='word_1_408' title='bbox 247 2834 296 2865; x_wconf 74' lang='grc' dir='ltr'><em>καὶ</em></span> <span class='ocrx_word' id='word_1_409' title='bbox 311 2835 412 2877; x_wconf 53' lang='lat' dir='ltr'><em>{urire</em></span> <span class='ocrx_word' id='word_1_410' title='bbox 429 2836 580 2869; x_wconf 71' lang='grc' dir='ltr'><em>ἱτικλῆθη</em></span> <span class='ocrx_word' id='word_1_411' title='bbox 594 2857 600 2865; x_wconf 91' lang='grc'><strong>-</strong></span> <span class='ocrx_word' id='word_1_412' title='bbox 614 2859 620 2867; x_wconf 80' lang='lat'><em>.</em></span> <span class='ocrx_word' id='word_1_413' title='bbox 632 2860 638 2868; x_wconf 86' lang='lat'><em>.</em></span> <span class='ocrx_word' id='word_1_414' title='bbox 650 2859 657 2868; x_wconf 92' lang='lat'><em>.</em></span> <span class='ocrx_word' id='word_1_415' title='bbox 670 2836 791 2880; x_wconf 64' lang='grc' dir='ltr'><em>δεύτερος</em></span> 
     </span>
    </p>
   </div>
   <div class='ocr_carea' id='block_1_4' title="bbox 836 1553 1538 2867">
    <p class='ocr_par' dir='ltr' id='par_1_5' title="bbox 836 1553 1538 2867">
     <span class='ocr_line' id='line_1_57' title="bbox 851 1553 1538 1598; baseline 0.003 -13"><span class='ocrx_word' id='word_1_416' title='bbox 851 1554 877 1586; x_wconf 63' lang='lat' dir='ltr'><em>B}</em></span> <span class='ocrx_word' id='word_1_417' title='bbox 890 1555 1044 1595; x_wconf 70' lang='grc' dir='ltr'><em>Ἀντίοχος</em></span> <span class='ocrx_word' id='word_1_418' title='bbox 1066 1555 1168 1598; x_wconf 55' lang='grc' dir='ltr'><em>ἕτερος,</em></span> <span class='ocrx_word' id='word_1_419' title='bbox 1192 1556 1223 1586; x_wconf 68' lang='grc' dir='ltr'><em>ἔκ</em></span> <span class='ocrx_word' id='word_1_420' title='bbox 1247 1553 1330 1586; x_wconf 65' lang='grc' dir='ltr'><strong><em>τῶνδε</em></strong></span> <span class='ocrx_word' id='word_1_421' title='bbox 1355 1556 1410 1586; x_wconf 55' lang='lat' dir='ltr'><em>‘ra-ir</em></span> <span class='ocrx_word' id='word_1_422' title='bbox 1432 1556 1538 1595; x_wconf 72' lang='grc' dir='ltr'><strong><em>’γάμων</em></strong></span> 
     </span>
     <span class='ocr_line' id='line_1_58' title="bbox 851 1598 1538 1638; baseline 0.003 -10"><span class='ocrx_word' id='word_1_423' title='bbox 851 1598 1004 1638; x_wconf 64' lang='grc' dir='ltr'><em>γενόμενος,</em></span> <span class='ocrx_word' id='word_1_424' title='bbox 1016 1598 1074 1638; x_wconf 74' lang='grc' dir='ltr'><em>δ’τῳ</em></span> <span class='ocrx_word' id='word_1_425' title='bbox 1089 1599 1157 1632; x_wconf 72' lang='grc' dir='ltr'><em>Θεὸς</em></span> <span class='ocrx_word' id='word_1_426' title='bbox 1168 1598 1310 1637; x_wconf 67' lang='grc' dir='ltr'><em>ἐπώνυμον</em></span> <span class='ocrx_word' id='word_1_427' title='bbox 1324 1598 1378 1628; x_wconf 71' lang='grc' dir='ltr'><em>ὑπὸ</em></span> <span class='ocrx_word' id='word_1_428' title='bbox 1392 1599 1538 1632; x_wconf 66' lang='grc' dir='ltr'><em>Μιλησίων</em></span> 
     </span>
     <span class='ocr_line' id='line_1_59' title="bbox 850 1641 1535 1682; baseline 0.001 -11"><span class='ocrx_word' id='word_1_429' title='bbox 850 1641 971 1680; x_wconf 71' lang='grc' dir='ltr'><em>γίνεται.</em></span> <span class='ocrx_word' id='word_1_430' title='bbox 1018 1643 1166 1682; x_wconf 68' lang='lat' dir='ltr'><em>Defuncto</em></span> <span class='ocrx_word' id='word_1_431' title='bbox 1189 1642 1304 1671; x_wconf 77' lang='lat' dir='ltr'><em>Seleuco</em></span> <span class='ocrx_word' id='word_1_432' title='bbox 1323 1643 1405 1680; x_wconf 79' lang='lat' dir='ltr'><em>patri</em></span> <span class='ocrx_word' id='word_1_433' title='bbox 1426 1652 1535 1673; x_wconf 83' lang='lat' dir='ltr'><em>succes-</em></span> 
     </span>
     <span class='ocr_line' id='line_1_60' title="bbox 849 1684 1532 1725; baseline 0.001 -12"><span class='ocrx_word' id='word_1_434' title='bbox 849 1691 947 1714; x_wconf 72' lang='lat' dir='ltr'><em>serunt</em></span> <span class='ocrx_word' id='word_1_435' title='bbox 977 1685 1006 1713; x_wconf 81' lang='lat' dir='ltr'><em>in</em></span> <span class='ocrx_word' id='word_1_436' title='bbox 1034 1684 1127 1724; x_wconf 72' lang='lat' dir='ltr'><em>Syriae</em></span> <span class='ocrx_word' id='word_1_437' title='bbox 1151 1695 1274 1725; x_wconf 74' lang='lat' dir='ltr'><em>regnum</em></span> <span class='ocrx_word' id='word_1_438' title='bbox 1302 1684 1331 1712; x_wconf 84' lang='lat' dir='ltr'><em>hi</em></span> <span class='ocrx_word' id='word_1_439' title='bbox 1350 1684 1435 1725; x_wconf 79' lang='lat' dir='ltr'><em>filii:</em></span> <span class='ocrx_word' id='word_1_440' title='bbox 1469 1687 1532 1723; x_wconf 87' lang='lat' dir='ltr'><em>pri-</em></span> 
     </span>
     <span class='ocr_line' id='line_1_61' title="bbox 848 1727 1533 1766; baseline 0.004 -11"><span class='ocrx_word' id='word_1_441' title='bbox 848 1738 910 1756; x_wconf 87' lang='lat' dir='ltr'><em>mus</em></span> <span class='ocrx_word' id='word_1_442' title='bbox 941 1728 987 1756; x_wconf 84' lang='lat' dir='ltr'><em>hic</em></span> <span class='ocrx_word' id='word_1_443' title='bbox 1015 1728 1072 1766; x_wconf 78' lang='lat' dir='ltr'><em>ipse</em></span> <span class='ocrx_word' id='word_1_444' title='bbox 1109 1727 1267 1756; x_wconf 72' lang='lat' dir='ltr'><em>Antiochus</em></span> <span class='ocrx_word' id='word_1_445' title='bbox 1298 1728 1348 1766; x_wconf 78' lang='lat' dir='ltr'><em>qui</em></span> <span class='ocrx_word' id='word_1_446' title='bbox 1383 1737 1533 1758; x_wconf 76' lang='lat' dir='ltr'><em>nouercam</em></span> 
     </span>
     <span class='ocr_line' id='line_1_62' title="bbox 846 1769 1532 1811; baseline 0.001 -12"><span class='ocrx_word' id='word_1_447' title='bbox 846 1772 1042 1804; x_wconf 77' lang='lat' dir='ltr'><em>adamaverat,</em></span> <span class='ocrx_word' id='word_1_448' title='bbox 1077 1775 1258 1811; x_wconf 79' lang='lat' dir='ltr'><em>cog-nomento</em></span> <span class='ocrx_word' id='word_1_449' title='bbox 1290 1769 1388 1799; x_wconf 79' lang='lat' dir='ltr'><em>Soter:</em></span> <span class='ocrx_word' id='word_1_450' title='bbox 1428 1780 1532 1800; x_wconf 79' lang='lat' dir='ltr'><em>secun·</em></span> 
     </span>
     <span class='ocr_line' id='line_1_63' title="bbox 846 1812 1531 1852; baseline 0 -10"><span class='ocrx_word' id='word_1_451' title='bbox 846 1814 901 1842; x_wconf 80' lang='lat' dir='ltr'><em>dus</em></span> <span class='ocrx_word' id='word_1_452' title='bbox 927 1823 1000 1847; x_wconf 78' lang='lat' dir='ltr'><em>vero,</em></span> <span class='ocrx_word' id='word_1_453' title='bbox 1023 1813 1186 1842; x_wconf 80' lang='lat' dir='ltr'><em>Antiochus</em></span> <span class='ocrx_word' id='word_1_454' title='bbox 1205 1812 1291 1847; x_wconf 84' lang='lat' dir='ltr'><em>alius,</em></span> <span class='ocrx_word' id='word_1_455' title='bbox 1317 1822 1350 1841; x_wconf 80' lang='lat' dir='ltr'><em>er</em></span> <span class='ocrx_word' id='word_1_456' title='bbox 1376 1812 1430 1842; x_wconf 82' lang='lat' dir='ltr'><em>hac</em></span> <span class='ocrx_word' id='word_1_457' title='bbox 1454 1824 1531 1852; x_wconf 82' lang='lat' dir='ltr'><em>nup-</em></span> 
     </span>
     <span class='ocr_line' id='line_1_64' title="bbox 847 1853 1532 1897; baseline 0.001 -13"><span class='ocrx_word' id='word_1_458' title='bbox 847 1861 888 1890; x_wconf 85' lang='lat' dir='ltr'><em>ta,</em></span> <span class='ocrx_word' id='word_1_459' title='bbox 917 1854 949 1884; x_wconf 89' lang='lat' dir='ltr'><em>id</em></span> <span class='ocrx_word' id='word_1_460' title='bbox 977 1861 1031 1890; x_wconf 89' lang='lat' dir='ltr'><em>est,</em></span> <span class='ocrx_word' id='word_1_461' title='bbox 1059 1853 1242 1889; x_wconf 85' lang='lat' dir='ltr'><em>Stratonice,</em></span> <span class='ocrx_word' id='word_1_462' title='bbox 1267 1855 1395 1896; x_wconf 82' lang='lat' dir='ltr'><em>genitus,</em></span> <span class='ocrx_word' id='word_1_463' title='bbox 1422 1864 1532 1897; x_wconf 86' lang='lat' dir='ltr'><em>nempe</em></span> 
     </span>
     <span class='ocr_line' id='line_1_65' title="bbox 847 1897 1530 1938; baseline 0 -10"><span class='ocrx_word' id='word_1_464' title='bbox 847 1907 866 1928; x_wconf 83' lang='lat' dir='ltr'><em>a</em></span> <span class='ocrx_word' id='word_1_465' title='bbox 893 1897 1033 1933; x_wconf 87' lang='lat' dir='ltr'><em>Seleuco,</em></span> <span class='ocrx_word' id='word_1_466' title='bbox 1062 1909 1145 1938; x_wconf 84' lang='lat' dir='ltr'><em>quem</em></span> <span class='ocrx_word' id='word_1_467' title='bbox 1165 1897 1278 1927; x_wconf 65' lang='lat' dir='ltr'><em>Deum</em></span> <span class='ocrx_word' id='word_1_468' title='bbox 1314 1899 1530 1938; x_wconf 81' lang='lat' dir='ltr'><em>cognominave-</em></span> 
     </span>
     <span class='ocr_line' id='line_1_66' title="bbox 844 1939 1529 1972; baseline 0.001 -2"><span class='ocrx_word' id='word_1_469' title='bbox 844 1947 917 1970; x_wconf 78' lang='lat' dir='ltr'><em>runt</em></span> <span class='ocrx_word' id='word_1_470' title='bbox 946 1941 1067 1971; x_wconf 80' lang='lat' dir='ltr'><em>Milesii.</em></span> <span class='ocrx_word' id='word_1_471' title='bbox 1114 1939 1146 1971; x_wconf 89' lang='lat' dir='ltr'><em>Si</em></span> <span class='ocrx_word' id='word_1_472' title='bbox 1173 1945 1253 1970; x_wconf 86' lang='lat' dir='ltr'><em>recte</em></span> <span class='ocrx_word' id='word_1_473' title='bbox 1281 1948 1300 1969; x_wconf 85' lang='lat' dir='ltr'><em>a</em></span> <span class='ocrx_word' id='word_1_474' title='bbox 1327 1939 1414 1970; x_wconf 91' lang='lat' dir='ltr'><em>nobis</em></span> <span class='ocrx_word' id='word_1_475' title='bbox 1443 1950 1529 1972; x_wconf 85' lang='lat' dir='ltr'><em>mens</em></span> 
     </span>
     <span class='ocr_line' id='line_1_67' title="bbox 846 1981 1529 2025; baseline 0.001 -12"><span class='ocrx_word' id='word_1_476' title='bbox 846 1983 984 2025; x_wconf 85' lang='lat' dir='ltr'><em>Appiani</em></span> <span class='ocrx_word' id='word_1_477' title='bbox 1006 1982 1199 2024; x_wconf 82' lang='lat' dir='ltr'><em>intelligitur,</em></span> <span class='ocrx_word' id='word_1_478' title='bbox 1222 1981 1357 2024; x_wconf 87' lang='lat' dir='ltr'><em>profecto</em></span> <span class='ocrx_word' id='word_1_479' title='bbox 1382 1982 1529 2014; x_wconf 87' lang='lat' dir='ltr'><em>Antiochi</em></span> 
     </span>
     <span class='ocr_line' id='line_1_68' title="bbox 843 2024 1528 2061; baseline 0 -5"><span class='ocrx_word' id='word_1_480' title='bbox 843 2025 915 2061; x_wconf 88' lang='lat' dir='ltr'><em>duo,</em></span> <span class='ocrx_word' id='word_1_481' title='bbox 944 2027 1031 2056; x_wconf 88' lang='lat' dir='ltr'><em>Soter</em></span> <span class='ocrx_word' id='word_1_482' title='bbox 1063 2031 1094 2056; x_wconf 90' lang='lat' dir='ltr'><em>et</em></span> <span class='ocrx_word' id='word_1_483' title='bbox 1127 2026 1228 2060; x_wconf 89' lang='lat' dir='ltr'><em>Deus,</em></span> <span class='ocrx_word' id='word_1_484' title='bbox 1255 2024 1364 2055; x_wconf 82' lang='lat' dir='ltr'><em>fratres</em></span> <span class='ocrx_word' id='word_1_485' title='bbox 1394 2025 1528 2058; x_wconf 86' lang='lat' dir='ltr'><em>fuerunt.</em></span> 
     </span>
     <span class='ocr_line' id='line_1_69' title="bbox 842 2067 1528 2110; baseline 0.001 -12"><span class='ocrx_word' id='word_1_486' title='bbox 842 2068 884 2098; x_wconf 92' lang='lat' dir='ltr'><em>Et</em></span> <span class='ocrx_word' id='word_1_487' title='bbox 909 2069 1022 2110; x_wconf 86' lang='lat' dir='ltr'><em>optime</em></span> <span class='ocrx_word' id='word_1_488' title='bbox 1048 2067 1179 2110; x_wconf 86' lang='lat' dir='ltr'><em>quadrat</em></span> <span class='ocrx_word' id='word_1_489' title='bbox 1201 2067 1233 2098; x_wconf 85' lang='lat' dir='ltr'><em>id</em></span> <span class='ocrx_word' id='word_1_490' title='bbox 1257 2067 1339 2108; x_wconf 93' lang='lat' dir='ltr'><em>quod</em></span> <span class='ocrx_word' id='word_1_491' title='bbox 1364 2067 1528 2109; x_wconf 83' lang='lat' dir='ltr'><em>Appianus</em></span> 
     </span>
     <span class='ocr_line' id='line_1_70' title="bbox 840 2110 1526 2154; baseline 0 -13"><span class='ocrx_word' id='word_1_492' title='bbox 840 2111 935 2152; x_wconf 90' lang='lat' dir='ltr'><em>paulo</em></span> <span class='ocrx_word' id='word_1_493' title='bbox 971 2111 1109 2154; x_wconf 85' lang='lat' dir='ltr'><em>superius</em></span> <span class='ocrx_word' id='word_1_494' title='bbox 1145 2115 1284 2146; x_wconf 83' lang='lat' dir='ltr'><em>testatur,</em></span> <span class='ocrx_word' id='word_1_495' title='bbox 1321 2110 1526 2147; x_wconf 82' lang='lat' dir='ltr'><em>Stratonicen,</em></span> 
     </span>
     <span class='ocr_line' id='line_1_71' title="bbox 842 2152 1525 2195; baseline 0.001 -12"><span class='ocrx_word' id='word_1_496' title='bbox 842 2159 1007 2195; x_wconf 84' lang='lat' dir='ltr'><em>antequam</em></span> <span class='ocrx_word' id='word_1_497' title='bbox 1049 2152 1204 2185; x_wconf 88' lang='lat' dir='ltr'><em>Antiocho</em></span> <span class='ocrx_word' id='word_1_498' title='bbox 1245 2152 1342 2183; x_wconf 87' lang='lat' dir='ltr'><em>Soteri</em></span> <span class='ocrx_word' id='word_1_499' title='bbox 1385 2153 1525 2191; x_wconf 87' lang='lat' dir='ltr'><em>nuberet,</em></span> 
     </span>
     <span class='ocr_line' id='line_1_72' title="bbox 841 2194 1524 2238; baseline -0.001 -10"><span class='ocrx_word' id='word_1_500' title='bbox 841 2197 925 2238; x_wconf 84' lang='lat' dir='ltr'><em>apud</em></span> <span class='ocrx_word' id='word_1_501' title='bbox 950 2197 1112 2228; x_wconf 84' lang='lat' dir='ltr'><em>Seleucum</em></span> <span class='ocrx_word' id='word_1_502' title='bbox 1137 2195 1260 2227; x_wconf 85' lang='lat' dir='ltr'><em>enixam</em></span> <span class='ocrx_word' id='word_1_503' title='bbox 1290 2194 1393 2225; x_wconf 86' lang='lat' dir='ltr'><em>fuisse.</em></span> <span class='ocrx_word' id='word_1_504' title='bbox 1438 2196 1524 2234; x_wconf 86' lang='lat' dir='ltr'><em>Quin</em></span> 
     </span>
     <span class='ocr_line' id='line_1_73' title="bbox 839 2237 1526 2280; baseline 0.003 -11"><span class='ocrx_word' id='word_1_505' title='bbox 839 2239 943 2275; x_wconf 82' lang='lat' dir='ltr'><em>etiam,</em></span> <span class='ocrx_word' id='word_1_506' title='bbox 969 2240 994 2270; x_wconf 92' lang='lat' dir='ltr'><em>si</em></span> <span class='ocrx_word' id='word_1_507' title='bbox 1020 2250 1091 2270; x_wconf 90' lang='lat' dir='ltr'><em>vera</em></span> <span class='ocrx_word' id='word_1_508' title='bbox 1115 2244 1220 2269; x_wconf 84' lang='lat' dir='ltr'><em>narrat</em></span> <span class='ocrx_word' id='word_1_509' title='bbox 1241 2237 1416 2280; x_wconf 79' lang='lat' dir='ltr'><em>Appianus,</em></span> <span class='ocrx_word' id='word_1_510' title='bbox 1440 2239 1526 2271; x_wconf 73' lang='lat' dir='ltr'><em>undo</em></span> 
     </span>
     <span class='ocr_line' id='line_1_74' title="bbox 837 2281 1520 2316; baseline -0.001 -3"><span class='ocrx_word' id='word_1_511' title='bbox 837 2288 936 2313; x_wconf 87' lang='lat' dir='ltr'><em>ortum</em></span> <span class='ocrx_word' id='word_1_512' title='bbox 965 2282 1087 2313; x_wconf 82' lang='lat' dir='ltr'><em>duxerit</em></span> <span class='ocrx_word' id='word_1_513' title='bbox 1121 2281 1292 2312; x_wconf 86' lang='lat' dir='ltr'><em>communis</em></span> <span class='ocrx_word' id='word_1_514' title='bbox 1317 2291 1408 2316; x_wconf 90' lang='lat' dir='ltr'><em>error,</em></span> <span class='ocrx_word' id='word_1_515' title='bbox 1435 2281 1520 2312; x_wconf 90' lang='lat' dir='ltr'><em>vide·</em></span> 
     </span>
     <span class='ocr_line' id='line_1_75' title="bbox 836 2323 1517 2367; baseline 0 -12"><span class='ocrx_word' id='word_1_516' title='bbox 836 2335 905 2355; x_wconf 89' lang='lat' dir='ltr'><em>mur</em></span> <span class='ocrx_word' id='word_1_517' title='bbox 920 2335 981 2355; x_wconf 90' lang='lat' dir='ltr'><em>non</em></span> <span class='ocrx_word' id='word_1_518' title='bbox 993 2324 1095 2367; x_wconf 88' lang='lat' dir='ltr'><em>inepte</em></span> <span class='ocrx_word' id='word_1_519' title='bbox 1110 2323 1268 2365; x_wconf 88' lang='lat' dir='ltr'><em>suspicari.</em></span> <span class='ocrx_word' id='word_1_520' title='bbox 1311 2323 1419 2353; x_wconf 89' lang='lat' dir='ltr'><em>Potuit</em></span> <span class='ocrx_word' id='word_1_521' title='bbox 1432 2334 1517 2355; x_wconf 91' lang='lat' dir='ltr'><em>nem-</em></span> 
     </span>
     <span class='ocr_line' id='line_1_76' title="bbox 837 2365 1517 2409; baseline 0 -11"><span class='ocrx_word' id='word_1_522' title='bbox 837 2377 875 2409; x_wconf 89' lang='lat' dir='ltr'><em>pe</em></span> <span class='ocrx_word' id='word_1_523' title='bbox 904 2368 1077 2398; x_wconf 85' lang='lat' dir='ltr'><em>Antiochus</em></span> <span class='ocrx_word' id='word_1_524' title='bbox 1105 2367 1194 2398; x_wconf 85' lang='lat' dir='ltr'><em>Deus</em></span> <span class='ocrx_word' id='word_1_525' title='bbox 1221 2376 1258 2397; x_wconf 88' lang='lat' dir='ltr'><em>eo</em></span> <span class='ocrx_word' id='word_1_526' title='bbox 1289 2365 1409 2396; x_wconf 81' lang='lat' dir='ltr'><em>facilius</em></span> <span class='ocrx_word' id='word_1_527' title='bbox 1435 2366 1517 2398; x_wconf 88' lang='lat' dir='ltr'><em>credi</em></span> 
     </span>
     <span class='ocr_line' id='line_1_77' title="bbox 837 2407 1518 2450; baseline -0.001 -10"><span class='ocrx_word' id='word_1_528' title='bbox 837 2410 983 2441; x_wconf 87' lang='lat' dir='ltr'><em>Antiochi</em></span> <span class='ocrx_word' id='word_1_529' title='bbox 1005 2409 1120 2441; x_wconf 88' lang='lat' dir='ltr'><em>Soteris</em></span> <span class='ocrx_word' id='word_1_530' title='bbox 1141 2409 1233 2445; x_wconf 88' lang='lat' dir='ltr'><em>filius,</em></span> <span class='ocrx_word' id='word_1_531' title='bbox 1257 2407 1340 2449; x_wconf 90' lang='lat' dir='ltr'><em>quod</em></span> <span class='ocrx_word' id='word_1_532' title='bbox 1362 2408 1518 2450; x_wconf 82' lang='lat' dir='ltr'><em>privignus</em></span> 
     </span>
     <span class='ocr_line' id='line_1_78' title="bbox 836 2450 1519 2493; baseline 0 -11"><span class='ocrx_word' id='word_1_533' title='bbox 836 2452 902 2493; x_wconf 87' lang='lat' dir='ltr'><em>ejus</em></span> <span class='ocrx_word' id='word_1_534' title='bbox 925 2453 1027 2488; x_wconf 83' lang='lat' dir='ltr'><em>fuerit,</em></span> <span class='ocrx_word' id='word_1_535' title='bbox 1047 2453 1087 2483; x_wconf 92' lang='lat' dir='ltr'><em>ob</em></span> <span class='ocrx_word' id='word_1_536' title='bbox 1112 2450 1316 2487; x_wconf 82' lang='lat' dir='ltr'><em>Stratonicen,</em></span> <span class='ocrx_word' id='word_1_537' title='bbox 1344 2460 1413 2491; x_wconf 82' lang='lat' dir='ltr'><em>quae</em></span> <span class='ocrx_word' id='word_1_538' title='bbox 1435 2452 1519 2492; x_wconf 87' lang='lat' dir='ltr'><em>prius</em></span> 
     </span>
     <span class='ocr_line' id='line_1_79' title="bbox 837 2493 1518 2535; baseline -0.001 -10"><span class='ocrx_word' id='word_1_539' title='bbox 837 2493 968 2526; x_wconf 90' lang='lat' dir='ltr'><em>Seleuco</em></span> <span class='ocrx_word' id='word_1_540' title='bbox 1002 2494 1141 2526; x_wconf 76' lang='lat' dir='ltr'><em>Nicator-i</em></span> <span class='ocrx_word' id='word_1_541' title='bbox 1167 2499 1274 2535; x_wconf 87' lang='lat' dir='ltr'><em>nupta,</em></span> <span class='ocrx_word' id='word_1_542' title='bbox 1311 2503 1407 2534; x_wconf 90' lang='lat' dir='ltr'><em>quum</em></span> <span class='ocrx_word' id='word_1_543' title='bbox 1436 2494 1518 2524; x_wconf 89' lang='lat' dir='ltr'><em>hunc</em></span> 
     </span>
     <span class='ocr_line' id='line_1_80' title="bbox 837 2535 1517 2580; baseline -0.003 -11"><span class='ocrx_word' id='word_1_544' title='bbox 837 2537 943 2569; x_wconf 87' lang='lat' dir='ltr'><em>Deum</em></span> <span class='ocrx_word' id='word_1_545' title='bbox 976 2537 1059 2580; x_wconf 87' lang='lat' dir='ltr'><em>apud</em></span> <span class='ocrx_word' id='word_1_546' title='bbox 1094 2547 1164 2568; x_wconf 91' lang='lat' dir='ltr'><em>eum</em></span> <span class='ocrx_word' id='word_1_547' title='bbox 1193 2535 1370 2579; x_wconf 86' lang='lat' dir='ltr'><em>peperisset,</em></span> <span class='ocrx_word' id='word_1_548' title='bbox 1401 2542 1517 2578; x_wconf 82' lang='lat' dir='ltr'><em>postea,</em></span> 
     </span>
     <span class='ocr_line' id='line_1_81' title="bbox 836 2578 1518 2614; baseline -0.003 -3"><span class='ocrx_word' id='word_1_549' title='bbox 836 2580 1025 2611; x_wconf 88' lang='lat' dir='ltr'><em>concedente</em></span> <span class='ocrx_word' id='word_1_550' title='bbox 1053 2580 1193 2614; x_wconf 85' lang='lat' dir='ltr'><em>Seleuco,</em></span> <span class='ocrx_word' id='word_1_551' title='bbox 1230 2578 1385 2609; x_wconf 89' lang='lat' dir='ltr'><em>Antiocho</em></span> <span class='ocrx_word' id='word_1_552' title='bbox 1421 2578 1518 2609; x_wconf 86' lang='lat' dir='ltr'><em>Soteri</em></span> 
     </span>
     <span class='ocr_line' id='line_1_82' title="bbox 837 2620 1518 2663; baseline -0.001 -11"><span class='ocrx_word' id='word_1_553' title='bbox 837 2623 951 2663; x_wconf 84' lang='lat' dir='ltr'><em>nupsit.</em></span> <span class='ocrx_word' id='word_1_554' title='bbox 995 2624 1072 2653; x_wconf 87' lang='lat' dir='ltr'><em>Haec</em></span> <span class='ocrx_word' id='word_1_555' title='bbox 1088 2632 1143 2653; x_wconf 88' lang='lat' dir='ltr'><em>nos</em></span> <span class='ocrx_word' id='word_1_556' title='bbox 1155 2632 1216 2653; x_wconf 91' lang='lat' dir='ltr'><em>non</em></span> <span class='ocrx_word' id='word_1_557' title='bbox 1230 2621 1353 2653; x_wconf 87' lang='lat' dir='ltr'><em>omnino</em></span> <span class='ocrx_word' id='word_1_558' title='bbox 1369 2620 1518 2651; x_wconf 85' lang='lat' dir='ltr'><em>affirmare</em></span> 
     </span>
     <span class='ocr_line' id='line_1_83' title="bbox 838 2662 1518 2707; baseline -0.004 -12"><span class='ocrx_word' id='word_1_559' title='bbox 838 2666 998 2702; x_wconf 82' lang='lat' dir='ltr'><em>audemus,</em></span> <span class='ocrx_word' id='word_1_560' title='bbox 1029 2665 1102 2707; x_wconf 90' lang='lat' dir='ltr'><em>quia</em></span> <span class='ocrx_word' id='word_1_561' title='bbox 1137 2664 1231 2696; x_wconf 84' lang='lat' dir='ltr'><em>ceteri</em></span> <span class='ocrx_word' id='word_1_562' title='bbox 1260 2663 1420 2704; x_wconf 87' lang='lat' dir='ltr'><em>scriptores</em></span> <span class='ocrx_word' id='word_1_563' title='bbox 1456 2662 1518 2695; x_wconf 86' lang='lat' dir='ltr'><em>fere</em></span> 
     </span>
     <span class='ocr_line' id='line_1_84' title="bbox 838 2705 1517 2752; baseline -0.004 -14"><span class='ocrx_word' id='word_1_564' title='bbox 838 2707 1041 2740; x_wconf 83' lang='lat' dir='ltr'><em>dissentiunt:</em></span> <span class='ocrx_word' id='word_1_565' title='bbox 1068 2707 1121 2739; x_wconf 87' lang='lat' dir='ltr'><em>sed</em></span> <span class='ocrx_word' id='word_1_566' title='bbox 1137 2718 1237 2748; x_wconf 85' lang='lat' dir='ltr'><em>neque</em></span> <span class='ocrx_word' id='word_1_567' title='bbox 1252 2705 1439 2752; x_wconf 74' lang='lat' dir='ltr'><em>supprimere</em></span> <span class='ocrx_word' id='word_1_568' title='bbox 1452 2715 1517 2735; x_wconf 86' lang='lat' dir='ltr'><em>sus-</em></span> 
     </span>
     <span class='ocr_line' id='line_1_85' title="bbox 839 2747 1517 2792; baseline -0.006 -11"><span class='ocrx_word' id='word_1_569' title='bbox 839 2750 995 2785; x_wconf 88' lang='lat' dir='ltr'><em>tinuimus,</em></span> <span class='ocrx_word' id='word_1_570' title='bbox 1025 2761 1121 2792; x_wconf 88' lang='lat' dir='ltr'><em>quum</em></span> <span class='ocrx_word' id='word_1_571' title='bbox 1150 2749 1228 2781; x_wconf 84' lang='lat' dir='ltr'><em>Livii</em></span> <span class='ocrx_word' id='word_1_572' title='bbox 1259 2752 1423 2779; x_wconf 76' lang='lat' dir='ltr'><em>auctoritas</em></span> <span class='ocrx_word' id='word_1_573' title='bbox 1451 2747 1517 2789; x_wconf 89' lang='lat' dir='ltr'><em>Ap-</em></span> 
     </span>
     <span class='ocr_line' id='line_1_86' title="bbox 837 2789 1517 2835; baseline -0.006 -10"><span class='ocrx_word' id='word_1_574' title='bbox 837 2794 922 2835; x_wconf 78' lang='lat' dir='ltr'><em>piani</em></span> <span class='ocrx_word' id='word_1_575' title='bbox 942 2793 1114 2825; x_wconf 84' lang='lat' dir='ltr'><em>testimonio</em></span> <span class='ocrx_word' id='word_1_576' title='bbox 1136 2791 1300 2829; x_wconf 76' lang='lat' dir='ltr'><em>conjuncta</em></span> <span class='ocrx_word' id='word_1_577' title='bbox 1324 2789 1439 2831; x_wconf 86' lang='lat' dir='ltr'><em>aliquid</em></span> <span class='ocrx_word' id='word_1_578' title='bbox 1455 2799 1517 2822; x_wconf 79' lang='lat' dir='ltr'><em>cer-</em></span> 
     </span>
     <span class='ocr_line' id='line_1_87' title="bbox 838 2834 1280 2867; baseline -0.007 0"><span class='ocrx_word' id='word_1_579' title='bbox 838 2842 867 2867; x_wconf 85' lang='lat' dir='ltr'><em>te</em></span> <span class='ocrx_word' id='word_1_580' title='bbox 882 2836 1027 2867; x_wconf 84' lang='lat' dir='ltr'><em>momenti</em></span> <span class='ocrx_word' id='word_1_581' title='bbox 1044 2836 1144 2866; x_wconf 83' lang='lat' dir='ltr'><em>facere</em></span> <span class='ocrx_word' id='word_1_582' title='bbox 1158 2834 1280 2864; x_wconf 82' lang='lat' dir='ltr'><em>debeat.</em></span> 
     </span>
    </p>
   </div>
   <div class='ocr_carea' id='block_1_5' title="bbox 897 2880 969 2919">
    <p class='ocr_par' dir='ltr' id='par_1_6' title="bbox 897 2880 969 2919">
     <span class='ocr_line' id='line_1_88' title="bbox 897 2880 969 2919; baseline -0.014 0"><span class='ocrx_word' id='word_1_583' title='bbox 897 2880 969 2919; x_wconf 70' lang='grc' dir='ltr'><em>Ν4</em></span> 
     </span>
    </p>
   </div>
  </div>
 </body>
</html>
