1947 3222
160 231 202 264 U.
214 233 251 264 C.
265 235 339 265 554.

160 275 200 305 A.
215 277 250 308 C.
268 277 338 307 198.

156 1302 206 1332 Re
220 1301 335 1332 insecta

153 1344 219 1376 ubit
234 1347 304 1375 Cos.

153 1532 299 1565 Phocidis
308 1542 358 1562 ur-

150 1577 205 1607 bes
221 1576 260 1606 ab
275 1586 311 1608 eo

148 1625 259 1662 captae.

370 112 420 153 64
889 112 1034 152 T1T1
1082 113 1257 152 LIVII

371 235 533 262 morum
567 235 808 277 pugnaeque
846 221 955 263 hosti
994 221 1135 278 aptius
1168 230 1268 263 erat.
1320 222 1394 264 ubi
1429 220 1604 263 conferti
1637 221 1778 263 hastas

370 277 549 333 ingentis
579 277 853 333 longitudinis
887 293 974 333 prae
1011 293 1052 319 se
1088 279 1340 320 Macedones
1371 278 1632 335 objecissent,
1660 277 1778 319 velut

370 334 414 375 in
453 341 732 375 constructam
772 334 976 375 densitate
1020 334 1248 390 clipeorum
1288 336 1539 377 testudinem
1580 334 1775 384 Romani,

371 390 464 446 pilis
483 390 771 446 nequidquam
795 390 966 440 emissis,
987 405 1119 446 quum
1141 391 1403 434 strinxissent
1423 391 1608 447 gladios3
1639 404 1777 445 neque

369 447 565 503 congredi
594 447 783 502 propius,
813 461 949 502 neque
978 446 1203 502 praecidere
1232 448 1372 490 hastas
1400 456 1616 505 poterant:
1660 455 1716 497 et,
1745 446 1779 487 si

370 507 506 559 quasg
541 503 797 553 incidissent,
837 510 911 544 aut
951 503 1275 560 praefregissent,
1314 505 1506 546 hastiliab
1545 505 1780 559 fragmento

369 559 459 616 ipso
489 567 628 609 aucto,
648 560 757 601 inter
787 558 947 615 spicula
974 559 1231 616 integrarum
1260 561 1490 612 hastarum,
1509 561 1544 587 ⁷⁰
1556 561 1672 602 velut
1693 559 1779 600 val-

368 616 456 657 lum
478 616 702 672 explebant
715 617 732 656 ¹.
794 615 868 656 Ad
891 615 970 657 hoc
990 625 1032 657 et
1052 616 1161 657 muri
1190 632 1287 674 pars
1317 618 1454 659 adhuc
1481 618 1645 673 integra
1666 625 1780 658 utra-

368 687 451 728 que
481 682 575 714 tuta
603 672 829 728 praestabat
859 672 1011 714 latera:
1044 688 1119 714 nec
1139 689 1191 714 ex
1212 674 1335 730 longo
1365 674 1499 730 spatio
1528 683 1602 715 aut
1633 673 1779 714 ceden-

368 729 485 779 dum,
507 739 581 770 aut
611 729 779 785 inpetus
807 728 1023 770 faciendus
1052 738 1166 777 erat;
1198 745 1294 785 quae
1323 746 1388 772 res
1418 731 1587 772 turbare
1617 729 1780 772 ordines

368 786 482 827 solet.
542 785 732 827 Accessit
757 786 883 826 etiam
912 785 1089 828 fortuita
1108 801 1173 827 res
1192 785 1246 827 ad
1267 786 1424 828 animos
1443 803 1586 828 eorum
1615 787 1782 828 firman-

368 841 454 883 dos.
486 857 582 883 nam
603 857 736 898 quum
757 842 885 884 turris
905 857 980 898 per
999 858 1195 898 aggerem
1224 858 1373 899 parum
1403 843 1563 884 densati
1584 844 1659 884 soli
1681 858 1778 898 age-

366 908 499 950 retur,
520 907 613 941 rota
642 914 726 940 una
745 898 787 940 in
809 898 998 940 altiorem
1026 899 1206 940 orbitam
1236 900 1431 956 depressa
1453 900 1514 941 ita
1540 899 1690 940 turrim
1719 900 1780 939 in-

367 955 551 1007 clinavit,
580 963 630 997 ut
660 955 837 1011 speciem
866 955 1025 997 ruentis
1054 956 1258 1006 hostibus,
1285 956 1689 1013 trepidationemque
1718 956 1781 996 in-

366 1027 508 1054 sanam
529 1012 864 1068 superstantibus
883 1013 1053 1055 armatis
1072 1013 1312 1069 praebuerit.
1770 1054 1773 1055 γ

424 1068 606 1110 XVIII.
639 1070 782 1119 Quum
811 1083 960 1125 parum
991 1069 1224 1126 quidquam
1255 1069 1507 1120 succederet,
1530 1069 1673 1111 consul
1701 1068 1778 1110 mi-

364 1125 475 1167 nime
515 1141 638 1182 aequo
672 1125 810 1166 animo
843 1126 1194 1182 comparationem
1231 1127 1410 1168 militum
1446 1127 1608 1182 generis
1644 1141 1778 1167 armo-

365 1197 544 1240 rumque
573 1182 662 1223 fieri
691 1182 958 1238 patiebatur:
1002 1182 1125 1224 simul
1158 1199 1233 1224 nec
1267 1192 1473 1224 maturam
1508 1182 1778 1239 expugnandi

366 1255 495 1296 spem,
516 1254 592 1280 nec
612 1239 812 1280 rationem
844 1239 991 1297 procul
1012 1255 1037 1280 a
1055 1239 1160 1280 mari
1180 1249 1221 1282 et
1243 1240 1285 1281 in
1305 1240 1501 1281 evastatis
1530 1239 1629 1281 belli
1654 1239 1780 1280 cladi-

365 1296 446 1337 bus
479 1296 579 1337 locis
611 1295 860 1337 hibernandi
899 1296 1027 1337 ullam
1068 1297 1272 1338 cernebat.
1314 1297 1458 1352 itaque
1492 1296 1636 1337 relicta
1669 1295 1777 1337 obsi-

366 1352 503 1403 dione,
539 1353 641 1409 quia
674 1352 815 1394 nullus
849 1353 894 1393 in
928 1361 1018 1395 tota
1052 1354 1300 1395 Acarnaniae
1335 1362 1463 1409 atque
1499 1351 1670 1395 AEtoljae
1706 1367 1780 1393 ora

366 1418 514 1466 portus
543 1418 647 1460 erat,
669 1409 744 1465 qui
765 1409 888 1450 simul
908 1418 949 1451 et
969 1424 1110 1450 omnes
1139 1411 1360 1460 onerarias,
1382 1425 1478 1466 quae
1499 1416 1776 1451 commeatum

367 1465 568 1507 exercitui
599 1466 838 1522 portabant,
874 1475 1054 1522 caperet,
1088 1474 1130 1507 et
1164 1475 1274 1508 tecta
1305 1466 1359 1507 ad
1387 1466 1694 1507 hibernandum
1723 1465 1779 1505 le-

368 1522 563 1578 gionibus
597 1522 819 1578 praeberet,
843 1521 1091 1579 ”Anticyra
1124 1522 1167 1563 in
1199 1523 1397 1572 Phocide,
1432 1523 1476 1563 in
1513 1521 1777 1564 Corinthium

368 1594 488 1620 versa
516 1578 666 1628 sinum,
689 1578 743 1620 ad
761 1579 807 1620 id
826 1579 1177 1636 opportunissime
1207 1580 1288 1621 sita
1315 1580 1425 1621 visa:
1459 1579 1560 1636 quia
1579 1593 1653 1620 nec
1682 1592 1778 1634 pro-

369 1636 437 1678 cul
479 1634 696 1677 Thessalia
733 1635 1001 1690 hostiumque
1048 1635 1147 1677 locis
1186 1637 1382 1684 abibant;
1435 1644 1476 1677 et
1516 1651 1566 1677 ex
1602 1635 1776 1677 adverso

367 1692 701 1748 Peloponnesum
731 1691 884 1747 exiguo
903 1692 1028 1733 maris
1056 1693 1190 1748 spatio
1219 1693 1409 1743 divisam,
1431 1693 1484 1734 ab
1515 1701 1633 1748 tergo
1655 1690 1778 1733 AEto-

365 1747 463 1790 liam
491 1748 869 1804 Acarnaniamque,
898 1749 951 1790 ab
981 1748 1182 1790 lateribus
1210 1749 1433 1790 Locridem
1463 1750 1537 1790 ack
1570 1749 1774 1790 Boeotiam

365 1797 589 1861 habefflit.
651 1805 848 1847 Phocidis
880 1805 1015 1862 primo
1049 1806 1195 1862 inpetu
1233 1805 1489 1847 Phanoteam
1526 1804 1612 1846 sine
1646 1812 1776 1845 certa—

365 1862 479 1903 mine
506 1862 628 1918 cepit.
688 1863 896 1918 Anticyra
924 1861 1040 1902 haud
1068 1862 1250 1904 multum
1286 1862 1327 1903 in
1359 1861 1642 1919 obpugnando
1671 1876 1777 1916 prae-

366 1919 460 1961 buit
480 1935 619 1961 morae.
682 1919 918 1975 Ambrysus
937 1918 1033 1959 inde
1055 1919 1390 1975 Hyampolisque
1410 1927 1599 1975 receptae.
1660 1918 1777 1959 Dau-

366 1975 431 2025 lis,
454 1975 553 2032 quia
573 1975 614 2016 in
636 1975 802 2017 tumulo
831 1975 991 2016 excelso
1021 1975 1100 2016 sita
1129 1984 1205 2026 est,
1226 1991 1300 2017 nec
1331 1975 1462 2025 scalis,
1484 1990 1559 2016 nec
1580 1975 1777 2031 operibus

367 2032 458 2089 capi
498 2040 674 2088 poterat.
725 2032 960 2073 lacessendo
999 2032 1225 2073 missilibus
1264 2048 1346 2082 eos,
1388 2032 1462 2088 qui
1501 2031 1544 2072 in
1582 2031 1778 2088 praesidio

367 2098 499 2139 erant,
521 2105 652 2145 quum
679 2089 733 2130 ad
753 2089 1016 2130 excursiones
1044 2088 1294 2139 euenissent,
1315 2088 1562 2145 refugiendo
1582 2089 1624 2128 in
1644 2088 1776 2129 vicem

366 2146 721 2202 insequendoque,
762 2154 803 2187 et
843 2145 1006 2187 levibus
1054 2145 1139 2187 sine
1179 2146 1328 2187 effectu
1380 2145 1687 2194 certaminibus,
1729 2160 1777 2185 eo

366 2202 641 2259 neglegentiae
662 2211 701 2244 et
724 2210 958 2244 contemtus
978 2201 1262 2253 adduxerunt,
1284 2211 1333 2244 ut
1354 2218 1449 2244 cum
1469 2201 1776 2258 refugientibus

367 2259 409 2300 in
444 2268 608 2315 portam
643 2259 839 2315 permixti
869 2259 1057 2316 inpetum
1095 2259 1274 2301 Romani
1308 2260 1503 2301 facerent.
1580 2259 1661 2299 Sex
1695 2257 1776 2298 alia

366 2315 567 2371 ignobilia
596 2316 763 2357 castella
796 2316 994 2357 Phocidis
1028 2325 1184 2358 terrore
1217 2317 1363 2372 magis,
1397 2330 1522 2371 quam
1559 2315 1698 2364 armis,
1727 2315 1774 2355 in

366 2381 614 2429 potestatem
635 2381 850 2414 venerunt.
911 2372 1055 2414 Elatia
1073 2373 1220 2414 clausit
1242 2381 1406 2428 portas:
1438 2387 1528 2422 nec,
1549 2372 1627 2412 nisi
1649 2371 1689 2411 vi
1710 2385 1775 2412 co-

406 2473 424 2500 8
439 2483 524 2512 quam
541 2474 634 2503 Gron.
652 2475 740 2504 Crev.
828 2472 845 2497 h
859 2473 961 2503 hastile
976 2472 1065 2503 Eaed.
1153 2469 1302 2512 implebat
1318 2471 1409 2503 Eaed.
1494 2469 1513 2494 k
1526 2477 1553 2502 et
1570 2469 1657 2501 Eaed.

409 2557 450 2588 70
462 2559 482 2579 ⁸
498 2558 584 2588 Velut
620 2557 731 2587 vallum
767 2558 909 2598 explebat]
964 2557 1049 2589 Valli
1093 2557 1170 2592 vius,
1185 2556 1206 2587 l.
1223 2556 1347 2588 XXVI.
1362 2567 1391 2587 c.
1403 2557 1454 2587 26.
1472 2556 1503 2586 in
1521 2555 1647 2586 Locride
1662 2555 1773 2597 posuit.

367 2599 491 2631 nomine
514 2599 656 2638 designat
673 2599 778 2629 Livius
801 2606 957 2642 porrectas
976 2601 1050 2631 Ma-
1094 2599 1155 2631 Sed
1179 2599 1321 2630 nimirum
1344 2600 1420 2630 fines
1434 2598 1579 2629 Phocidis
1591 2604 1622 2630 et
1638 2597 1775 2629 Locridis

367 2643 520 2674 cedonum
544 2642 677 2677 sarissas,
705 2653 774 2683 quae
801 2643 886 2673 velut
913 2643 995 2674 vallo
1018 2654 1051 2674 a·
1095 2643 1134 2674 ad
1154 2642 1247 2672 maris
1269 2653 1353 2672 oram
1376 2647 1447 2672 sunt
1467 2641 1634 2671 admodum
1656 2640 1774 2672 incerti.

369 2686 447 2717 ciem
472 2685 595 2716 illorum
624 2685 793 2726 sepiebanta
840 2685 967 2716 Vallum
994 2697 1048 2716 au·
1093 2685 1176 2716 Ilinc
1201 2685 1254 2715 illa
1282 2684 1498 2719 inconstantia,
1528 2690 1558 2715 ct
1587 2684 1772 2714 diversorum

370 2735 430 2758 iem
460 2728 537 2758 illud
565 2734 601 2758 ex
626 2727 746 2758 lebatur
774 2727 866 2757 etiam
896 2739 949 2774 per
976 2738 1049 2758 con·
1094 2734 1251 2758 auctorum
1280 2727 1358 2757 inter
1384 2737 1429 2765 se,
1460 2737 1540 2769 saepe
1562 2728 1656 2758 etiam
1682 2726 1773 2757 unius

368 2771 433 2800 cisa
454 2771 589 2802 fractave
633 2770 744 2804 astilia,
761 2770 804 2800 ita
825 2776 858 2799 ut
875 2770 950 2800 mhil
966 2770 996 2800 in
1011 2782 1047 2801 eo
1091 2770 1221 2801 auctoris
1240 2780 1342 2800 secum
1366 2769 1430 2812 ipso
1453 2780 1566 2811 pugna.
1613 2769 1684 2800 Vid.
1701 2769 1771 2800 Cel-

369 2814 470 2847 vacui.
485 2813 558 2843 nilnl
574 2812 686 2844 hiantis
701 2818 753 2844 aut
769 2812 876 2854 aperti,
893 2818 982 2843 esset.
1091 2813 1149 2845 lar.
1164 2813 1340 2855 Geograph.
1357 2812 1501 2854 Antiquae
1518 2813 1538 2845 1.
1555 2813 1601 2844 11.
1616 2822 1642 2842 c.
1661 2812 1711 2842 13.

411 2857 446 2886 71
477 2858 619 2896 Amicum
648 2858 677 2886 in
706 2856 844 2896 Phocide]
892 2856 969 2887 Eam
998 2855 1048 2885 Li·-
