1947 3222
133 218 174 291 ἒς

187 217 223 291 00

237 218 256 290 ῦ-ὈΊ

279 217 310 290 <050

137 722 278 753 Moritur.

139 1118 269 1149 Perseus
277 1128 342 1158 reg-

142 1171 216 1191 num
232 1171 317 1190 mva-

142 1203 198 1234 dit.

77 1533 90 1538 ·
148 1517 307 1546 Bastarnae

146 1556 290 1589 concitati
306 1565 324 1584 a

148 1600 292 1642 Philippo
307 1597 338 1627 in

149 1643 324 1674 Dardanos.

341 97 414 136 506
864 95 1007 134 ΤΙΤῙ
1049 95 1223 135 LlVII

343 204 525 246 Thracia
546 205 722 247 Perseus
751 204 926 256 abesset,
947 204 1163 247 circumire
1193 204 1453 246 Macedoniae
1482 205 1621 258 urbes,
1641 207 1753 264 prin-

303 283 310 290 ·
341 262 587 318 cipibusque
608 263 873 318 Antigonum
894 262 1207 303 commendare:
1239 269 1295 312 et,
1318 261 1349 302 si
1371 261 1458 303 vita
1476 262 1638 326 longior
1658 264 1754 306 sub-

341 319 526 375 petisset,
558 319 673 360 haud
702 318 879 360 dubium
909 319 1006 369 fuit,
1028 319 1130 375 quin
1160 333 1255 359 eum
1286 319 1325 359 in
1356 334 1609 374 possessione
1638 321 1754 377 regni

342 375 564 417 relicturus
592 376 733 417 fuerit.
793 376 866 416 Ab
896 375 1164 416 Demetriade
1192 376 1418 431 profectus,
1450 376 1755 418 Thessalonicae

342 431 570 487 plurimum
601 431 798 488 temporis
818 439 1003 472 moratus
1023 432 1172 473 fuerat.
1203 431 1300 472 inde
1321 447 1454 488 quum
1479 432 1755 490 Amphipolin

345 488 535 538 venisset,
557 489 675 544 gravi
696 489 840 529 morbo
861 496 922 529 est
942 487 1166 544 inplicitus.
1189 488 1261 529 sed
1280 489 1416 530 animo
1436 497 1574 530 tamen
1595 505 1755 545 aegrum

344 544 475 600 magis
509 545 650 592 fuisse,
687 559 814 599 quam
849 559 1035 600 corpore,
1071 553 1255 586 constat:
1302 545 1496 602 curisque
1531 554 1572 587 et
1605 546 1756 602 vigiliis

345 600 399 653 (¹³
411 616 542 657 quum
583 600 825 641 idemtidem
865 600 1019 656 species
1058 609 1100 643 et
1139 601 1300 642 umbrae
1337 601 1510 644 insontis
1548 601 1757 644 interemti

343 658 432 698 filii¹
465 658 692 713 agitarent)
729 657 980 698 exstinctum
1016 673 1102 699 esse
1136 673 1230 699 cum
1267 657 1367 699 diris
1407 659 1757 700 exsecrationibus

344 714 525 755 alterius.
587 714 750 754 Tamen
764 713 1037 755 ¹⁴¹adm0neri¹¹
1052 715 1256 771 potuisset
1278 714 1533 770 Antigonus,
1550 714 1622 756 ¹⁵si
1642 715 1758 757 haud

345 771 486 812 statim
518 770 657 826 palam
691 770 806 812 facta
826 779 933 812 esset
955 785 1065 812 mors
1094 772 1215 827 regis.
1277 771 1471 812 Medicus
1509 771 1756 827 CalligeneS‚

347 826 420 882 qui
448 827 652 868 curationi
672 835 864 883 praeerat,
885 843 968 868 non
998 836 1237 884 exspectata
1265 837 1397 869 morte
1426 828 1550 884 regis,
1572 844 1596 868 a
1615 828 1759 884 primis

347 883 645 939 desperationis
673 884 783 925 notis
802 884 974 925 nuncios
994 885 1320 941 praedispositos,
1342 884 1400 925 ita
1420 893 1468 926 ut
1498 893 1761 936 convenerat,

348 940 460 981 misit
481 940 535 981 ad
556 941 780 989 Perseum3
812 949 854 982 et
875 950 1048 982 mortem
1064 943 1174 998 regis
1194 942 1236 982 in
1257 942 1482 982 adventum
1499 942 1589 998 ejus
1604 957 1760 992 omnes,

349 996 422 1052 qui
443 1004 562 1038 extra
580 997 737 1052 regiam
758 1007 889 1048 erant,
912 998 1071 1040 celavit.

408 1054 553 1094 LVII.
586 1054 804 1110 Obpressit
838 1054 969 1111 igitur
1002 1055 1294 1112 necopinantes
1332 1056 1583 1110 ignarosque
1621 1069 1762 1096 omnes

353 1111 543 1160 Perseus,
565 1118 606 1150 et
635 1125 810 1166 regnum
832 1112 981 1152 scelere
1001 1120 1170 1168 partum
1190 1112 1352 1153 invasit.
1404 1110 1763 1167 1⁶Per0pp0rtuna

351 1181 461 1207 mors
502 1166 687 1222 Philippi
727 1167 810 1208 fuit
850 1168 903 1209 ad
933 1168 1188 1220 dilationem,
1220 1177 1259 1210 et
1299 1167 1353 1209 ad
1387 1168 1496 1208 vires
1528 1167 1639 1209 bello
1668 1182 1763 1208 con-

352 1223 585 1264 trahendas.
616 1238 711 1264 nam
740 1232 835 1279 post
863 1225 1008 1281 paucis
1036 1224 1185 1266 diebus
1213 1240 1314 1281 gens
1344 1226 1657 1274 Bastarnarum,
1688 1223 1763 1266 diu

354 1279 585 1329 sollicitata,
626 1280 678 1321 ab
723 1281 808 1321 suis
853 1281 1020 1322 sedibus
1059 1297 1210 1337 magna
1252 1280 1441 1338 peditum
1485 1281 1764 1337 equitumque

353 1351 479 1376 manu
511 1336 669 1377 Istrum
699 1338 874 1393 trajecit.
905 1338 1002 1378 inde
1031 1337 1283 1394 praegressis,
1305 1337 1378 1393 qui
1397 1337 1640 1379 nunciarent
1660 1337 1764 1393 regi,

356 1392 569 1448 Antigono
589 1400 630 1434 et
652 1394 845 1434 Cottonix
863 1394 916 1446 (17
925 1394 1072 1436 nobilis
1093 1403 1181 1436 erat
1203 1396 1430 1442 Bastarna;
1463 1401 1503 1435 et
1525 1393 1766 1449 Antigonus

353 1449 585 1505 perinvitus
615 1465 709 1490 cum
740 1449 829 1506 ipso
866 1453 1045 1493 Cottone
1080 1451 1242 1504 legatus
1276 1450 1330 1492 ad
1365 1450 1630 1493 concitandos
1666 1450 1768 1491 Bas-

357 1515 496 1547 tarnas
525 1505 694 1561 missus)
727 1506 839 1548 haud
869 1508 1016 1564 procul
1046 1507 1293 1565 Amphipoli
1324 1506 1509 1558 ¹⁸fama⁸½
1539 1506 1636 1547 inde
1665 1505 1767 1547 certi

355 1563 496 1603 nuncii
527 1563 817 1615 obcurrerunt,
847 1573 1061 1606 mortuum
1092 1581 1177 1606 esse
1207 1580 1358 1621 regem.
1390 1579 1486 1620 quae
1513 1578 1578 1604 res
1606 1577 1767 1604 ornnem

357 1619 544 1660 ordinem
574 1619 732 1661 consilii
766 1621 965 1663 turbavit.
1028 1622 1317 1678 Compositum
1347 1629 1487 1662 autern
1518 1620 1575 1661 sic
1604 1620 1765 1661 fuerat:

359 1676 580 1717 transitum
619 1692 694 1733 per
735 1678 959 1719 Thraciam
999 1686 1141 1720 tutum
1180 1686 1222 1720 et
1266 1686 1519 1719 commeatus
1559 1675 1771 1718 Bastarnis

403 1775 413 1794 ῑ
432 1773 504 1804 Filii
518 1786 583 1804 enm
608 1776 680 1805 diris
701 1778 848 1817 agitarent
873 1776 969 1807 Gron.

361 1816 381 1846 d
402 1817 411 1846 l
440 1818 468 1847 G
1019 1777 1087 1807 Filii
1107 1788 1172 1808 eum
1193 1779 1340 1819 agitarent
1366 1778 1458 1808 Crev.
1481 1775 1586 1817 paullo
1606 1780 1675 1817 post
1697 1776 1771 1807 diris

384 1826 399 1847 e
415 1839 423 1846 .
472 1827 537 1847 ron.

709 1822 724 1838 ¹¹
739 1821 882 1849 admoveri
899 1820 994 1850 Gron.
1011 1820 1104 1850 Crev.
1277 1823 1294 1840 Χ
1309 1821 1466 1860 Ῥναὲνεεεὶ,
1483 1831 1510 1859 q.
1522 1830 1552 1848 n.
1564 1829 1591 1849 r.
1606 1819 1771 1858 Antigonus

361 1865 388 1889 et
406 1860 503 1889 Cotto:
529 1861 628 1891 nobilis
643 1872 667 1891 e.
686 1861 841 1896 Bastarna,
855 1873 879 1892 e.
896 1863 932 1891 A.
948 1872 978 1901 p.
993 1872 1017 1892 c.
1032 1864 1052 1892 i.
1073 1864 1106 1892 C.
1124 1863 1142 1892 l.
1158 1875 1186 1892 a.
1200 1874 1226 1893 c,
1245 1862 1280 1893 Β.
1297 1864 1405 1893 missus.
1421 1861 1508 1892 Eaed.

362 1913 412 1931 πιιι
428 1903 532 1932 incerti
548 1905 650 1933 nuncii
664 1903 751 1934 Eaed.

410 1988 445 2017 13
471 1987 571 2023 Quum,
600 1989 754 2019 identidem
787 1990 889 2028 specle-s
918 1995 944 2019 ct
981 2001 1045 2019 um-

364 2031 422 2059 broe
439 2052 446 2060 .
464 2053 472 2060 .
489 2052 497 2061 .
512 2033 671 2072 agitarent,
700 2033 871 2062 exstinctum
898 2043 952 2062 esse
979 2044 1046 2062 cum

363 2074 437 2102 diris
472 2076 695 2104 execrationibus
722 2075 859 2116 alterius]
896 2075 946 2105 Sic
981 2074 1046 2105 edi-

365 2114 410 2145 dit
445 2116 584 2147 Clericus
617 2128 655 2147 cx
684 2117 835 2159 probabili
871 2117 1048 2158 conjectura

367 2158 525 2194 Gronovii,
549 2159 601 2200 qui
627 2159 703 2190 nihil
730 2160 815 2190 aliud
837 2160 968 2191 mutavit
991 2161 1047 2192 hoc

368 2200 443 2236 loco,
475 2200 531 2231 nisi
562 2202 644 2243 quod
673 2203 779 2233 luxata
808 2208 838 2233 et
865 2209 1048 2246 praepostere

367 2242 519 2274 collocata
534 2244 566 2274 in
581 2246 766 2276 Germanico
777 2246 943 2288 exemplari
957 2247 1049 2277 verba

367 2285 398 2315 in
413 2285 551 2317 ordinem
566 2288 729 2318 revocavit„

414 2329 451 2357 14
476 2330 642 2371 Admovet-i]
668 2330 716 2361 Ac
729 2341 812 2372 spem
828 2332 923 2371 regni.

414 2370 452 2401 15
476 2372 507 2402 Si
532 2373 611 2403 haud
635 2375 730 2403 statim
757 2375 853 2413 palam
869 2375 959 2416 jacta
984 2381 1049 2405 essct

369 2424 443 2442 mors
484 2416 575 2456 regis]
625 2416 767 2457 Explicat
811 2417 980 2448 Gruterus:
1026 2418 1050 2447 si

370 2454 454 2485 haud
481 2457 584 2487 statim
615 2459 744 2489 l‘erscus
779 2459 817 2490 de
844 2465 940 2491 morte
975 2460 1052 2500 regis

370 2497 480 2528 certior
493 2499 593 2530 factus
611 2507 700 2532 esset.
745 2501 805 2531 Sed
828 2501 884 2533 hoc
907 2502 1051 2543 loquendi

371 2551 467 2580 genus
494 2543 590 2580 palam
609 2544 709 2583 jacta,
736 2544 855 2575 videtur
886 2545 978 2576 latius
1007 2545 1052 2574 in-

373 2583 582 2623 telligendum,
628 2597 719 2625 quam
758 2587 795 2617 dc
831 2598 891 2618 uno
929 2588 1051 2618 Perseo.

374 2627 479 2662 Quum
517 2627 607 2668 igitur
644 2628 721 2658 'mna
757 2629 876 2659 dicatur
914 2629 1052 2661 medicus

375 2674 499 2699 mortem
523 2670 601 2712 regis
623 2670 653 2700 in
677 2670 841 2703 adventum
862 2672 964 2703 Persei
988 2683 1051 2703 om-

375 2721 428 2740 nes
449 2712 500 2752 qui
523 2718 608 2744 extra
631 2714 745 2753 regiam
769 2720 855 2745 erant
876 2715 1003 2749 celasse,
1022 2721 1052 2745 et

378 2753 549 2794 Antigonus
577 2755 744 2798 perinvitus
773 2757 924 2793 abfuisse;
962 2757 1051 2788 facile.

375 2794 589 2829 descendimus
633 2799 662 2828 in
701 2799 815 2839 sigonii
855 2800 1050 2835 sententiam,

374 2838 425 2877 qui
449 2845 536 2879 putat
558 2841 677 2873 dedisse
701 2842 838 2873 Livium:
871 2843 974 2873 Tamen
998 2846 1050 2872 ad-

1688 1860 1770 1902 ysa-

1089 1992 1193 2021 moveri
1215 1991 1351 2030 potuisset
1377 1989 1552 2031 Antigonus,
1577 1990 1602 2020 si
1624 1994 1677 2019 aut
1706 1995 1770 2019 mm

1089 2033 1240 2074 adtirisset,
1265 2041 1318 2063 αιιι
1347 2034 1443 2063 statim
1468 2032 1568 2071 palam
1586 2031 1677 2073 facta
1703 2037 1771 2062 esset

1089 2087 1164 2105 mors
1178 2078 1263 2107 renis.

1136 2120 1174 2150 16
1199 2103 1419 2158 βονιηηωνῑυπιι
1440 2128 1514 2147 mars
1540 2118 1667 2156 Philippi
1684 2116 1770 2159 fnit]

1093 2162 1323 2204 Peropportune
1359 2159 1472 2191 accidit
1506 2160 1667 2194 Romanis,
1697 2169 1774 2200 quos

1092 2204 1258 2246 imparatos
1274 2213 1434 2245 aggressus
1447 2209 1526 2233 esset
1543 2203 1716 2244 Philippus.

1139 2248 1175 2277 17
1201 2247 1311 2278 Nobilis
1333 2252 1395 2276 erat
1418 2246 1575 2281 Bastarna,
1597 2253 1624 2276 et
1650 2246 1773 2285 Antigo-

1092 2291 1163 2331 nus]
1188 2289 1306 2320 Reddit
1320 2288 1467 2320 rationem
1482 2299 1535 2319 cur
1551 2289 1642 2320 Cotto
1661 2293 1692 2318 et
1706 2287 1772 2317 An-

1092 2333 1214 2373 tigonus
1229 2333 1312 2363 missi
1332 2332 1392 2362 sint
1414 2331 1455 2361 ad
1478 2330 1687 2362 nunciandum
1707 2329 1774 2377 regi

1096 2377 1314 2406 Bastarnarum
1341 2374 1519 2405 adventum.
1571 2374 1663 2404 Cotto
1685 2383 1774 2402 mmi-

1095 2429 1161 2448 rum
1178 2418 1289 2449 nobilis
1303 2424 1368 2447 erat
1393 2417 1563 2451 Bastarna:
1587 2415 1774 2455 Antigonus,

1096 2461 1214 2501 legatus
1240 2459 1334 2502 ipsius
1357 2458 1503 2500 Philippi.
1556 2458 1702 2489 Ceterum
1725 2457 1774 2488 hic

1095 2514 1217 2544 quoque
1239 2503 1322 2534 locus
1339 2507 1477 2542 corrupte
1499 2501 1608 2541 legitur
1630 2501 1662 2531 in
1684 2500 1773 2531 unico

1096 2546 1282 2588 exemplari:
1309 2545 1409 2576 nobilis
1434 2550 1495 2574 crat
1519 2544 1660 2575 Bastarna
1678 2554 1709 2573 ea
1733 2554 1777 2573 res

1096 2590 1259 2629 Antigonus
1287 2599 1358 2627 soepe
1384 2588 1492 2616 inritus
1521 2598 1586 2617 cnm
1620 2588 1677 2626 ipso
1708 2586 1774 2616 Cot-

1096 2638 1169 2661 tone.
1215 2632 1282 2662 Nos
1300 2640 1369 2660 eum
1392 2628 1544 2660 edidimus
1567 2629 1776 2663 emendatum,

1096 2673 1205 2715 partim
1228 2684 1265 2704 ex
1288 2671 1413 2713 sigonii,
1436 2672 1547 2714 partim
1569 2682 1605 2703 ex
1629 2670 1776 2703 Gronovii

1096 2716 1280 2757 conjectura.

1140 2760 1178 2788 18
1207 2759 1302 2789 Famoe
1319 2759 1422 2788 incerti
1436 2757 1552 2798 nunwii]
1579 2756 1659 2788 Mire
1675 2756 1775 2798 placet

1100 2800 1245 2831 Perizonii
1272 2800 1464 2842 conjectura:
1485 2800 1585 2841 sarna,
1614 2801 1681 2831 dein
1702 2799 1774 2829 certi

1096 2855 1208 2874 nuncn-
