1947 3222
537 67 662 105 LIB.
690 65 885 105 XXXIV.
924 66 1055 104 CAP.
1081 66 1229 105 XLvr.
1504 71 1576 111 173
1606 57 1609 59 ’

161 174 262 216 visae
283 183 405 217 sunt:
435 184 479 218 et
500 185 612 218 terra
640 175 861 231 aliquoties
881 174 1017 230 pluit:
1050 183 1091 216 et
1112 184 1240 231 caput
1263 175 1438 218 Vulcani
1463 176 1579 218 arsit.
1593 187 1684 219 U.C.
1697 187 1771 218 558.

161 231 422 274 Nuneiatum
454 241 531 283 est,
563 233 675 273 Nare
703 232 837 273 amnib
867 232 930 272 lac
962 231 1156 272 fluxisse:
1194 247 1347 287 pueros
1377 233 1581 289 ingenuos
1594 230 1635 262 Α·
1649 230 1687 262 C·
1701 230 1775 261 194.

162 288 346 330 Arimini
375 290 461 330 sine
488 288 619 330 oculis
640 305 687 330 ac
708 304 833 336 naso;
867 297 907 329 et
929 288 972 329 in
995 289 1150 329 Piceno
1175 303 1275 343 agro
1306 304 1389 330 non
1417 305 1581 340 manus,

161 360 244 386 non
284 345 411 402 pedes
449 346 673 387 habentem
713 355 872 386 natum.
922 361 970 386 ea
1009 344 1206 401 prodigia
1245 360 1296 385 ex
1335 346 1583 400 pontificum

162 401 330 443 decreto
349 410 584 458 procurata.
640 404 700 444 Et
722 402 969 443 sacrificium
989 401 1249 442 novemdiale
1270 401 1447 451 factum,
1469 403 1586 458 quod

163 458 371 500 Hadriani
392 458 707 509 nunciaverant,
729 459 771 500 in
792 474 893 515 agro
915 474 991 500 suo
1012 458 1225 514 lapidibus
1245 457 1412 514 pluisse.

229 515 398 556 XLVI.
432 516 486 556 In
523 516 664 557 Gallia
699 516 750 556 L.
778 515 970 557 Valerius
1007 516 1184 557 Flaccus
1218 514 1443 571 proconsul
1477 514 1587 556 circa

165 571 457 613 Mediolanum
493 588 589 614 cum
627 572 762 614 Gallis
799 572 1067 622 Insubribus,
1103 580 1143 614 et
1179 571 1308 622 Boiis,
1342 571 1417 627 qui
1448 572 1588 612 Doru-

165 628 255 670 laco
299 628 406 670 duce
456 629 511 670 ad
558 629 825 671 concitandos
878 629 1078 670 Insubres
1129 629 1296 670 Padum
1341 627 1587 685 transgressi

165 693 298 736 erant,
320 686 450 741 signis
470 686 644 728 conlatis
665 686 937 742 depugnavit.
969 686 1113 727 decem
1133 685 1265 726 millia
1283 684 1469 726 hostium
1491 692 1588 726 sunt

165 757 283 783 caesa.
345 744 428 784 Per
457 759 526 785 eos
557 743 644 784 dies
674 744 833 799 collega
864 744 954 799 ejus
986 743 1049 783 M.
1074 742 1249 784 Porcius
1282 743 1390 783 Cato
1414 757 1465 783 ex
1489 742 1589 783 His-
1601 742 1728 774 Catonis
1741 742 1793 774 tri-

164 798 290 855 pania
323 799 614 857 triumphavit.
660 800 760 842 tulit
799 801 842 841 in
877 815 925 840 eo
960 800 1177 856 triumpho
1206 798 1410 855 ⁵⁶argenti
1444 798 1589 840 infecti
1601 786 1746 829 umphus.

165 855 318 912 viginti
350 857 539 913 quinque
571 857 702 898 millia
737 857 892 914 pondo,
917 856 1091 912 ⁵⁷bigat'1
1123 864 1291 897 centum
1327 855 1478 911 viginti
1509 855 1592 896 tria

167 912 311 963 millia,
352 912 588 955 ⁵⁸Oscensis
632 914 867 970 quingenta
911 913 1217 969 quadraginta:
1269 912 1303 936 ⁵⁹
1317 912 1409 953 auri
1449 912 1590 968 pondo

167 969 280 1010 mille
312 970 632 1026 quadringenta.
694 970 910 1012 Militibus
941 985 992 1010 ex
1024 969 1170 1026 praeda
1201 968 1345 1010 divisit
1377 968 1420 1009 in
1451 969 1592 1024 singu-

169 1025 246 1077 los,
268 1025 490 1068 ⁶⁰ducenos
521 1036 798 1083 septuagenos
819 1027 927 1077 aeris,
949 1026 1143 1082 ⁶¹triplex
1174 1025 1320 1081 equiti.
1384 1026 1453 1066 Ti.
1479 1027 1592 1067 Sem-

171 1083 344 1138 pronius
376 1083 535 1134 consul‚
568 1085 612 1124 in
644 1083 901 1140 provinciam
936 1083 1167 1139 profectus,
1198 1083 1242 1123 in
1276 1082 1477 1123 Boiorum
1509 1082 1593 1138 pri-
1605 1090 1748 1137 Semprq-

170 1154 288 1181 mum
318 1155 467 1196 agrum
496 1140 679 1196 legiones
709 1140 846 1182 duxit.
908 1139 1080 1180 Boiorix
1111 1148 1203 1180 tum
1234 1139 1407 1195 regulus
1433 1139 1762 1206 eorum,¹}¹3¹u.⁵¹t¹¹¹

171 1211 268 1237 cum
288 1196 456 1238 duobus
480 1196 683 1239 fratribus
714 1206 804 1239 tota
832 1206 957 1253 gente
987 1196 1194 1238 concitata
1214 1196 1268 1237 ad
1288 1195 1594 1245 rebellandum,
1638 1185 1712 1206 mos.

170 1252 345 1295 ⁶⁶⁶’castra
375 1253 476 1295 locis
509 1254 682 1311 apertis⁰
711 1253 876 1311 posuit:
909 1262 959 1295 ut
989 1253 1209 1310 adpareret
1245 1253 1530 1303 dimicaturos,
1563 1253 1598 1294 si

171 1309 304 1352 hostis
333 1310 436 1352 fines
470 1310 676 1353 intrasset.
739 1310 899 1352 Consul
928 1310 1019 1360 ubi,
1052 1319 1225 1367 quantae
1260 1309 1405 1367 copiae,
1436 1317 1598 1366 quanta

172 1366 328 1408 fiducia
356 1376 463 1409 esset
493 1368 617 1418 hosti,
645 1367 785 1419 sensit,
816 1368 1018 1409 nuncium
1047 1367 1103 1408 ad
1132 1367 1333 1423 collegam
1363 1366 1511 1418 mittit,
1537 1373 1596 1416 ut,

173 1425 211 1464 si
227 1425 430 1466 videretur
451 1427 502 1472 εἰ,
520 1432 744 1466 maturaret
760 1427 909 1466 venire.
935 1439 975 1465 se
998 1425 1301 1479 tergiversando
1322 1425 1366 1465 in
1382 1426 1598 1465 adventum

175 1479 259 1534 ejus
285 1497 367 1522 rem
402 1489 688 1523 extracturum.
750 1483 856 1532 Quae
891 1496 1036 1522 caussa
1070 1481 1231 1522 consuli
1262 1481 1502 1531 cunctandi,
1532 1496 1599 1522 ea-

179 1537 274 1578 dem
313 1538 448 1579 Gallis
485 1538 787 1595 (praeterquam
828 1538 945 1595 quod
979 1537 1190 1579 cunctatio
1220 1537 1408 1579 hostium
1439 1537 1599 1579 animos

175 1593 375 1650 faciebat)
407 1595 467 1636 rei
501 1595 763 1638 maturandae
793 1603 898 1644 erat,
927 1602 992 1645 ut,
1022 1594 1268 1650 priusquam
1299 1594 1600 1650 conjungeren-

178 1658 251 1692 tur
279 1652 496 1694 consulum
527 1653 674 1708 copiae,
705 1667 793 1692 rem
822 1651 1112 1707 transigerent.
1143 1666 1219 1707 per
1247 1650 1428 1692 biduum
1457 1656 1599 1693 'tamen

178 1707 281 1749 nihil
310 1709 442 1758 aliud,
470 1724 600 1765 quam
631 1716 836 1751 steterunt
866 1708 1003 1764 parati
1033 1707 1087 1748 ad
1116 1707 1411 1805 pugnandum,
1441 1707 1473 1749 si
1504 1708 1600 1764 quis

178 1773 324 1807 contra
349 1765 642 1821 egrederetur:
680 1765 866 1807 ⁶⁵te1·tio‘¹
899 1764 1063 1807 subiere
1090 1780 1115 1805 a
1174 1764 1348 1815 vallum,
1379 1773 1599 1821 castraque
1613 1769 1678 1808 Qui
1692 1770 1812 1813 obpug-

1611 1819 1688 1844 nant
1702 1821 1803 1845 castra

224 1845 242 1870 Β
259 1847 341 1879 Nare
353 1850 434 1878 amni
448 1847 470 1879 1.
486 1848 668 1879 Inter-amm
685 1848 783 1880 Gron.
799 1848 893 1880 Crev.
1355 1847 1372 1871 ‘¹
1385 1847 1441 1878 ins·
1458 1849 1487 1879 ω’
1502 1848 1600 1880 Gron.
1612 1857 1767 1888 Romana.

179 1891 272 1922 Crev.

226 1961 268 1991 56
299 1961 424 2002 Argenti
448 1983 456 1991 .
477 1982 486 1991 .
508 1963 616 2004 viginti
648 1963 774 2002 quinque
801 1961 869 1990 mil·
913 1960 989 1991 Vid.
1002 1960 1093 1995 infra,
1109 1970 1136 1991 c.
1151 1961 1204 1992 52.

184 2003 225 2033 lia
257 2005 367 2045 pondo]
412 2005 540 2036 Marcas
573 2009 725 2036 nostrates
752 2005 868 2036 39062.
956 2005 997 2034 62
1023 2004 1126 2034 Castra
1150 2004 1217 2034 locis
1237 2006 1346 2044 apertis
1365 2005 1477 2045 posuit]
1510 2004 1599 2036 Locis

989 1850 1004 1868 ‘'-
1018 1849 1128 1879 idoneis
1143 1847 1241 1879 Gron.

186 2056 257 2077 cum
273 2052 405 2087 quatuor
419 2047 527 2078 unciis.

230 2090 270 2120 57
303 2089 406 2130 Bigati
437 2096 553 2120 centum
582 2091 689 2132 viginti
717 2091 776 2120 tria
803 2090 870 2120 mil-

186 2132 245 2173 lia]
283 2132 439 2163 Denarios
464 2134 598 2164 123000.
621 2132 652 2163 id
674 2139 733 2169 est,
749 2143 871 2164 marcas

187 2175 307 2216 argenti
324 2176 417 2206 1921.
433 2185 504 2206 cum
519 2181 635 2217 septem
649 2175 759 2206 unciis.

231 2219 272 2249 58
304 2218 433 2249 Oscensis
467 2220 629 2260 quingenta
644 2218 870 2260 'quadraginta]

187 2262 228 2292 In
242 2260 300 2291 hoc
314 2271 441 2292 numero
463 2260 587 2292 videtur
604 2271 669 2291 esse
684 2261 803 2297 vitium,
819 2262 873 2302 qui

188 2304 215 2335 si
236 2303 319 2334 nude
340 2310 490 2339 sumatur,
513 2304 698 2345 perexiguus
721 2309 785 2340 est3
815 2304 873 2334 im-

189 2347 300 2382 manis,
316 2346 342 2377 si
361 2346 463 2377 addas
484 2348 589 2377 millia.
634 2346 735 2377 Librae
753 2347 872 2376 Roma-

189 2399 238 2420 nae
267 2391 341 2421 540.
371 2396 443 2420 sunt
478 2400 591 2421 marcae
618 2395 778 2420 nostrates*
800 2389 875 2420 843.

194 2442 264 2463 cum
279 2432 377 2464 unciis
393 2433 423 2463 6.
449 2432 550 2463 Librae
567 2433 720 2463 Romanae
736 2433 874 2463 540000.

193 2480 264 2506 sunt
276 2486 389 2506 marcae
401 2476 538 2506 843750.

236 2519 276 2548 59
305 2520 383 2548 Auri
415 2520 509 2558 pondo
536 2519 616 2549 mille
642 2517 875 2558 quadringenta]

196 2560 323 2591 Mamas
336 2566 487 2592 nostrates
501 2562 596 2592 2187.
613 2572 682 2592 cum
702 2560 801 2591 unciis
817 2565 847 2592 4.

238 2603 279 2633 60
302 2604 436 2634 Ducevzos
456 2610 644 2644 septuagenos
665 2604 747 2644 oeris]
779 2603 811 2633 Si
834 2613 876 2632 aes

197 2655 290 2686 grave
301 2645 520 2687 intelligamuS,
532 2647 606 2677 270.
621 2646 690 2677 aeris
705 2651 776 2677 sunt
787 2656 877 2687 pares

197 2687 330 2718 denariis
350 2690 402 2719 27.
425 2689 525 2720 unciis
547 2689 668 2730 argenti
690 2688 878 2719 nostratibus

199 2731 230 2760 3.
246 2740 315 2760 cum
332 2731 490 2770 tribus,·ut
504 2737 627 2767 vocant,
643 2731 764 2773 grossis.

240 2773 279 2803 61
306 2773 422 2813 TripLa
444 2775 548 2816 equiti]
585 2775 671 2806 Ante
693 2774 762 2805 haec
785 2773 879 2804 verba

197 2814 318 2847 videtur
352 2815 518 2847 excidisse:
560 2818 667 2858 duplex
703 2817 879 2849 centurioni.

913 2046 1026 2087 planis,
1043 2052 1073 2077 et
1089 2057 1158 2088 quae
1174 2047 1264 2077 facile
1280 2046 1358 2077 adiri
1372 2054 1508 2089 possent.
1537 2050 1598 2079 Ge-

914 2089 1015 2120 lenius
1027 2095 1209 2129 mutaverat>
1220 2089 1254 2120 τὶ
1268 2091 1385 2129 apertis,
1404 2089 1600 2131 jusseratque

914 2132 976 2173 legi
1003 2134 1122 2168 idoneis,
1151 2138 1246 2174 atque
1270 2132 1299 2163 ei
1325 2139 1435 2174 postea
1460 2134 1600 2164 obsecuti

915 2180 988 2206 sunt
1029 2174 1174 2206 editores.
1239 2175 1399 2207 Incuriose
1444 2176 1598 2218 profecto:

916 2217 990 2259 quid
1002 2218 1084 2249 enim
1100 2218 1205 2248 sanius
1217 2224 1271 2249 aut
1285 2218 1409 2254 clarius,
1424 2230 1519 2260 quam
1534 2220 1602 2251 haec

916 2261 1027 2291 lectio!
1069 2262 1172 2292 Castra
1200 2263 1268 2292 locis
1297 2264 1406 2301 apertis
1429 2265 1538 2302 posuit,
1567 2269 1603 2293 ut

916 2310 1068 2343 appareret
1096 2306 1295 2335 dimicaturos.
1349 2304 1414 2342 Qui
1447 2305 1479 2335 in
1508 2306 1604 2347 plano

917 2352 948 2377 et
970 2352 1076 2388 aperto
1099 2347 1181 2377 locat
1203 2353 1316 2383 castra,
1331 2346 1357 2377 is
1371 2357 1409 2378 ea
1424 2358 1456 2378 re
1470 2349 1604 2379 ostendit

918 2389 976 2419 sibi
1002 2395 1136 2420 mentem
1162 2400 1229 2420 esse
1253 2389 1434 2426 dimicandi,
1459 2391 1484 2420 si
1509 2391 1605 2421 hostis

919 2432 1059 2463 accedat.
1109 2432 1226 2463 Contra
1239 2443 1299 2464 vox
1316 2435 1423 2463 idoneis
1437 2433 1604 2464 substituta

919 2475 1064 2505 obscurat
1106 2485 1241 2511 sensum,
1279 2475 1304 2505 si
1346 2486 1409 2506 non
1449 2476 1605 2518 pervertit.

920 2517 1052 2548 Accedit
1091 2518 1257 2549 auctoritas
1289 2517 1413 2549 Thuan.
1443 2518 1557 2558 codicis
1586 2529 1605 2550 a

921 2561 992 2591 JaC.
1022 2560 1180 2592 Gronovio
1209 2561 1354 2602 inspecti,
1385 2566 1416 2592 et
1442 2561 1605 2598 Victorini,

920 2602 974 2644 qui
989 2601 1020 2632 id
1035 2603 1152 2634 habent
1166 2603 1249 2645 quod
1264 2603 1416 2635 dedimus.

964 2646 1004 2675 63
1031 2646 1127 2676 Tertio
1151 2648 1177 2677 ιὶ
1199 2647 1325 2687 subiere]
1362 2645 1485 2677 Vocula
1506 2647 1535 2676 vi
1554 2656 1605 2676 su-

920 2698 1075 2729 pervacua
1096 2689 1226 2720 videtur.
1272 2690 1352 2720 Eam
1375 2688 1491 2732 respuit
1511 2688 1607 2719 Gele-

921 2731 1002 2767 nius,
1030 2737 1062 2762 e‘t
1087 2732 1265 2769 Victor-inus
1295 2731 1402 2763 codex.
1438 2733 1466 2759 fl*
1476 2731 1604 2767 Melius,

922 2777 1006 2806 tertio
1021 2776 1079 2806 die.
