1947 3222
352 318 360 326 .
392 287 564 330 tentiam
594 290 874 347 exspectabat..

353 362 361 371 ·
393 360 494 426 pore
522 345 557 370 ⁸⁰
571 354 612 388 et
652 347 877 403 prudentia
906 355 947 388 et
977 346 1224 388 auctoritate
1255 346 1452 388 anteibat.

382 1936 660 1986 'militaverat‚
682 1936 864 1992 ignarus.

391 184 468 217 210
915 181 981 221 TI
997 182 1030 221 T
1044 182 1061 219 1
1107 181 1141 219 L
1154 181 1169 219 1
1183 181 1217 217 V
1232 181 1247 218 1
1263 180 1280 217 1

936 291 1098 332 Praetor
1118 290 1152 331 is
1173 298 1265 333 tum
1285 298 1388 340 erat,
1410 297 1452 331 et
1471 303 1613 330 omnes
1633 303 1681 330 eo
1701 297 1803 330 tem-

1514 347 1559 387 Is
1587 345 1804 402 praefatus,

434 403 547 443 Bene
577 411 850 457 comparatum
886 405 998 456 opud
1026 403 1191 444 AEtolos
1220 417 1313 450 esse,
1343 418 1392 443 ne
1418 409 1590 456 praetor,
1612 417 1726 456 quum
1758 403 1808 443 de

394 459 497 500 bello
526 461 794 508 consuluisset,
819 463 903 513 ipse
926 461 1161 500 sententiam
1183 461 1352 500 diceret.-
1384 468 1566 501 statuere
1596 459 1808 515 quampri-

395 513 511 558 mum
546 518 671 574 ipsos,
700 517 802 572 quid
833 516 1000 566 vellent,
1027 516 1165 572 jussit.
1229 517 1448 558 Praetorem
1479 519 1638 557 decreta
1671 531 1807 556 eorum

395 588 479 615 cum
493 575 586 628 fide
607 581 644 615 et
673 589 771 614 cura
795 579 1084 614 exsecuturum:
1116 574 1440 628 adnisurumque,
1461 580 1518 624 ut,
1541 580 1732 627 quantum
1765 575 1808 614 in

395 632 562 672 consilio
596 632 768 671 humano
796 631 972 683 positum
1007 635 1117 678 esset,
1149 644 1220 670 nec
1249 632 1365 683 pacis
1399 645 1462 672 eos
1489 632 1717 684 poeniteret,
1739 645 1810 672 nec

397 689 504 729 belli.
565 687 669 728 Plus
689 702 737 728 ea
757 687 890 728 oratio
913 686 1111 728 momenti
1132 687 1186 727 ad
1215 687 1447 728 incitandos
1467 688 1521 728 ad
1549 687 1707 729 bellum
1736 688 1809 728 hae

396 744 506 794 buit,
528 758 655 799 quam
686 744 720 784 si
749 752 891 800 aperte
916 743 1130 784 suadendo
1158 743 1432 799 cupiditatem
1461 759 1526 785 res
1557 744 1727 800 gerendi
1747 761 1813 786 os-

397 800 607 842 tendisset.
670 801 823 857 Itaque
857 800 1017 856 ingenti
1052 814 1252 841 consensu
1282 800 1440 841 bellum
1475 800 1689 842 decretum
1721 810 1807 843 est:

397 866 564 914 tempus
584 865 626 899 et
655 858 762 899 ratio
790 856 1107 898 administrandi
1137 856 1228 911 ejus
1254 856 1385 897 libera
1413 857 1582 912 praetori
1611 859 1812 914 permissa

397 921 506 955 sunt.
570 914 872 971 Philopoemen,
894 921 1176 970 praeterquam
1208 913 1324 968 quod
1358 913 1417 954 ita
1445 914 1641 964 Quinctio
1674 915 1810 970 place-

396 979 475 1021 ret,
506 979 548 1012 et
582 973 671 1028 ipse
705 971 970 1012 existimabat
1002 970 1171 1011 classem
1204 971 1436 1010 Romanam
1470 971 1808 1027 exspectandam,

396 1043 494 1085 quae
514 1043 538 1069 a
564 1027 668 1070 mari
692 1027 902 1084 Gythium
933 1026 1040 1068 tueri
1071 1034 1224 1083 posset,
1247 1026 1320 1067 sed
1348 1035 1552 1077 metuens,
1573 1042 1624 1068 ne
1645 1027 1810 1070 dilatio-

396 1100 489 1126 nem
520 1100 585 1127 res
614 1100 696 1126 non
723 1092 952 1141 pateretur,
974 1092 1015 1124 et
1044 1098 1126 1124 non
1154 1083 1365 1139 Gythium
1395 1083 1542 1132 solum,
1566 1084 1638 1125 sed
1666 1086 1809 1141 praesi-

396 1142 515 1183 dium
536 1157 707 1199 quoque
727 1141 897 1182 missum
918 1140 972 1182 ad
993 1139 1192 1183 tuendam
1218 1139 1362 1181 urbem
1385 1141 1663 1192 amitteretur,
1683 1156 1809 1184 naves

397 1199 654 1240 Achaeorum
675 1198 864 1240 deduxit.

455 1256 632 1297 XXVI.
666 1257 989 1311 Comparaverat
1016 1264 1057 1297 et
1088 1263 1290 1312 tyrannus
1319 1255 1525 1297 modicam
1554 1255 1724 1297 classem
1754 1255 1809 1298 ad

396 1312 670 1369 prohibenda,
697 1312 730 1354 si
760 1327 845 1368 qua
873 1312 1048 1354 obsessis
1077 1312 1180 1353 mari
1211 1312 1570 1362 submitterentur,
1599 1313 1808 1369 praesidia,

396 1377 481 1411 tres
520 1377 650 1411 tectas
689 1385 830 1418 naves,
864 1377 905 1411 et
940 1369 1112 1419 lembos,
1153 1368 1186 1393 ⁸²
1198 1370 1447 1425 pristesque,
1483 1369 1639 1424 tradita
1671 1379 1810 1411 vetere

396 1425 523 1467 classe
553 1442 606 1467 ex
637 1426 794 1467 foedere
816 1426 1028 1468 Romanis.
1089 1427 1257 1467 Harum
1291 1441 1493 1467 novarum
1517 1434 1609 1467 tum
1640 1426 1810 1467 navium

395 1481 627 1539 agilitatem
648 1491 697 1524 ut
717 1483 992 1539 experiretur,
1016 1482 1139 1523 simul
1160 1487 1227 1523 ut³
1247 1484 1386 1523 omnia
1406 1482 1504 1524 satis
1524 1493 1624 1538 apta
1643 1483 1697 1523 ad
1727 1498 1812 1524 cer-

396 1547 537 1581 tamen
563 1548 712 1590 essent,
733 1547 952 1596 provectos
971 1540 1015 1580 in
1039 1539 1171 1580 altum
1192 1539 1380 1595 quotidie
1400 1539 1599 1595 remigem
1619 1539 1812 1581 militem-

396 1612 480 1652 que
516 1596 745 1638 simulacris
779 1596 936 1637 navalis
969 1611 1125 1652 pugnae
1155 1597 1388 1646 exercebat,
1409 1596 1453 1636 in
1483 1611 1532 1636 eo
1560 1604 1678 1637 ratus
1704 1596 1810 1638 verti

395 1668 510 1709 spem
531 1653 770 1703 obsidionis,
794 1652 826 1694 si
846 1652 1042 1709 praesidia
1061 1652 1270 1694 maritima
1289 1652 1598 1694 interclusisset.
1647 1654 1811 1695 Praetor

395 1709 667 1760 Achaeorum,
690 1710 795 1751 sicut
817 1709 1076 1751 terrestrium
1106 1708 1380 1750 certaminum
1410 1717 1499 1750 arte
1519 1710 1710 1765 quemvis
1730 1710 1811 1751 cla-

395 1781 538 1807 rorum
567 1768 868 1823 imperatorum
889 1766 955 1807 vel
981 1781 1059 1807 usu
1080 1766 1147 1806 vel
1179 1765 1346 1820 ingenio
1373 1766 1583 1821 aequabat,
1605 1767 1666 1808 ita
1693 1767 1813 1808 rudis

395 1823 438 1864 in
469 1839 512 1864 re
541 1823 678 1864 navali
708 1830 821 1870 erat3
856 1824 1004 1873 Arcas,
1027 1822 1353 1864 mediterraneus
1382 1822 1521 1872 homo,
1544 1832 1811 1864 externorum

396 1880 521 1921 etiam
556 1879 756 1929 omnium,
791 1879 866 1920 nisi
904 1879 1020 1935 quod
1054 1879 1097 1920 in
1134 1881 1260 1920 Creta
1298 1879 1522 1934 praefectus
1557 1879 1808 1921 auxiliorum

926 1935 1056 1976 Navis
1080 1944 1168 1977 erat
1189 1934 1464 1991 quadriremis
1485 1944 1620 1985 vetus,
1642 1936 1675 1960 ⁸3
1689 1945 1812 1994 capta

396 1993 513 2034 annis
543 1992 756 2049 octoginta
789 2000 900 2043 ante,
932 2008 1065 2048 quum
1094 1991 1298 2033 ⁸⁴Crater‘1
1334 2008 1508 2033 uxorem
1539 1993 1724 2034 Nicaeam
1759 1994 1812 2035 ab

398 2051 620 2107 Naupacto
657 2049 908 2091 Corinthum
942 2049 1123 2091 veheret.
1165 2049 1293 2105 hujus
1333 2049 1445 2089 fama
1478 2058 1619 2091 motus
1654 2049 1810 2102 (fuerat

396 2107 506 2148 enim
536 2106 673 2148 nobile
707 2107 751 2147 in
772 2106 899 2147 classe
933 2106 1048 2162 regia
1076 2105 1289 2162 quondam
1319 2106 1555 2169 navigium)
1578 2107 1729 2148 deduci
1759 2107 1812 2148 ab

398 2164 526 2220 AEgio
554 2172 723 2220 putrem
747 2164 835 2219 jam
857 2163 1083 2204 admodum
1106 2172 1147 2205 et
1167 2170 1376 2204 vetustate
1397 2162 1649 2204 dilabentem
1669 2164 1808 2220 jussit.

419 2232 431 2249 ⁸
448 2230 567 2260 Harum
578 2236 611 2260 ut
627 2240 766 2260 novarum
781 2237 843 2260 tum
856 2232 976 2260 navium
991 2230 1154 2272 agilitatem
1169 2231 1359 2268 aperiretur,
1375 2230 1461 2259 simul
1475 2231 1570 2259 omniu
1587 2229 1684 2260 Gron.
1698 2230 1793 2260 Crev-

414 401 425 425 1

1126 2286 1272 2322 minatur,
1296 2286 1417 2322 attinet,
1444 2291 1549 2317 censet
1578 2285 1763 2322 Gronovius,
1786 2287 1811 2317 si

440 2289 481 2319 80
507 2289 544 2319 Et
565 2288 740 2329 prudentia]
766 2289 839 2319 Duo
856 2298 873 2319 e
887 2288 983 2318 MSS.
1001 2288 1082 2319 Gro-

398 2331 479 2362 novii
493 2338 519 2361 et
533 2333 726 2371 providentia.
773 2330 907 2362 Accedit
923 2330 1041 2362 Victor.

441 2375 478 2405 81
513 2374 591 2405 Bene
626 2380 824 2414 comparatum
859 2375 940 2413 apud
978 2374 1085 2404 AEtolos

397 2417 469 2458 esse]
509 2417 577 2448 Imo
604 2419 683 2456 apud
712 2418 841 2447 Achoeos.
886 2415 971 2453 Quid
1002 2416 1085 2447 enim

422 2459 520 2490 roetori
557 2460 743 2490 Achaeorum
784 2469 856 2490 cum
887 2458 1013 2495 AEtolis‚
1051 2464 1084 2489 ut

398 2470 507 2533 horum
527 2502 587 2534 sibi
608 2502 749 2533 instituta
763 2501 921 2543 sequenda
943 2512 1010 2533 esse
1030 2511 1083 2532 ex-

400 2545 534 2576 istimet!
560 2546 775 2576 Gnosovms.

443 2589 484 2619 82
510 2588 686 2629 Paiseesque]
711 2587 818 2618 Pristis
839 2591 886 2617 est
910 2597 1007 2627 genus
1030 2596 1084 2617 na-

401 2630 484 2672 vigii,
512 2630 600 2672 cujus
628 2640 738 2661 nomen
766 2629 906 2671 plerique
933 2628 1004 2660 duci
1034 2639 1086 2659 vo-

401 2673 469 2704 lunt
484 2683 503 2704 a
517 2673 609 2704 verbo
623 2674 734 2704 Graeco
750 2672 833 2715 τρία,
849 2681 929 2702 seco.

445 2717 485 2747 83
511 2717 603 2757 Capta
622 2717 708 2746 annis
731 2716 876 2756 octoginta
900 2721 978 2749 ante,
999 2725 1088 2754 quum

403 2760 520 2790 Crateri
546 2759 676 2800 tuorem]
712 2757 898 2790 Plutarchus
925 2757 955 2786 in
984 2756 1088 2787 Philo-

401 2812 544 2843 poemene
566 2813 635 2834 eam
658 2811 767 2832 navem
791 2799 996 2841 quadraginta
1012 2805 1083 2830 ante

401 2845 490 2876 annis
511 2852 634 2887 captam
656 2845 747 2875 fuisse
769 2842 854 2878 dicit,
870 2852 936 2878 nec,
951 2851 1011 2883 qua
1031 2852 1082 2872 oc—

400 2888 521 2918 casione
558 2888 587 2919 id
630 2889 746 2919 sactum
787 2885 889 2921 fuerit,
925 2890 1083 2916 memorat.

403 2931 492 2967 Quod
519 2930 556 2961 ad
582 2931 667 2962 illum
696 2928 933 2969 Crateruni.qui
959 2927 1007 2957 hic
1032 2937 1086 2957 no·

1127 2340 1217 2361 verus
1239 2330 1277 2360 sit
1298 2329 1376 2360 Livii
1398 2339 1553 2364 numeruS,
1569 2339 1639 2360 eum
1661 2329 1753 2360 fuisse
1777 2330 1812 2359 fi-

1127 2373 1201 2403 lium
1249 2372 1400 2404 Demetrii
1454 2372 1645 2407 Poliorcetae,
1690 2373 1813 2404 fratrem

1128 2415 1278 2457 Antigoni
1315 2415 1448 2446 Gonatae
1488 2415 1567 2455 regis
1604 2415 1812 2451 Macedoniae,

1127 2459 1215 2500 cujus
1238 2457 1359 2488 Crateri
1385 2457 1573 2488 mentionem
1596 2457 1713 2488 faciunt
1737 2459 1813 2489 Plu-

1128 2501 1252 2532 tarchus
1278 2500 1310 2530 in
1338 2499 1444 2530 libello
1468 2500 1532 2542 me>
1554 2499 1761 2541 φιλαδελφίας,
1783 2507 1815 2532 et

1129 2543 1279 2584 Prologus
1292 2543 1345 2573 26.
1359 2542 1452 2583 Trogi
1467 2543 1617 2585 Pompeii.
1664 2544 1728 2574 Res
1749 2544 1810 2574 cla—

1129 2585 1188 2616 rior
1211 2586 1298 2621 soret,
1320 2585 1344 2615 si
1367 2584 1392 2615 is
1413 2589 1545 2615 exstaret
1570 2586 1691 2627 Polybii
1712 2587 1812 2626 locus,

1130 2628 1213 2659 unde
1236 2628 1300 2658 haec
1324 2628 1429 2670 procul
1452 2626 1545 2659 dubio
1562 2628 1667 2659 Livius
1687 2638 1812 2672 excerp-

1129 2677 1180 2702 sxt.

1175 2713 1243 2744 840
1255 2712 1386 2753 Crateri]
1422 2713 1516 2744 Hunc
1544 2714 1707 2745 Craterum
1734 2714 1814 2746 Gro-

1132 2756 1240 2786 novius
1259 2755 1413 2786 existimat
1436 2755 1528 2787 fuisse
1551 2757 1648 2787 filium
1664 2757 1816 2788 Demetrii

1128 2799 1319 2833 Poliorcetae,
1349 2798 1472 2829 fratrem
1503 2799 1650 2841 Antigoni
1680 2800 1810 2831 Gonatae

1126 2841 1206 2882 regis
1244 2840 1449 2873 Macedoniae.
1501 2842 1566 2873 Res
1602 2842 1668 2884 ipsa
1704 2852 1812 2885 parum

1128 2891 1210 2915 nota.

1908 2751 1912 2795 l

1906 2806 1911 2846 ἕ
