1947 3222
138 215 181 246 U.
191 215 230 246 C.
245 216 318 246 555.

139 257 183 289 A.
197 258 235 288 C.
249 258 320 289 197.

138 597 268 638 Legatio

137 639 330 671 Rhodiorum

138 683 178 713 ad
191 683 302 714 Antio-

136 725 240 758 chum.

123 1520 125 1525 ’
136 1522 284 1572 Antiochi

136 1578 302 1609 responsm.

354 97 427 136 106
876 95 1021 135 ΤΙΤΙ
1068 94 1243 135 L1V11

350 204 573 261 praemissis
602 212 713 246 terra
738 219 833 246 cum
863 204 1049 247 exercitu
1079 205 1175 247 filiis
1205 205 1386 256 duobus,
1408 206 1580 262 Ardye*
1599 221 1646 248 ac
1673 207 1759 249 Mi-

351 261 547 312 thridate,
567 261 778 318 jussisque
796 262 996 303 Sardibus
1013 278 1054 303 se
1069 262 1275 318 opperiri;
1308 263 1395 319 ipse
1411 278 1506 304 eum
1523 263 1649 304 classe
1664 280 1758 305 cen-

350 326 443 359 tum
473 327 676 360 tectarum
705 318 890 368 navium,
917 318 971 359 ad
996 319 1074 359 hoc
1103 319 1326 361 levioribus
1354 320 1531 376 navigiis
1560 321 1758 362 cercuris-

350 390 434 431 que
468 390 514 416 ac
554 375 700 416 lembis
739 375 944 424 ducentis,
978 375 1276 430 proficiscitur:
1324 376 1448 417 simul
1485 392 1560 432 per
1593 391 1757 419 omnem

349 447 464 472 oram
487 431 729 487 Ciliciaeque
759 439 800 472 et
830 431 964 471 Cariae
995 439 1233 473 tentaturus
1261 433 1401 483 urbes,
1423 448 1519 489 quae
1539 433 1581 474 in
1602 433 1761 476 ditione

351 488 567 529 Ptolemaei
597 496 756 535 essent;
790 487 914 527 simul
939 487 1185 544 Philippum
1215 487 1412 539 (necdum
1441 491 1549 530 enim
1580 490 1760 532 debella„-

350 552 440 586 tum
463 548 571 599 erat)
594 543 779 585 exercitu
799 543 1060 598 navibusque
1080 544 1317 600 adjuturus.

409 603 518 642 XX.
552 601 695 641 Multa
724 599 891 656 egregia
917 599 1073 641 Rhodii
1102 616 1179 657 pro
1209 602 1291 642 fide
1320 618 1419 658 erga
1446 604 1652 660 populum
1673 604 1761 646 Ro-

351 673 535 708 manum,
556 672 719 713 proque
749 657 942 697 universo
965 657 1131 698 nomine
1154 658 1413 710 Graecorum,
1434 668 1545 701 terra
1570 661 1760 718 marique

351 715 440 755 ausi
465 722 586 755 sunt:
618 714 723 754 nihil
748 712 1095 768 magnificentius,
1118 729 1244 769 quam
1275 716 1390 770 quod
1420 732 1467 757 ca
1496 725 1757 774 tempestate,

350 786 433 812 non
465 770 599 812 territi
634 778 752 812 tanta
782 769 890 810 mole
923 770 1162 811 inminentis
1191 770 1306 819 belli,
1341 772 1499 827 legatos
1529 774 1584 815 ad
1618 790 1755 831 regem

350 828 554 869 miserunt
583 826 833 883 Nephelida,
862 826 1212 882 (promontorium
1243 826 1400 869 Ciliciae
1425 837 1502 879 est,
1523 829 1758 873 ⁸⁷inelitum

349 883 506 925 foedere
536 884 711 940 antiquo
742 884 1082 938 Atheniensium)
1114 883 1146 924 si
1174 899 1222 924 eo
1251 899 1334 924 non
1364 885 1591 928 contineret
1620 889 1759 944 copias

350 956 459 991 suas,
482 957 524 982 se
551 941 715 982 obviam
745 941 903 988 ituros;
936 955 1019 981 non
1048 940 1101 981 ab
1131 940 1228 981 odio
1258 940 1358 991 ullo,
1381 942 1451 982 sed
1481 957 1533 983 ne
1562 945 1759 1000 conjungi

349 1013 444 1038 cum
468 998 666 1054 Philippo
686 1005 944 1054 paterentur,
966 1004 1006 1038 et
1028 997 1311 1053 inpedimento
1331 1013 1418 1039 esse
1439 999 1640 1042 Romanis
1660 1001 1761 1042 libe-

348 1055 541 1095 rantibus
564 1055 783 1096 Graeeiam.
845 1054 1109 1095 Coracesium
1130 1070 1178 1095 eo
1199 1062 1385 1110 tempore
1406 1056 1644 1098 Antiochus
1663 1073 1761 1114 ope-

349 1111 465 1152 ribus
494 1112 780 1167 obpugnabat.
842 1110 1067 1167 Zephyrio,
1090 1119 1131 1152 et
1158 1111 1277 1161 Solis,
1306 1120 1348 1153 et
1374 1113 1695 1168 Aphrodisiade,
1717 1123 1759 1157 et

350 1169 528 1223 Coryco,
559 1168 594 1192 ⁸⁸
607 1177 662 1218 et,
695 1175 889 1224 superato
920 1168 1168 1218 Anemurio,
1202 1167 1552 1223 (promontorium
1582 1170 1625 1212 id
1655 1187 1760 1227 quo-

349 1239 433 1280 que
455 1225 611 1266 Ciliciae
632 1228 714 1280 est)
740 1225 954 1266 Selinunte
974 1232 1155 1280 recepto,
1176 1225 1369 1266 omnibus
1388 1225 1453 1266 his
1473 1227 1646 1283 aliisque
1667 1229 1759 1284 ejus

349 1296 435 1322 orae
465 1282 656 1332 castellis,
687 1290 762 1323 aut
793 1289 924 1331 metu,
959 1289 1032 1322 aut
1067 1281 1296 1332 voluntate,
1331 1282 1416 1323 sine
1448 1285 1685 1335 certamine,
1715 1285 1759 1326 in

349 1338 603 1380 deditionem
625 1339 818 1395 acceptis,
843 1338 1107 1379 Coracesium
1128 1347 1281 1394 praeter
1311 1355 1426 1394 spem
1447 1340 1597 1382 clausis
1626 1341 1759 1397 portis

350 1396 518 1437 tenebat
547 1411 657 1437 eum.
719 1396 786 1436 Ibi
816 1395 942 1450 legati
969 1395 1233 1436 Rhodiorum
1263 1396 1411 1437 auditi.
1441 1405 1482 1438 et
1503 1413 1760 1454 quamquam
1794 1409 1798 1413 ’

349 1467 398 1492 ea
417 1452 571 1508 legatio
591 1460 694 1503 erat,
716 1467 812 1508 quae
837 1451 1058 1492 accendere
1088 1452 1251 1507 regium
1278 1452 1463 1494 animum
1483 1463 1636 1510 posset,
1657 1462 1762 1496 tem-

349 1508 511 1564 peravit
532 1509 629 1550 irae:
661 1516 718 1559 et,
739 1511 891 1563 legatos
918 1523 960 1549 se
978 1509 1167 1548 Rhodum
1196 1509 1416 1559 missurum,
1438 1511 1666 1566 respondit,
1687 1513 1761 1553 iis-

348 1580 423 1620 que
452 1568 749 1616 mandaturum,
778 1572 822 1606 ut
848 1573 1089 1606 renovarent
1118 1572 1271 1606 vetusta
1300 1565 1445 1620 ⁸⁵{jura,
1476 1582 1560 1607 cum
1590 1582 1637 1609 ea
1664 1570 1763 1610 civi-

348 1630 446 1672 tate,
468 1637 541 1664 sua
562 1622 832 1677 majorumque
859 1636 1037 1663 suorum.-
1068 1629 1107 1663 et
1127 1629 1306 1664 vetarent
1335 1638 1400 1664 eos
1429 1625 1641 1666 adventum
1662 1640 1762 1679 per-

348 1681 552 1721 timescere
589 1681 710 1734 regis,
751 1680 856 1720 nihil
893 1680 957 1720 his
996 1686 1068 1720 aut
1105 1681 1224 1721 sociis
1262 1694 1393 1721 eorum
1432 1695 1548 1722 noxae
1574 1681 1762 1734 ficturum

339 1736 553 1790 fraudive.
593 1736 743 1787 9⁰nam,
771 1738 1046 1777 Romanorum
1075 1737 1294 1777 amicitiam
1321 1752 1362 1777 se
1390 1753 1470 1778 non
1505 1740 1761 1790 violaturum,

350 1801 584 1849 atgumento
605 1801 644 1835 et
663 1808 776 1835 suam
797 1800 989 1834 recentem
1011 1796 1066 1834 ad
1084 1808 1149 1835 eos
1170 1795 1407 1848 legationem
1429 1810 1521 1844 esse,
1545 1803 1583 1836 et
1602 1804 1763 1840 senatus

350 1853 573 1906 lzonorfficzz
608 1852 652 1892 in
686 1866 727 1891 se
760 1853 919 1891 decreta
958 1866 1238 1904 responsaque.
1296 1851 1326 1875 9¹
1345 1854 1452 1893 Tum
1491 1852 1599 1894 forte
1632 1853 1760 1910 legati

350 1908 578 1950 redieranty
607 1909 660 1949 ab
692 1909 842 1958 Roma,
864 1909 1036 1949 comiter
1065 1908 1198 1950 auditi
1230 1908 1487 1964 dimissique,
1516 1918 1563 1951 ut
1593 1918 1760 1967 tempus

349 1965 607 2021 postulabat,
628 1965 785 2006 incerto
805 1964 944 2005 adhuc
970 1965 1169 2006 adversus
1191 1965 1435 2022 Philippum
1465 1975 1617 2008 eventu
1646 1968 1757 2010 belli.

353 2024 495 2072 Quum
535 2023 625 2063 haec
660 2022 786 2078 legati
820 2021 929 2077 regis
963 2021 1006 2062 in
1040 2025 1233 2065 concione
1269 2022 1532 2064 Rhodiorum
1573 2034 1758 2080 agerent,

351 2079 528 2120 nuncius
567 2079 696 2129 venit,
737 2078 993 2120 debellatum
1032 2079 1085 2120 ad
1125 2079 1454 2135 Cynoscephalas
1494 2096 1590 2121 esse.
1664 2083 1760 2124 Hoc

350 2136 503 2177 nuncio
537 2144 721 2191 accepto,
751 2135 785 2160 ⁹²
799 2135 992 2186 Rhodiis,
1024 2136 1165 2177 demto
1198 2144 1314 2177 metu
1349 2151 1374 2177 a
1405 2136 1602 2193 Philippo
1630 2138 1758 2190 omni,

349 2200 436 2234 erat
468 2192 683 2234 consilium
714 2192 879 2234 obviam
909 2192 1036 2234 eundi
1065 2192 1192 2234 classe
1219 2193 1444 2234 Antiocho.
1506 2193 1627 2235 Illam
1657 2194 1761 2236 alte-

691 2301 710 2320 Χ
724 2299 826 2330 Ardae
841 2299 936 2331 Gron.
953 2299 1044 2330 Crev.
1129 2303 1146 2328 Υ
1160 2300 1311 2330 redierunt
1326 2298 1414 2329 Eaed.

398 2385 438 2415 87
478 2384 627 2426 Inclusum
652 2384 772 2427 saedere
797 2386 917 2425 antiqno
945 2385 1034 2415 Athe-

355 2428 514 2468 niensium]
550 2427 717 2459 Existimat
739 2428 887 2469 Dujatius
911 2427 961 2458 hic
988 2427 1035 2457 in·-

357 2470 452 2501 dicari
475 2470 577 2501 foedus
600 2470 677 2501 illud
700 2471 794 2511 quod,
819 2470 921 2501 fractis
941 2481 960 2501 a
983 2470 1035 2501 ci-

358 2524 446 2544 mone
471 2514 668 2544 barbarorum
698 2513 825 2549 viribus,
851 2513 1037 2544 Plutarchus

355 2562 387 2587 et
410 2556 565 2587 Diodorus
587 2561 756 2586 memorant
778 2567 848 2586 cum
872 2555 973 2587 Persis
994 2556 1037 2586 ic-

356 2605 443 2635 tum;
472 2610 534 2640 quo
558 2603 684 2629 cautum
713 2604 778 2629 erat
805 2610 842 2629 ne
868 2599 968 2629 Persis
990 2600 1038 2629 ul-

357 2647 405 2673 tra
420 2641 619 2673 Chelidonias
641 2641 757 2672 insulas
778 2643 922 2682 navigare
939 2652 1038 2673 arma-

357 2685 397 2715 tis
410 2685 528 2716 liceret.

399 2729 440 2758 88
471 2729 522 2764 Er,
551 2734 686 2766 superam
709 2727 872 2757 Anemurio
898 2748 907 2756 .

358 2778 450 2801 omme
478 2771 605 2811 recepto]
651 2772 756 2806 Quum
783 2775 926 2811 superato
952 2770 1038 2800 Ane-

359 2813 457 2844 murio
494 2812 699 2856 promontorio
728 2812 921 2845 Selinuntem
957 2822 1036 2844 rece-

360 2860 463 2895 pisset.

933 2749 943 2758 .
965 2727 1039 2757 Seli-

1121 2383 1294 2424 89*J12r‹2]
1333 2382 1577 2415 Necessitudinis
1599 2391 1630 2416 et
1653 2388 1759 2419 amici-

1079 2427 1140 2458 tiae.

1122 2471 1164 2501 90
1189 2470 1266 2500 Nam
1295 2470 1507 2510 Romanorum]
1552 2470 1647 2501 Suam
1673 2471 1761 2513 lega·

1078 2511 1193 2543 tionem
1213 2518 1243 2543 et
1265 2523 1409 2555 responsa
1432 2519 1557 2544 senatus
1580 2521 1759 2554 argumento

1079 2566 1157 2592 esse,
1187 2565 1220 2586 se
1246 2566 1306 2587 non
1332 2555 1516 2587 violaturum
1547 2557 1758 2589 Romanorum

1081 2598 1260 2629 amicitiam.

1124 2642 1162 2672 91
1191 2641 1263 2671 Tum
1277 2640 1361 2682 stiria
1376 2642 1463 2682 legali
1480 2643 1646 2684 redierunt]
1676 2644 1760 2684 Lege

1081 2695 1151 2715 cum
1168 2683 1322 2715 Gronovio
1338 2686 1493 2714 redierant.

1124 2728 1166 2757 92
1192 2727 1309 2757 Rhodiis
1333 2749 1343 2758 .
1366 2749 1374 2757 .
1398 2734 1459 2757 erat
1487 2728 1654 2769 consilium]
1699 2727 1761 2759 Sed

1082 2769 1139 2799 hoc
1169 2769 1294 2810 quidem
1323 2769 1484 2800 consilium
1511 2770 1624 2803 effectu
1651 2772 1760 2802 caruit.

1085 2813 1172 2842 Illam
1205 2813 1327 2843 alteram
1363 2825 1464 2843 curum-
1502 2825 1557 2843 non
1591 2817 1760 2850 omiserunt,

1086 2866 1195 2897 nempe
1212 2858 1324 2886 incudm
1339 2857 1479 2887 libertatis
1493 2878 1500 2886 .
1516 2879 1524 2887 .
1539 2879 1548 2888 .
