1947 3222
342 131 391 163 34-
869 123 1011 185 TIT}
1063 124 1236 162 LlVII

236 243 276 273 ἓξ

278 243 310 274 30

374 247 472 289 rope
483 233 605 297 justa
632 231 738 274 acies
758 240 872 274 erat:
905 241 946 274 et
978 233 1280 282 Romanorum,
1302 232 1401 288 quia
1430 230 1612 272 medium
1643 230 1758 270 obse-

301 307 310 316 ·
344 249 460 331 gerat
483 299 576 340 iter,
597 289 767 345 plurimi
797 288 839 329 in
868 304 959 330 eam
988 289 1285 330 inferebantur.
1347 290 1412 329 Eo
1440 301 1610 343 quoque
1640 300 1760 341 supe-

346 347 473 387 riores
503 346 756 387 Macedones
784 353 916 394 erant,
945 345 1061 400 quod
1091 353 1133 386 et
1162 360 1236 386 rex
1264 346 1353 401 ipse
1382 345 1571 386 hortator
1601 342 1759 389 aderat,

346 411 388 444 et
418 403 681 444 Cretensium
710 401 931 442 auxiliares
961 401 1115 442 multos
1145 416 1196 442 ex
1231 402 1441 457 inproviso
1471 399 1760 445 vulnerabant,

347 459 522 501 conferti
560 458 869 515 praeparatique
908 457 950 497 in
990 457 1198 514 dispersos
1241 466 1282 498 et
1322 458 1472 498 effusos
1512 462 1760 512 pugnantes.

349 516 474 566 Quod
494 516 527 556 si
548 515 721 556 modum
741 514 784 555 in
810 514 1068 569 insequendo
1096 514 1353 562 habuissent,
1374 529 1457 554 non
1477 513 1519 554 in
1548 509 1764 569 praesentis

349 572 473 614 modo
501 571 737 612 certaminis
766 570 957 626 gloriam,
980 570 1051 611 sed
1079 571 1124 611 in
1154 585 1358 611 summam
1387 570 1512 611 etiam
1541 569 1639 610 belli
1670 583 1763 624 pro-

138 632 221 683 Dei'n
233 633 333 676 repel·
349 629 506 670 fectum
531 628 639 669 foret
655 644 663 669 :
695 642 820 677 nunc,
843 626 1043 669 aviditate
1063 627 1188 668 caedis
1207 626 1552 682 intemperantius
1572 624 1764 673 insecuti,

137 677 220 709 ΜΨ·
350 685 392 726 in
413 699 661 741 praegressas
682 699 776 724 curn
799 683 978 724 tribunis
998 683 1180 725 militum
1207 684 1395 724 cohortes
1427 684 1637 723 Romanas
1666 681 1766 721 inci-

350 741 470 782 dere:
504 750 545 782 et
574 741 741 797 fugiens
770 755 911 795 eques,
935 748 982 781 ut
1012 740 1147 796 primo
1175 740 1291 795 signa
1321 754 1491 780 suorum
1522 739 1643 786 vidit,
1672 752 1766 778 con-

352 798 477 839 vertit
496 799 539 838 in
570 797 749 838 effusum
772 796 934 837 hostem
955 812 1107 852 equos:
1141 811 1342 851 versaque
1371 803 1579 836 momento
1610 803 1768 850 tempo-

351 854 408 896 ris
437 855 608 895 fortuna
636 869 791 910 pugnae
830 861 906 903 est,
948 862 1066 908 terga
1105 852 1317 901 dantibus,
1359 852 1434 907 qui
1474 851 1598 892 modo
1638 849 1767 892 secuti

353 920 482 952 erant.
544 910 676 952 Multi
697 909 1134 965 cominuscongressi‚
1155 909 1279 950 multi
1310 907 1519 964 fugientes
1549 906 1766 948 interfecti.

353 983 428 1009 nec
457 968 567 1009 ferro
598 975 763 1009 tantum
793 967 964 1023 periere,
997 966 1069 1007 sed
1099 966 1140 1006 in
1171 965 1347 1022 paludes
1377 963 1549 1020 quidam
1579 963 1770 1017 conjecti,

354 1024 564 1080 profundo
584 1024 684 1064 limo
704 1038 800 1064 cum
819 1023 920 1078 ipsis
941 1023 1060 1078 equis
1090 1022 1229 1063 hausti
1251 1030 1359 1062 sunt.
1422 1022 1515 1061 Rex
1537 1034 1707 1075 quoque
1727 1019 1771 1059 in

355 1081 540 1136 periculo
559 1081 667 1121 fuit:
700 1095 811 1129 nam,
833 1087 980 1120 ruente
1010 1079 1149 1120 saucio
1176 1094 1299 1134 equo,
1320 1093 1505 1134 praeceps
1535 1076 1589 1117 ad
1620 1085 1772 1117 terram

356 1137 494 1187 datus,
516 1137 629 1178 haud
651 1136 834 1177 multum
863 1135 1015 1185 abfuit,
1039 1136 1141 1191 quin
1159 1136 1300 1191 jacens
1320 1135 1638 1190 obprimeretur.
1701 1133 1773 1173 Sa-

357 1194 435 1235 luti
457 1193 540 1235 fuit
561 1208 703 1248 eques,
724 1192 799 1248 qui
819 1192 974 1247 raptim
994 1191 1082 1248 ipse
1112 1192 1296 1241 desiluit,
1317 1190 1604 1247 pavidumque
1633 1203 1773 1243 regem

357 1251 400 1291 in
420 1265 575 1306 equum
598 1250 788 1306 subjecit.
851 1249 963 1304 Ipse,
980 1263 1115 1304 quum
1135 1249 1262 1303 pedes
1282 1262 1449 1303 aequare
1470 1261 1596 1288 cursu
1611 1245 1774 1300 fugien-

358 1315 419 1348 tes
439 1321 521 1349 non
542 1315 679 1362 posset
711 1306 888 1368 equiteS,
910 1306 963 1346 ab
993 1305 1183 1346 hostibus
1213 1305 1267 1345 ad
1287 1319 1425 1345 casum
1457 1303 1568 1358 regis
1597 1301 1774 1342 concita„-

358 1363 412 1404 tis
432 1363 646 1404 confossus
665 1363 802 1418 periit.
864 1363 973 1410 Rex,
995 1362 1298 1402 circumvectus
1326 1359 1502 1416 paludes
1530 1358 1693 1415 pervias
1713 1358 1775 1399 in-
1936 1348 1938 1391 Ι

359 1419 530 1475 viasque
560 1419 726 1475 trepida
753 1418 871 1475 fuga,
902 1418 945 1458 in
974 1426 1110 1459 castra
1139 1418 1321 1467 tandem,
1339 1417 1427 1473 jam
1457 1414 1775 1471 desperantibus
1936 1402 1939 1463 l

359 1476 569 1532 plerisque
598 1475 848 1516 incolumem
871 1473 1116 1525 evasurum,
1151 1474 1352 1530 pervenit.
1419 1471 1602 1513 Ducenti
1634 1471 1776 1512 Mace-

360 1532 517 1573 donum
547 1531 710 1588 equites
739 1546 788 1572 eo
817 1530 966 1587 proelio
993 1530 1166 1587 periere,
1188 1538 1356 1572 centum
1379 1529 1509 1569 ferme
1539 1527 1678 1583 capti;
1711 1542 1776 1567 oc-

360 1588 522 1644 toginta
541 1588 769 1629 admodum
789 1586 923 1628 ornati
944 1588 1057 1643 equi,
1081 1587 1221 1642 spoliis
1242 1586 1366 1629 simul
1385 1600 1595 1626 armorum
1622 1583 1777 1633 relatis,

360 1645 543 1686 abducti.

147 1705 317 1753 Judic'mm·
419 1701 701 1742 XXXVIII.
735 1701 942 1750 Fuerunt,
965 1700 1039 1755 qui
1059 1700 1137 1741 hoc
1158 1700 1225 1740 die
1245 1715 1386 1755 regem
1403 1697 1661 1746 temeritatis,
1683 1711 1778 1737 con-

145 1749 349 1790 deeoproelxo.
362 1757 493 1799 sulem
529 1757 714 1813 segnitiae
754 1764 1009 1798 accusarent.
1051 1771 1145 1797 nam
1176 1767 1217 1798 et
1252 1755 1448 1812 Philippo
1480 1753 1777 1811 quiescendum

362 1814 504 1864 fuisse,
526 1829 660 1870 quum
680 1813 824 1870 paucis
840 1813 987 1854 diebus
1007 1813 1160 1863 hostes,
1178 1813 1381 1854 exhausto
1402 1813 1511 1853 circa
1529 1811 1640 1851 omni
1662 1824 1778 1864 agro,

362 1871 417 1912 ad
451 1871 647 1912 ultimum
682 1869 832 1925 inopiae
866 1878 1064 1911 venturos
1099 1869 1243 1911 sciret:
1295 1877 1336 1910 et
1377 1868 1602 1916 consulem,
1643 1880 1777 1922 quum

361 1926 597 1985 equitatum
617 1927 802 1968 hostium
832 1927 1049 1982 levemque
1077 1934 1331 1968 armaturam
1361 1925 1552 1976 fudisset,
1574 1939 1620 1964 ac
1650 1937 1781 1979 prope
1936 1961 1938 1979 Ι

364 1999 503 2040 regem
526 1984 663 2040 ipsum
684 1983 872 2039 cepisset,
894 1983 1085 2039 protinus
1105 1983 1161 2024 ad
1181 1991 1315 2024 castra
1334 1983 1518 2023 hostium
1540 1981 1691 2022 ducere
1711 1979 1782 2020 de-

365 2041 515 2082 buisse.
557 2056 632 2081 nec
661 2040 771 2081 enim
798 2054 1012 2081 mansuros
1042 2040 1103 2081 ita
1132 2039 1343 2096 perculsos
1371 2039 1511 2080 hostes
1541 2037 1682 2086 fuisse,
1711 2036 1782 2077 de·
1935 2036 1938 2058 ¹

366 2097 594 2153 bellarique
614 2104 823 2137 momento
845 2096 1043 2152 temporis
1069 2096 1265 2153 potuisse.
1328 2095 1382 2136 Id
1412 2095 1544 2144 dictu,
1565 2108 1691 2150 quam
1721 2107 1781 2143 re,
1935 2096 1938 2139 ἑ

367 2162 413 2196 ut
443 2154 657 2210 pleraque,
679 2153 854 2194 facilius.
886 2168 997 2204 nam,
1020 2154 1053 2194 si
1083 2153 1277 2194 omnibus
1297 2153 1488 2208 peditum
1519 2165 1688 2206 quoque
1718 2165 1784 2191 co-
1935 2146 1938 2163 '

366 2211 445 2267 piis
476 2226 549 2251 rex
577 2225 820 2266 congressus
851 2210 1011 2260 fuisset,
1039 2210 1213 2252 forsitan
1244 2210 1350 2251 inter
1381 2208 1627 2257 tumultum,
1649 2221 1782 2262 quum

368 2282 508 2308 omnes
530 2266 627 2308 victi
658 2276 857 2322 metuque
879 2267 1058 2323 perculsi
1079 2283 1131 2308 ex
1151 2266 1300 2323 proelio
1326 2266 1435 2308 intra
1462 2264 1634 2313 vallum,
1655 2262 1784 2319 proti-
1941 2293 1947 2309 f

368 2339 448 2365 nus
467 2323 565 2365 inde
590 2324 937 2379 supervadentem
967 2324 1226 2365 munimenta
1254 2323 1453 2364 victorem
1484 2322 1644 2362 hostem
1664 2320 1783 2376 fuge·
1934 2317 1947 2391 {s

369 2388 477 2430 rent,
514 2380 612 2421 exui
647 2380 790 2421 castris
822 2380 1007 2436 potuerit
1039 2396 1124 2422 rex.
1156 2395 1288 2437 quum
1323 2394 1422 2420 vero
1451 2378 1624 2432 integrae
1654 2376 1784 2432 copiae
1935 2421 1937 2438 Λ

370 2436 560 2494 peditum
585 2437 627 2477 in
658 2437 803 2478 castris
831 2437 1090 2487 mansissent,
1113 2437 1308 2479 stationes
1339 2444 1433 2476 ante
1463 2442 1619 2498 portas,
1641 2432 1784 2488 praesi-
1934 2443 1937 2490 1

372 2493 525 2550 diaque
560 2492 624 2535 dis
656 2493 761 2534 osita
795 2503 944 2543 essent,
980 2494 1100 2550 quid,
1136 2493 1213 2534 nisi
1254 2501 1303 2533 ut
1343 2499 1617 2533 temeritatem
1657 2489 1782 2545 regis,
1934 2502 1937 2572 t

373 2550 500 2592 effuse
522 2550 664 2606 paulo
693 2558 787 2591 ante
818 2550 947 2591 secuti
978 2550 1189 2606 perculsos
1218 2549 1393 2605 equites,
1422 2547 1669 2595 imitaretur,
1692 2561 1785 2602 pro-

374 2606 565 2648 fecisset?
611 2621 746 2662 neque
779 2608 887 2647 enim
923 2622 974 2648 ne
1004 2606 1111 2663 regis
1141 2606 1312 2662 quidem
1342 2605 1522 2662 primum
1553 2602 1784 2653 consilium,
1934 2607 1947 2647 ¹.-,

374 2679 459 2719 quo
492 2664 679 2761 ingetum
711 2663 754 2703 in
786 2663 1106 2705 frumentatores
1131 2663 1293 2719 palatos
1324 2677 1398 2718 per
1429 2675 1551 2716 agros
1580 2660 1693 2709 fecit,
1724 2674 1786 2699 re-
1938 2651 1947 2846 Ι

133 244 176 319 ec:

184 243 227 318 φφ

376 2720 530 2774 prehen
563 2719 716 2761 endum
738 2719 860 2769 foret,
878 2719 909 2760 si
932 2720 1102 2761 modum
1120 2734 1327 2776 prosperae
1349 2733 1502 2774 pugnae
1524 2717 1783 2772 inposuisset.

376 2777 442 2816 Eo
463 2792 632 2833 quoque
663 2776 798 2818 minus
819 2785 880 2817 est
903 2776 1068 2826 mirum,
1090 2784 1268 2817 tentasse
1298 2788 1393 2816 eum
1424 2775 1650 2824 fortunam,
1671 2771 1785 2828 quod
1932 2805 1936 2815 .

375 2832 485 2873 fama
505 2842 607 2880 erat,
628 2833 869 2875 Pleuratum
894 2832 1212 2889 Dardanosque,
1229 2831 1468 2888 ingentibus
1483 2830 1610 2888 copiis
1626 2828 1785 2886 profec·
1934 2836 1942 2866 {x
