1947 3222
553 145 671 183 LIB.
703 143 872 180 XXXV.
912 144 1037 181 CAl’.
1066 145 1201 182 XXII.
1500 151 1580 189 207

167 261 284 295 ·.runt
345 252 580 304 Τ11)0115,69
593 252 802 294 infestiore
823 266 955 315 quam.
970 252 1108 307 priore
1128 251 1272 308 inpetu
1294 253 1448 296 inlatus
1468 255 1577 306 urbi,
1594 263 1634 295 U.
1649 265 1684 294 c.
1697 264 1771 295 560.

174 310 260 351 (1110
289 319 450 367 pontes,
471 309 646 351 aedificia
679 309 826 358 multa,
849 324 1028 350 maxime
1057 309 1165 349 circa
1198 317 1361 363 portam
1385 311 1601 353 Flumen-
1592 306 1634 338 Α·
1647 307 1770 338 C-192.

174 376 328 417 tanam,
362 367 521 408 evertit
585 367 740 407 Saxum
782 365 940 421 ingens,
972 367 1056 406 sive
1092 365 1310 414 imbribus,
1343 366 1426 406 sive
1461 377 1578 410 motu

174 432 294 464 terrae
328 424 493 472 leviore,
515 438 642 479 quam
674 431 721 464 ut
751 422 906 477 alioqui
938 422 1174 471 sentiretur
1205 421 1545 474 labefactatum,
1536 441 1578 466 m

171 481 308 521 vicum
331 482 361 520 J
365 495 557 535 [lffallum
585 495 635 520 ex
660 479 869 535 Capitolio
898 479 1092 535 procidit,
1115 487 1155 519 et
1186 478 1340 519 multos
1360 479 1576 535 obpressit.

172 538 224 577 In
259 537 369 592 agris
403 537 556 592 passim
592 536 804 577 inundatis
843 551 976 591 pecua
1009 535 1162 584 ablata,
1193 534 1386 575 villarum
1422 544 1578 600 strages

167 571 309 634 facta²³
312 601 386 634 est.
451 593 698 648 Priusquam
731 593 781 633 L.
806 592 1027 642 Quinctius
1062 591 1206 633 consul
1239 592 1281 632 in
1322 592 1576 648 provincram

168 650 417 713 perveniret,
441 651 489 700 Q.
515 650 730 691 Minucius
761 649 801 689 in
824 665 924 704 aglo
948 650 1098 689 Pisano
1128 664 1223 689 cum
1246 648 1478 704 Liguribus
1499 665 1578 705 Slg-
1593 655 1717 695 Ligures

166 721 228 746 1115
256 706 429 748 conlatis
458 707 682 763 puonaxit.
715 722 795 747 nov
799 722 863 746 em
894 706 1023 746 millia
1052 705 1235 746 hostium
1264 705 1438 746 occidit:
1472 715 1578 747 cete-
1591 698 1697 771 {ilfcfioa
1714 700 1776 729 Mi-

164 777 231 803 ros
261 763 376 804 fusos
405 764 659 828 fugatosque
688 764 730 804 in
751 772 886 804 castra
905 763 1120 818 compulit.
1181 763 1247 803 Ea
1267 777 1400 817 usque
1420 762 1462 802 in
1483 778 1578 804 noc-
1653 752 1661 771 ¹

164 827 248 860 tem
288 835 440 875 magno
480 821 702 861 certamine
737 820 979 882 obpugnata
1020 820 1271 874 defensaque
1307 830 1416 860 sunt.
1457 828 1577 861 nocte

164 876 269 917 clam
300 877 476 932 profecti
509 876 711 932 Ligures:
733 891 879 940 ‘prima
913 876 1005 916 luce
1037 877 1252 916 Romanus
1282 891 1414 916 vacua
1443 886 1577 918 castra

163 932 327 974 invasit.
369 934 524 990 praedae
558 934 697 974 minus
732 933 946 974 inventum
984 940 1060 981 est,
1091 932 1206 987 quod
1239 932 1415 973 subinde
1446 934 1576 989 spolia

163 1004 359 1045 agrorum
399 999 520 1047 capta
554 990 697 1031 domos
737 989 971 1031 mittebant.
1034 988 1248 1029 Minucius
1287 989 1387 1029 nihil
1426 990 1575 1031 deinde

162 1024 387 1088 laxamenti
417 1047 607 1088 hostibus
638 1046 766 1087 dedit.
798 1061 849 1086 ex
879 1061 980 1101 agro
1012 1046 1163 1086 Pisano
1193 1046 1235 1085 in
1266 1045 1446 1101 Ligures
1480 1061 1575 1102 pro-

163 1102 312 1153 fectus,
344 1104 509 1144 castella
539 1102 734 1158 vicosque
765 1117 907 1143 eorum
943 1102 1028 1158 igni
1064 1102 1259 1157 ferroque
1291 1103 1570 1158 pervastaxit:

162 1159 221 1200 ibi
241 1160 274 1186 ⁷⁰
286 1161 430 1215 praeda
451 1161 646 1209 Etrusca,
670 1175 766 1215 quae
790 1160 915 1200 missa
935 1175 959 1200 a
987 1159 1308 1215 populatoribus
1336 1159 1490 1210 fue1·,at
1511 1175 1573 1201 10-

159 1215 299 1271 pletus
320 1226 380 1258 est
401 1217 518 1257 miles
540 1217 767 1257 Romanus.

217 1272 381 1314 XXII.
417 1274 505 1314 Sub
540 1273 650 1314 idem
686 1281 852 1328 tempus
886 1272 1058 1328 7¹legati
1093 1272 1145 1313 ab
1185 1273 1355 1328 regibus
1391 1273 1570 1315 Romam

157 1338 431 1372 reverterunt.
464 1330 554 1394 qui.
568 1345 698 1386 quum
731 1330 849 1379 nihil,
872 1330 988 1386 quod
1019 1329 1116 1371 satis
1146 1308 1352 1370 maturam
1383 1345 1570 1372 caussam

153 1385 253 1427 belli
273 1386 460 1437 haberet,
482 1386 558 1428 nisi
580 1387 660 1427 adv
651 1402 778 1427 ersus
800 1386 1163 1427 Lacedaemonium
1186 1395 1426 1442 tyrannum,
1448 1387 1571 1428 adtu-

154 1442 312 1493 lissent,
349 1459 474 1499 quem
510 1453 551 1485 et
585 1443 733 1484 Achaei
772 1444 899 1499 legati
937 1444 1213 1484 nunciabant*
1247 1452 1392 1485 contra
1429 1444 1569 1486 foedus

155 1499 406 1563 maritimam
427 1516 540 1541 oram
564 1501 779 1540 Laconum
802 1501 1070 1555 obpugnare·
1105 1500 1265 1540 Atilius
1294 1508 1451 1556 praetor
1467 1516 1566 1542 eum
1582 1508 1697 1539 Atilius
1711 1520 1782 1540 con-

154 1555 280 1597 classe
302 1556 450 1597 missus
472 1565 531 1597 est
561 1557 601 1597 in
626 1557 832 1598 Graeciam
854 1556 908 1596 ad
939 1557 1068 1597 socios
1098 1556 1287 1597 tuendos.
1350 1557 1565 1608 Consules,
1580 1552 1749 1583 trahabm

153 1613 324 1667 quando
353 1613 458 1654 nihil
487 1614 540 1654 ab
562 1613 775 1654 Antiocho
804 1613 991 1663 instaret,
1010 1613 1216 1676 proficisci
1244 1613 1367 1654 ambo
1398 1614 1441 1653 111
1473 1629 1569 1669 pro-
1580 1595 1700 1626 missus

152 1668 307 1710 uncias
356 1670 525 1726 placuit.
587 1669 800 1711 Domitius
844 1670 897 1711 ab
942 1669 1149 1719 Arimino,
1192 1685 1278 1726 qua
1325 1671 1566 1726 proximum

152 1725 249 1775 fuit,
273 1726 494 1776 Quinctius
524 1743 598 1783 per
620 1726 800 1782 Ligures
829 1727 871 1767 in
895 1726 1019 1767 Boios
1040 1727 1165 1767 venit.
1228 1727 1326 1767 Duo
1347 1727 1566 1769 consulum

150 1782 318 1837 agmina
357 1783 519 1824 diversa
553 1784 636 1825 late
671 1799 819 1838 agrum
859 1782 1042 1824 hostium
1082 1791 1389 1846 perxastarunt.
1430 1784 1565 1839 primo

150 1838 312 1894 equites
333 1855 474 1880 eorum
505 1841 629 1896 pauci
652 1855 746 1881 cum
776 1840 999 1896 praefectis,
1022 1840 1172 1880 deinde
1202 1855 1420 1881 universus
1451 1856 1565 1882 sena-

149 1902 234 1946 tus,
250 1904 460 1952 postremo
480 1897 522 1937 in
540 1897 695 1952 quibus
716 1908 790 1938 aut
805 1897 976 1938 fortuna
996 1896 1151 1953 aliqua,
1166 1905 1239 1938 aut
1261 1896 1443 1950 dignitas
1460 1907 1562 1949 erat,

148 1952 203 1992 ad
223 1953 335 1994 mille
357 1953 575 2009 quingenti
597 1954 651 1994 ad
680 1953 868 1994 consules
898 1954 1227 2009 transfugerunt.
1289 1955 1347 1994 Et
1378 1953 1418 1994 in
1451 1963 1564 1995 utra„

149 2023 232 2063 que
255 2010 462 2066 Hispania
482 2026 529 2051 eo
550 2026 657 2051 anno
677 2026 741 2050 res
768 2026 964 2073 prospere
985 2019 1126 2065 gestae.
1158 2026 1251 2050 nam
1274 2022 1315 2051 et
1339 2011 1384 2050 C.
1410 2011 1563 2051 Flami-
1576 2019 1639 2050 Res
1657 2021 1769 2064 Hispa-

147 2079 241 2106 mus
281 2067 484 2122 oppidum
522 2067 759 2117 Litabrum,
801 2067 1010 2108 munitum
1050 2067 1397 2130 opulentumque,
1432 2063 1665 2109 vineisnicae·

147 2136 372 2178 expuonax
375 2132 421 2173 lt
445 2132 485 2164 et
506 2124 684 2165 nobilem
715 2124 909 2179 regulum
933 2124 1235 2165 Corribilonem
1258 2138 1402 2164 rivum
1423 2125 1557 2180 cepit.

147 2187 187 2219 et
220 2180 282 2219 M.
308 2180 485 2221 Fulvius
519 2181 740 2236 proconsul
771 2196 864 2221 cum
897 2181 1063 2222 duobus
1093 2181 1345 2221 exercitibus
1375 2180 1558 2222 hostium

145 2234 232 2276 duo
253 2237 434 2278 secunda
461 2237 610 2293 proelia
638 2237 759 2278 fecit:
791 2237 949 2293 oppida
968 2236 1074 2278 (1110Ι
1096 2238 1399 2293 Hispanorum,
1420 2237 1560 2279 ⁷²Ves-

441 2331 459 2354 k
473 2333 694 2362 annunciabant
711 2331 807 2362 Gron.
824 2333 915 2362 Crev.
1000 2329 1009 2354 ¹
1025 2333 1082 2361 duo
1097 2331 1158 2361 del.
1175 2330 1262 2361 Eaed.

188 2412 228 2443 69
258 2413 376 2455 Ι)1]ἐ>51ἱ.·
372 2425 410 2444 re
445 2426 530 2455 qaam
569 2426 598 2454 p]
592 2417 665 2445 iore
699 2416 825 2456 impeta]
872 2415 1006 2445 Romam
1022 2421 1220 2446 reverterunt.

149 2454 306 2487 Infestiore
342 2458 470 2499 impetu,
506 2468 600 2498 quam
635 2469 695 2498 quo
733 2459 827 2499 plius,
915 2459 954 2487 72
999 2458 1149 2488 leaceliam
1186 2458 1395 2500 Holonemqne]
1442 2460 1556 2490 Parum

148 2506 228 2528 anno
255 2499 369 2530 scilicet
394 2500 558 2541 superiore,
574 2511 673 2531 amnls
697 2501 765 2531 urbi
792 2501 828 2530 il
872 2506 945 2530 nota
974 2501 1109 2531 nomina.
1155 2501 1238 2531 Xict.
1262 2501 1331 2531 cod.
1353 2511 1423 2531 cum
1451 2502 1555 2531 'l'hua-

147 2537 228 2569 latus
256 2540 364 2573 fuerat.
408 2543 484 2574 xid.
508 2554 611 2585 supra,
635 2554 662 2574 0.
683 2545 714 2574 9.
748 2545 828 2575 lan.
873 2553 952 2578 nae0‚
965 2550 994 2573 et
1009 2543 1109 2573 Medii
1121 2543 1208 2579 libro,
1227 2543 1429 2584 Helonemque.
1472 2545 1554 2574 Hinc

149 2581 247 2612 Faber
260 2583 334 2625 leant
354 2585 508 2626 infestiore,
526 2598 611 2626 quam
628 2597 667 2625 pr
669 2597 725 2616 1012
737 2599 825 2623 anno
870 2587 940 2616 Jac.
961 2586 1135 2617 Gronovius
1161 2586 1326 2627 legendum
1355 2587 1474 2628 putavit
1497 2587 1553 2616 Be-

146 2625 263 2663 impetu.
871 2629 1032 2669 lma-mque:
1055 2629 1184 2659 minima
1201 2634 1284 2660 certe
1308 2629 1338 2658 in
1364 2629 1472 2659 litteris
1486 2638 1553 2659 mu-

189 2667 374 2699 70⁸*Proeaa
408 2670 545 2706 Etrusca,
576 2672 658 2713 qaoe]
703 2670 825 2707 Praeda,
870 2672 1005 2709 tatione;
1037 2671 1090 2701 sed
1117 2671 1193 2701 situs
1219 2672 1356 2702 locorum
1384 2681 1553 2712 repugnare

144 2718 238 2748 quam
274 2720 312 2740 ex
346 2713 468 2742 Etruria
502 2714 664 2745 collectam
698 2714 826 2753 Licures
869 2714 1001 2745 videtur.
1046 2715 1124 2745 Belo
1136 2714 1219 2744 enim
1233 2715 1306 2744 urbs
1319 2713 1448 2743 Baeticae
1461 2714 1553 2744 mari-

145 2752 340 2792 populatores
370 2754 513 2785 miserant
545 2756 576 2786 in
609 2767 666 2787 sua
697 2758 826 2787 castella
870 2757 945 2788 tima
969 2768 985 2787 e
1013 2757 1133 2798 regione
1151 2757 1242 2796 Tingi
1264 2755 1403 2797 opposita
1424 2755 1552 2787 nimium

144 2803 299 2834 ’¹¹⁰⁰Sque·
869 2800 964 2830 distat
980 2801 1018 2830 ab
1036 2800 1180 2830 Oretanis
1194 2799 1327 2839 populiS‚
1343 2809 1375 2827 111
1389 2807 1465 2838 quos
1480 2809 1551 2830 mox

187 2837 225 2866 71
252 2837 356 2878 Legati
381 2840 416 2868 ab
441 2841 570 2882 regibus]
618 2841 754 2873 Romani
781 2843 824 2872 le·
870 2853 888 2873 a
908 2843 1006 2885 captis
1021 2842 1165 2873 ἷο50011ῑ1
1187 2845 1217 2871 et
1232 2841 1354 2871 Holone
1376 2850 1552 2889 progressus

140 2884 204 2918 gau
220 2880 258 2909 ab
287 2880 418 2920 regibus,
433 2881 472 2912 ad
489 2893 565 2923 quos
587 2884 671 2914 missi
693 2884 823 2920 fuerant,
867 2894 934 2916 esse
972 2885 1082 2915 dicitur
1120 2883 1255 2914 Fulvius.
1301 2884 1431 2914 Oretani
1472 2883 1551 2915 inter
