1947 3222
517 141 553 179 L
570 140 646 179 IB.
683 138 878 178 XXXIX.
923 141 953 177 C
967 139 1002 177 A
1017 140 1058 177 1‘.
1087 141 1239 179 XXVI.
1505 141 1579 179 421

167 249 299 290 sancti
317 251 413 300 sint,
430 249 629 291 violandis
648 248 860 290 abstinere.
884 249 1058 289 insidias
1070 249 1230 301 positas
1246 249 1428 290 euntibus
1446 250 1504 289 ad
1529 250 1579 292 Tg
1594 257 1634 288 U-.
1648 255 1686 288 C.
1699 256 1771 287 567.

171 306 418 354 Quinctium.
446 307 632 360 93Ιίαᾳιισ
651 320 745 360 ergo
773 306 816 346 in
851 311 1006 346 tantum
1037 311 1178 345 metum
1206 319 1337 347 omrzes
1373 300 1632 349 Thessalos-'³‘
1646 300 1772 331 0185.

166 362 370 416 conjectos,
391 370 435 405 ut
454 377 533 404 non
555 365 597 403 in
618 362 851 403 civitatibus
878 363 973 411 suis,
996 376 1073 402 non
1095 362 1139 402 in
1166 363 1429 403 communibus
1444 366 1582 417 gentis-

168 422 363 470 c0nciliis,
385 421 586 475 quisquam
617 421 767 461 hiscere
788 421 948 460 audeat.
973 420 1120 473 procul
1139 419 1242 458 enim
1263 418 1396 459 abesse
1414 421 1580 461 liberta-

163 478 219 517 tis
239 484 417 518 auctores
437 477 663 517 Romanos.-
693 478 817 518 lateri
835 478 1044 517 adlzccrere
1065 490 1231 531 gravem
1251 476 1464 524 dominum,
1480 491 1579 530 pro-

164 534 359 574 hibentem
387 535 451 574 uti
479 534 678 588 beneficiis
703 535 850 588 populi
874 535 1065 575 Romani.
1129 533 1243 582 Quid
1272 539 1416 580 autem,
1440 535 1476 573 si
1505 549 1580 575 vox

162 591 291 631 libera
313 605 390 631 non
410 592 477 642 sit,
498 592 661 632 liberum
683 595 791 633 esse?
824 592 945 632 Nunc
965 591 1177 644 sefiducia
1198 596 1235 630 et
1249 590 1445 643 proesidio
1465 592 1581 645 lega-

162 654 289 688 torum
310 649 566 703 ingemiscere
590 651 732 704 magis,
755 663 872 703 quam
893 649 1013 703 loqui.
1046 649 1130 688 nisi
1152 649 1400 701 provideant
1420 649 1582 703 aliquid

162 705 357 755 Romani,
386 720 462 760 quo
492 714 531 746 et
564 706 723 748 Gmcis
756 706 1039 747 Macedoniam
1072 704 1343 746 adcolentibus
1377 711 1513 756 metus,
1540 712 1582 747 et

160 763 336 803 audacia
358 764 552 818 Philippi
577 765 798 815 minuatur,
819 764 1087 818 nequidquam
1109 769 1146 803 et
1168 764 1279 802 illum
1301 763 1457 811 victum,
1481 769 1519 804 et
1539 778 1581 804 se

158 818 351 860 liberatos
371 835 464 862 esse.
530 822 587 862 Ut
606 821 782 876 9⁴equum
808 828 999 869 tenacem,
1020 834 1099 860 non
1122 825 1334 873 parentem
1347 820 1493 874 frenis
1512 835 1579 862 as-

160 876 388 918 verioribus
413 879 692 933 castigandum
721 893 813 919 esse.
874 879 981 919 Haee
1011 877 1156 918 acerbe
1188 876 1412 932 postremi:
1444 893 1578 933 quum

161 932 320 989 priores
339 934 487 976 leniter
516 935 827 992 permulsissent
847 935 952 976 iram
969 936 1074 991 eJus,
1096 942 1299 990 petentes,
1329 934 1385 974 Ut
1404 935 1579 988 ignosce-

160 996 223 1030 ret
244 1005 324 1044 pro
354 992 542 1033 libertate
571 993 841 1046 loquentibzes;
872 999 911 1033 et
943 999 1002 1041 ut,
1025 992 1208 1044 deposita
1239 992 1394 1031 domini
1426 992 1579 1033 acerbi-

159 1049 257 1096 tate,
279 1049 527 1090 adsuesceret
545 1052 690 1090 socium
712 1057 831 1105 atque
851 1051 1018 1090 amicum
1039 1063 1120 1090 sese
1134 1054 1357 1101 praestare,-
1382 1055 1420 1088 et
1441 1050 1580 1090 imita-

161 1111 276 1145 retur
297 1108 488 1159 populum
510 1108 751 1157 Romanum,
774 1108 845 1161 qui
867 1108 1057 1155 caritate,
1079 1120 1196 1158 quam
1217 1111 1335 1153 metu,
1357 1104 1581 1160 adjungere

158 1162 240 1202 sibi
272 1164 396 1205 socios
426 1165 574 1205 mallet.
637 1163 849 1205 Thessalis
881 1162 1051 1212 auditis,
1084 1162 1298 1203 Perrhaebi
1331 1164 1579 1204 Gonnocon-

161 1219 323 1283 dylum,
345 1220 461 1277 quod
492 1220 716 1277 Philippus
744 1220 1038 1277 Olympiadem
1069 1219 1366 1275 adpellaverat,
1389 1219 1578 1261 Perrhae-

160 1276 241 1317 biae
271 1277 414 1328 fuisse,
435 1286 477 1320 et
506 1286 555 1319 ut
586 1278 664 1319 sibi
700 1277 1006 1327 restitueretur,
1027 1277 1219 1332 agebant.
1250 1284 1292 1317 et
1324 1275 1377 1316 de
1402 1276 1578 1318 Malloea

159 1341 202 1374 et
232 1334 419 1376 Ericinio
453 1334 597 1376 eadem
627 1334 855 1390 postulatio
887 1343 988 1375 erat.
1052 1333 1307 1375 Athamanes
1341 1332 1578 1375 libertatem

158 1391 419 1446 repetebant,
441 1403 483 1433 et
503 1392 672 1433 castella
692 1391 945 1433 Athenaeum
967 1399 1008 1433 et
1034 1390 1266 1432 Poetneum.

219 1447 398 1488 XXVI.
429 1448 668 1505 Philippus,
697 1457 746 1490 ut
775 1448 1025 1489 accusatoris
1054 1447 1210 1504 potius,
1233 1462 1360 1502 quam
1391 1446 1464 1498 rei,
1488 1463 1576 1504 spe-
1589 1459 1771 1502 Respondet

160 1504 264 1544 ciem
295 1503 482 1556 haberet,
505 1514 546 1547 et
576 1506 663 1562 ipse
688 1521 712 1546 a
732 1505 911 1561 querelis
931 1520 1063 1554 orsus,
1086 1504 1361 1545 Menelaidem
1383 1505 1426 1545 in
1449 1506 1577 1545 Dolo-
1591 1503 1764 1546 Philippus.

153 1561 247 1614 pia,
270 1575 360 1615 quse
388 1563 506 1616 regni
534 1564 598 1603 sui
615 1563 784 1617 fuisset,
813 1562 1024 1603 Thessalos
1052 1563 1094 1603 vi
1122 1568 1243 1615 atque
1271 1563 1397 1603 armis
1426 1575 1576 1617 arpag-

160 1632 288 1667 nasse,
311 1627 486 1674 questus
514 1627 599 1661 est:
631 1620 721 1660 item
743 1622 911 1661 Petram
933 1621 976 1660 in
996 1620 1146 1660 Pieria
1165 1619 1218 1659 ab
1239 1620 1378 1659 iisdem
1406 1619 1575 1660 Thessa-

158 1676 214 1716 lis
237 1676 542 1731 Perrhaebisque
561 1683 735 1730 captam.
786 1677 951 1731 Xynias
969 1678 1141 1731 quidem,
1157 1677 1269 1716 haud
1287 1676 1406 1716 dubie
1422 1676 1578 1717 AEtoli.

159 1747 242 1773 cum
264 1735 468 1786 oppidum,
488 1734 568 1775 sibi
596 1749 663 1775 eos
683 1735 963 1780 contribuisse,·
998 1741 1037 1775 et
1057 1735 1374 1781 Paracheloida,
1397 1747 1485 1787 quae
1504 1735 1577 1774 sub

160 1790 410 1831 Athamania
442 1798 551 1839 esset,
583 1793 694 1832 nullo
713 1791 816 1846 jure
842 1792 877 1815 ⁹⁵
891 1792 1166 1833 Thessalorum
1180 1791 1378 1845 Jbrmulce
1395 1791 1573 1845 jactam.

161 1848 267 1888 Nam
297 1862 391 1902 ‹chae
414 1849 491 1890 sibi
517 1850 691 1889 crimina
716 1848 976 1903 objiciantur,
1004 1851 1054 1890 de
1082 1849 1246 1889 insidiis
1274 1849 1510 1902 legatorum,
1537 1856 1576 1889 et

158 1906 376 1946 maritimis
401 1906 595 1959 portubus
612 1905 886 1960 frequentatis
914 1913 987 1947 aut
1007 1907 1196 1952 desertis;
1229 1907 1398 1946 alterum
1420 1906 1576 1946 deridi-

159 1963 286 2003 culum
316 1977 409 2011 esse,
437 1978 479 2004 se
509 1965 677 2004 reddere
705 1965 916 2014 rationem,
947 1978 1042 2018 quos
1068 1969 1212 2017 portus
1242 1968 1475 2003 mercatores
1503 1969 1576 2004 aut

158 2021 317 2060 nautici
329 2026 476 2072 petant
483 2042 499 2066 ,-
530 2021 700 2061 alterum
721 2035 848 2061 mores
866 2035 953 2062 suos
972 2035 1170 2074 respuere.
1234 2020 1312 2060 Tot
1333 2033 1461 2060 annos
1480 2034 1574 2070 esse,

152 2090 236 2130 per
268 2091 364 2131 quos
392 2075 604 2132 numquam
637 2079 878 2119 cessaverint
910 2079 1051 2132 legati,
1088 2091 1195 2118 nunc
1227 2078 1284 2117 ad
1315 2077 1577 2129 imperatores

160 2134 380 2183 Romanos,
409 2149 514 2175 nunc
541 2137 710 2177 Romam
740 2137 798 2176 ad
830 2141 1006 2176 senatum
1042 2136 1216 2176 crimina
1251 2135 1301 2173 de
1328 2148 1369 2174 se
1403 2134 1575 2187 dcfirre.

158 2205 272 2245 quem
314 2205 498 2244 nmquam
533 2192 651 2233 verbo
689 2193 877 2234 violatum
920 2195 1027 2233 esse?
1087 2193 1214 2234 Semel
1252 2192 1307 2231 ad
1344 2190 1574 2239 Qcinctium

158 2249 342 2290 euntibus
369 2249 543 2289 insidias
568 2250 653 2290 dici
668 2249 826 2304 saetas.
857 2251 938 2298 sed,
962 2250 1063 2304 quid
1091 2251 1143 2290 iis
1172 2249 1380 2296 acciderit,
1403 2261 1481 2289 non
1502 2250 1575 2288 ad-

146 2304 244 2359 jici.
301 2306 336 2331 ⁹⁶
346 2305 636 2356 Qum-entium,
664 2309 796 2361 quodg
815 2305 931 2360 salso
960 2307 1167 2362 objiciant,
1196 2320 1313 2361 quum
1348 2307 1434 2346 veri
1459 2306 1576 2346 «nihil

152 904 174 929 Β.

758 2409 776 2435 3
790 2407 860 2448 quid
876 2407 973 2438 Gron.

156 2536 160 2538 v
205 2499 388 2542 93‘Itaque
414 2501 497 2543 ergo]
536 2500 611 2532 Vid.
635 2507 700 2532 not.
724 2501 775 2532 76.
806 2500 846 2532 ad
931 2502 972 2531 95
1013 2501 1211 2532 Thessalorum
1253 2501 1396 2543 formnlae
1435 2500 1572 2541 factam]

155 2541 193 2581 ΔΙ.
206 2542 260 2572 25.
889 2542 1046 2574 Thessalis
1055 2543 1270 2574 contributam.
1285 2543 1367 2575 Sicl.
1377 2543 1574 2574 XXXVIII.

206 2584 248 2614 94
278 2583 393 2623 Equum
427 2592 553 2618 tenacem
590 2598 645 2617 non
680 2587 846 2627 parentem]
891 2596 918 2616 c.
933 2587 966 2617 9.
993 2586 1097 2617 Urbem
1113 2598 1148 2617 ne
1169 2591 1255 2628 qnam
1266 2587 1416 2628 jin-mula:
1431 2587 1574 2624 suijuris

164 2626 249 2666 Lege
279 2636 349 2657 cum
377 2628 507 2670 Dujatio
533 2636 701 2664 sternacem,
728 2629 759 2660 id
787 2635 844 2665 est,
877 2629 1031 2671 jacerent.

163 2669 218 2709 qui
243 2679 391 2699 sessorem
413 2672 528 2703 excutit
553 2671 732 2712 sternitque.
776 2672 846 2703 Hac
931 2673 973 2703 96
1006 2672 1211 2706 Quoerentium
1247 2671 1339 2713 quod]
1392 2669 1477 2700 Libri
1511 2669 1573 2700 fere

153 2721 239 2751 ‚voce
265 2721 340 2741 usus
368 2717 414 2742 est
435 2713 594 2756 Virgilius,
619 2715 697 2746 AEn.
719 2715 798 2745 XII.
819 2726 847 2745 v.
888 2714 1006 2746 habent
1026 2717 1114 2756 quid.-
1138 2715 1257 2750 vitiose,
1275 2721 1309 2744 ut
1329 2714 1471 2743 observat
1495 2713 1575 2743 Gro-

165 2755 239 2784 364.
283 2753 434 2785 Videmur
446 2755 548 2788 delere
562 2768 650 2799 posse
667 2758 846 2796 wlnonpa-
889 2757 1008 2788 novius.
1066 2759 1267 2793 Quoeretztinm
1306 2755 1388 2786 enim
1425 2754 1475 2784 hic
1511 2765 1572 2785 non

167 2804 287 2832 rentem,
305 2807 374 2838 quae
393 2797 516 2839 sapiunt
537 2800 688 2840 glossema
705 2800 846 2832 additum
889 2805 936 2831 est
960 2802 1216 2841 interrogantium,
1248 2799 1301 2829 sed
1329 2799 1572 2837 conquirentium.

166 2839 400 2880 interpretandae
435 2850 543 2882 parum
572 2842 650 2873 tritae
680 2843 745 2875 voci
775 2850 845 2874 ster·
891 2846 998 2879 Quum
1014 2843 1104 2883 igitur
1121 2842 1204 2872 Vict.
1219 2841 1316 2871 codex
1331 2839 1471 2883 praeferat
1486 2843 1572 2882 qnod,

167 2893 276 2913 nucem.
891 2886 1103 2916 incunctanter
1118 2884 1298 2926 recepimus.

966 2929 1083 2967 Ec&
