1947 3222
469 137 859 180 LIB.XXXV111.
900 139 1036 178 CAP.
1065 141 1262 182 xxx1x.
1500 155 1576 194 373

148 252 288 294 Attica
308 255 466 295 talenta
486 253 582 292 dato
609 250 723 290 intra
752 248 958 289 duodecim
989 264 1116 291 annos
1137 254 1401 305 pensionibus
1428 261 1569 314 eequis,
1587 275 1762 309 U.c.564.

148 310 361 363 (talentum
382 324 433 351 ne
451 310 579 349 minus
591 307 731 361 pondo
751 307 956 361 octoginta
977 307 1178 350 Romanis
1198 313 1447 363 ponderibus
1468 331 1570 370 pen-
1583 318 1622 350 A·
1635 319 1673 352 C·
1691 320 1763 353 188.

146 369 239 423 dat)
260 368 339 409 ³⁴et
358 367 490 408 tritici
509 365 731 419 quingenta
762 364 1040 418 quadraginta
1071 367 1203 407 millia
1234 370 1414 411 modium.
1474 375 1566 416 Eu-

145 427 252 466 meni
271 427 360 480 regi
376 424 571 464 ³⁵talenta
599 427 778 462 trecenta
798 422 1097 476 quinquaginta
1118 424 1231 464 intra
1253 427 1567 480 quinquennium

143 484 262 524 dato:
292 490 331 523 et
343 495 424 535 pro
427 479 655 534 frumento,
677 478 826 533 ³⁶quod
843 480 1216 534 oestimationefiat,
1234 484 1393 525 talenta
1412 495 1566 531 centum

141 541 294 595 viginti
323 544 480 592 septem.
546 536 714 578 Obsides
748 537 948 578 Romanis
983 538 1134 592 viginti
1166 541 1276 590 dato,
1313 547 1353 582 et
1383 544 1566 586 triennio

140 603 290 638 mutato
296 617 311 642 ,·
334 610 384 636 ne
405 595 576 636 minores
595 593 776 635 octomzm
797 592 939 634 demtm
960 609 1172 647 annorum,
1190 611 1265 638 neu
1287 597 1455 652 majores
1476 605 1563 655 qui.

138 653 229 694 mim
263 651 578 707 quadragenum.
653 653 701 693 Si
734 652 806 705 qui
838 652 1032 692 sociorum
1060 655 1211 707 populi
1243 655 1427 697 Romani
1455 661 1562 701 ultro

136 711 277 751 bellum
310 711 487 765 infhrent
517 709 731 758 Antiocho,
766 710 844 750 vim
880 709 922 750 vi
949 711 1118 751 arcendi
1132 710 1206 764 jus
1236 718 1339 762 esto;
1383 716 1476 756 dum
1511 731 1562 759 ne

134 782 253 822 quam
283 768 416 809 urbem
445 773 523 807 aut
551 767 648 807 belli
663 766 764 820 jure
787 772 936 815 teneat,
959 773 1032 807 aut
1053 768 1098 808 in
1118 770 1342 812 amicitiam
1363 774 1558 826 accipiat.

135 826 440 867 controversias
459 825 565 865 inter
584 839 624 865 se
631 822 728 877 jure
747 823 967 876 acjudz‘cio
987 825 1252 878 disceptanto,
1271 835 1355 878 aut,
1378 831 1416 870 si
1435 833 1558 874 utris-

134 895 211 936 que
223 883 418 935 placebit,
439 882 554 923 bello.
605 882 671 922 De
694 880 932 922 Hannibale
949 882 1095 932 Poeno,
1113 892 1154 924 et
1176 884 1322 926 AEtolo
1345 887 1555 941 Thoante,

133 948 175 981 et
211 939 501 981 Mnasimacho
535 940 771 989 Acarnane,
804 945 847 979 et
883 938 1228 982 Chalcidensibus
1259 943 1480 986 Eubulida
1513 955 1554 989 et

134 996 325 1048 Philone,
347 996 563 1046 dedendis,
585 995 628 1036 in
648 996 726 1037 hoc
746 1009 917 1051 quoque
945 995 1104 1036 foedere
1127 997 1386 1054 adscriptum
1408 1010 1480 1043 est.
1513 1012 1555 1045 et

134 1062 198 1104 ut,
233 1055 266 1096 si
296 1054 402 1110 quid
430 1062 574 1110 postea
608 1052 722 1104 addi,
758 1052 885 1104 demi,
920 1051 1126 1094 mutarive
1160 1053 1398 1110 placuisset,
1431 1068 1479 1100 ut
1509 1060 1555 1101 id

133 1111 248 1152 salvo
267 1112 427 1153 foedere
448 1111 577 1152 fieret.

189 1169 429 1210 XXXIX.
463 1166 621 1208 Consul
644 1165 806 1223 juravit
826 1165 870 1207 in
889 1165 969 1207 hoc
988 1166 1140 1209 foedus.
1172 1169 1226 1211 ab
1246 1183 1344 1226 rege
1372 1172 1446 1227 qui
1468 1175 1554 1216 exi-

128 1234 275 1280 gerent
299 1224 615 1282 jusjurandum,
646 1223 825 1280 profecti
855 1224 904 1274 Q.
928 1224 1146 1266 Minucius
1178 1226 1392 1269 Thermus
1423 1238 1464 1271 et
1498 1232 1550 1272 L.

131 1278 334 1334 Manlius,
356 1282 431 1339 qui
463 1290 553 1323 tum
573 1281 683 1323 forte
703 1281 756 1322 ab
779 1281 986 1321 Oroandis
1006 1281 1143 1323 rediit.
1175 1291 1216 1325 et
1239 1285 1287 1334 Q.
1311 1286 1446 1327 Fabio
1468 1288 1551 1329 La-

127 1339 263 1391 beoni,
285 1339 360 1396 qui
388 1338 506 1380 classi
535 1347 729 1395 praeerat,
752 1338 931 1393 scripsit,
954 1346 1003 1380 ut
1031 1340 1186 1381 Patara
1214 1342 1425 1398 extemplo
1455 1360 1550 1400 pr0-

125 1395 404 1445 ficisceretur3
436 1410 619 1452 quaeque
638 1394 697 1436 ibi
718 1410 843 1435 naves
871 1395 999 1451 regiae
1023 1405 1173 1447 essent,
1196 1399 1430 1441 concideret
1461 1416 1548 1443 cre-

125 1461 357 1509 maretque.
417 1452 638 1494 Profectus
669 1452 723 1493 ab
755 1452 941 1507 EpheSO,
973 1453 1283 1511 quinquaginta
1318 1464 1448 1498 tectas
1477 1473 1548 1500 na-

123 1525 194 1550 ves
223 1518 298 1551 aut
328 1509 523 1557 concidit,
545 1517 620 1550 aut
649 1508 845 1550 incendit.
907 1509 1183 1551 Telmissum=¹
1203 1512 1347 1553 eadem
1376 1515 1546 1570 expedi-

123 1567 249 1617 tione,
272 1566 427 1608 territis
447 1566 588 1608 subito
608 1565 791 1607 adventu
816 1563 955 1606 classis
984 1566 1220 1622 oppidanis,
1242 1570 1410 1625 recepit.
1473 1573 1545 1614 Ex

122 1623 256 1679 Lycia
276 1623 482 1680 protinus,
498 1623 628 1680 jussis
657 1623 710 1664 ab
732 1622 903 1679 Epheso
924 1624 1057 1679 sequi,
1079 1623 1154 1679 qui
1174 1624 1231 1666 ibi
1256 1626 1389 1668 relicti
1410 1637 1542 1680 erant,

119 1696 194 1736 per
223 1681 380 1722 insulas
408 1682 452 1721 in
485 1680 694 1722 Graeciam
723 1679 898 1735 trajecit.
958 1679 1141 1722 Athenis
1170 1696 1325 1738 paucos
1355 1693 1543 1727 moratus

117 1737 220 1788 dies,
243 1737 343 1779 dum
378 1738 588 1779 Piraeeum
616 1737 670 1779 ab
701 1737 872 1792 Epheso
900 1751 1026 1778 naves
1055 1738 1260 1790 venirent,
1283 1747 1411 1782 totam
1444 1742 1542 1784 inde

116 1794 284 1836 classem
306 1796 350 1836 in
373 1795 540 1836 Italiam
570 1793 752 1835 reduxit.
815 1794 891 1835 Cn.
915 1793 1104 1835 Manlius
1133 1810 1267 1851 quum
1296 1797 1405 1839 inter
1434 1808 1542 1841 cete-

115 1866 176 1902 ra,
208 1868 305 1908 quae
335 1851 574 1908 accipienda
607 1851 661 1893 ab
693 1850 903 1892 Antiocho
932 1859 1064 1902 erant,
1095 1851 1338 1908 elephantos
1368 1871 1540 1912 quoque

115 1909 354 1964 accepisset,
384 1909 580 1965 donoque
610 1908 792 1950 Eumeni
821 1923 963 1949 omnes
992 1907 1200 1958 dedisset;
1242 1910 1392 1952 deinde
1422 1928 1538 1955 caus-

118 1981 183 2006 sas
222 1966 470 2016 civitatium,
507 1965 651 2007 multis
685 1966 794 2006 inter
827 1980 957 2006 novas
990 1980 1056 2006 res
1096 1967 1290 2016 turbatis,
1327 1970 1535 2024 cognovit.
1550 1989 1616 2021 Res
1631 2002 1738 2023 reoum

117 2023 177 2063 Et
197 2023 444 2064 Ariarathes
463 2038 553 2073 rex,
574 2029 693 2078 parte
713 2021 889 2063 dimidia
912 2021 1100 2078 pecuniae
1125 2022 1356 2079 imperatae,
1379 2027 1536 2068 Eume·
1547 2038 1579 2063 et
1593 2017 1714 2065 urbiiim

114 2079 178 2120 nis
211 2079 425 2129 beneficio,
459 2079 526 2120 cui
558 2079 836 2135 desponderat
871 2093 946 2134 per
985 2094 1054 2120 eos
1088 2078 1176 2121 dies
1216 2080 1358 2132 filiam,
1392 2085 1534 2125 remis-
1546 2078 1735 2118 compositae.

113 2151 172 2187 sa,
206 2135 250 2178 in
281 2136 507 2178 amicitiam
537 2137 599 2178 e‘st
633 2144 840 2192 acceptus.
903 2135 1151 2177 Civitatium
1185 2145 1326 2179 autem
1356 2140 1533 2195 cognitis

603 2208 622 2233 q
639 2205 813 2235 Telmessum
828 2203 926 2235 Gron.
942 2205 1034 2236 Crev.

115 2268 182 2294 erat
202 2262 312 2295 talenti
337 2264 469 2307 ponduS,
493 2263 547 2295 sed
570 2264 622 2294 80.
645 2263 797 2294 talentum

117 2305 174 2336 sibi
193 2307 234 2337 ab
253 2307 409 2339 Antiocho
429 2306 610 2338 solvendum
632 2306 796 2338 aestimant.

117 2347 217 2379 Nobis
235 2360 296 2381 non
315 2350 389 2382 licet
409 2350 491 2381 hane
516 2349 726 2391 conjecturam
749 2359 797 2380 se-

115 2389 180 2430 qui,
207 2398 366 2434 propterea
401 2392 485 2434 quod
520 2392 638 2423 minam
668 2391 798 2423 facimus

116 2442 222 2473 parem
242 2435 327 2466 librae
347 2437 512 2472 Romanae,
537 2435 718 2466 drachmam
743 2434 797 2467 de-

116 2475 212 2512 nario,
235 2486 273 2507 ex
297 2479 414 2520 vulgari
443 2479 637 2520 antiquorum
663 2477 797 2509 aestima-

114 2517 217 2558 tione3
246 2529 281 2550 ac
302 2522 427 2562 proinde
453 2521 604 2553 talentum
627 2521 715 2551 nobis
739 2525 796 2556 est,

115 2566 150 2590 nt
166 2562 296 2593 Varroni
317 2565 398 2605 apud
417 2564 554 2596 Plinium
576 2564 598 2595 l.
612 2564 751 2595 XXXV.
768 2574 798 2594 c.

118 2604 168 2634 ll.
196 2615 241 2635 sex
270 2606 395 2637 millium
422 2610 620 2646 devmriorum,
647 2607 794 2638 librarum

115 2646 329 2678 Romanarum
343 2649 394 2679 60.

155 2690 197 2719 34
243 2690 283 2720 Et
325 2693 417 2722 tritici
465 2695 625 2735 quingenta
667 2694 794 2734 quadra-

109 2733 196 2771 ginta
216 2734 310 2764 millia
331 2735 473 2777 mediam]
500 2736 627 2768 Modios
646 2741 796 2767 nostrates

110 2775 249 2807 416250.

151 2818 194 2848 35
223 2819 348 2850 Talenta
392 2826 519 2851 trecenta
560 2822 792 2863 quinquaginta]

108 2859 141 2890 si
170 2860 235 2892 haec
266 2866 336 2893 sunt
365 2863 482 2894 talenta
511 2863 630 2900 Attica,
660 2869 692 2894 ut
718 2864 794 2895 solet

109 2902 251 2946 intelligi,
291 2905 415 2947 quando
460 2905 610 2938 talentum
655 2907 795 2938 absolute

839 2261 974 2305 ponitur,
1006 2262 1084 2294 fiunt
1116 2273 1228 2295 marcae
1262 2266 1380 2307 argenti
1413 2268 1530 2298 32812·

840 2316 912 2337 cum
926 2305 1026 2337 unciis
1041 2307 1071 2338 4.

884 2350 926 2379 36
956 2349 1041 2383 Quod
1085 2351 1276 2381 oestimatz'one
1310 2351 1390 2393 fiat]
1436 2353 1530 2384 Latet

841 2391 988 2422 mendum
1002 2391 1034 2422 in
1050 2402 1125 2424 voce
1129 2393 1203 2433 fiat.
1249 2393 1288 2423 Id
1309 2395 1411 2434 arguit
1434 2395 1528 2437 Poly-

840 2434 922 2470 bius,
937 2433 989 2475 qui
1011 2434 1106 2467 habet
1128 2435 1231 2470 καθὼς
1254 2435 1387 2476 ι’·τῖμησεν
1408 2437 1422 2468 ὅ
1442 2441 1530 2475 βισκ-

841 2476 908 2512 λεὺς
922 2477 1086 2519 Ἀντίοχος.
1131 2481 1242 2509 Jussus
1266 2485 1333 2510 erat
1353 2480 1528 2512 Antiochus

841 2520 975 2551 Eumeni
1009 2521 1138 2552 reddere
1171 2521 1256 2563 quod
1284 2521 1429 2553 frumenti
1456 2524 1527 2554 reli-

840 2573 937 2604 quum
952 2569 1018 2595 erat
1031 2574 1069 2594 ex
1083 2574 1120 2594 eo
1139 2564 1222 2605 quod
1242 2565 1322 2606 patri
1343 2565 1526 2597 debebatur.

838 2605 901 2637 Hic
932 2617 986 2648 pro
1021 2606 1074 2637 illo
1107 2607 1261 2638 frumento
1298 2608 1372 2638 dare
1399 2609 1527 2649 jubetur

838 2649 957 2680 talenta
971 2654 1095 2680 centum
1115 2650 1222 2691 viginti
1242 2655 1371 2693 septem,
1387 2662 1423 2681 ex
1443 2651 1525 2681 aesti-

838 2692 974 2724 matione
997 2703 1092 2734 quam
1112 2692 1178 2735 ipse
1200 2693 1332 2723 fecerat:
1356 2692 1387 2722 id
1413 2698 1470 2728 est,
1487 2703 1525 2724 ex

840 2735 937 2777 pretio
959 2746 1020 2777 quo
1046 2735 1111 2777 ipse
1141 2735 1326 2766 frumentum
1354 2740 1527 2767 taxaverat.

836 2778 969 2809 Talenta
994 2778 1101 2809 Attica
1125 2783 1249 2809 centum
1274 2777 1383 2817 viginti
1408 2783 1525 2820 septem

836 2821 974 2851 efficiunt
1009 2831 1128 2852 marcas
1162 2820 1278 2862 argenti
1313 2821 1427 2853 11906.
1453 2831 1524 2853 cum

838 2863 935 2894 unciis
950 2865 982 2894 2.

902 2947 1021 2989 Bb&
