1947 3222
311 101 384 134 358
849 95 992 132 '1'1‘1‘1
1043 94 1220 133 LIVII

101 213 280 244 U.C.563.
316 204 499 260 undiquc
521 205 857 261 configebantur:
890 213 946 255 et,
969 219 1100 260 quum
1132 204 1319 252 cominus
1346 210 1557 253 venerant,
1578 202 1729 257 gladiis

99 256 193 288 'Lc-
211 257 281 287 189.
313 277 339 302 a
373 261 570 303 velitibus
602 262 933 303 trucidabantur.
996 262 1080 301 Hic
1116 261 1231 301 miles
1263 260 1507 316 tripedalem
1540 273 1727 315 parmam

313 318 455 368 habet,
491 327 532 359 et
566 318 609 359 in
642 319 790 360 dextra
820 318 974 366 hastas,
1010 317 1166 372 quibus
1201 317 1361 358 eminus
1396 317 1544 357 utitur.
1587 315 1729 371 gladio

316 375 583 430 Hispaniensi
614 383 676 416 est
711 374 881 415 cinctus.
914 374 1029 428 quod
1062 373 1094 413 si
1125 373 1231 429 pede
1261 374 1423 415 conlato
1451 372 1732 428 pugnandum

315 439 391 481 est,
414 431 622 473 translatis
650 431 692 472 in
723 431 870 471 laevam
890 430 1034 479 hastis,
1056 430 1225 485 stringit
1251 430 1450 485 gladium.
1512 429 1642 469 Pauci
1663 444 1730 469 su-

316 496 508 544 pererant
531 489 620 544 jam
643 487 873 529 Gallorum.
896 486 984 541 qui,
1006 494 1228 542 postquam
1256 487 1308 527 ab
1329 487 1409 528 levi
1430 496 1642 528 armatura
1662 496 1730 526 su-·

317 553 480 600 peratos
510 561 552 586 se
581 544 792 592 viderunt,
823 551 864 584 et
894 543 1047 584 instare
1075 543 1286 597 legionum
1316 544 1447 599 signa,
1469 544 1599 584 effusa
1628 543 1731 596 fuga

105 605 213 637 Effusa
224 606 298 647 fuga
316 610 451 642 castra
470 609 680 657 repetunt,
702 600 867 655 pavoris
887 607 929 640 et
959 599 1168 640 tumultus
1191 601 1280 655 jam
1300 600 1445 656 plena:
1468 599 1501 624 ⁸²
1510 609 1557 641 ut
1578 600 1650 640 ubi
1672 600 1730 639 fe-

103 654 203 721 {astra
218 658 453 708 repe-minae'
474 657 693 713 puerique,
715 664 757 698 et
786 656 867 697 alia
886 656 1049 697 inbellis
1079 656 1204 697 turba
1230 657 1438 712 permixta
1466 665 1583 697 esset.
1646 657 1729 696 Ro-

122 699 184 723 unt.
316 730 458 755 manos
478 715 655 754 victores
675 713 826 754 deserti
847 713 951 768 fuga
971 713 1153 753 hostium
1176 722 1423 770 acceperunt
1444 713 1608 754 tumuli.

375 771 538 811 XXII.
573 770 662 811 Sub
700 770 812 811 idem
853 778 1018 826 tempus
1059 770 1110 810 L.
1140 770 1328 811 Manlius
1367 779 1408 811 et
1451 772 1497 810 C.
1533 769 1728 820 Helvius,

315 842 462 884 quum,
497 827 638 882 quoad
668 826 776 867 viam
808 826 933 868 colles
967 826 1129 882 obliqui
1165 827 1386 877 dederunt,
1418 826 1728 875 escendissent⁰‚

314 892 538 940 postquam
567 883 622 925 ad
650 883 762 924 invia
792 892 963 925 ventum
984 892 1061 933 est,
1082 883 1233 925 flexere
1263 884 1342 925 iter
1362 884 1404 924 in
1424 892 1587 940 partem
1617 897 1731 923 mon-

314 941 382 991 tis,
404 956 501 996 quae
522 956 607 981 una
625 941 807 982 habebat
827 941 931 984 iter:
965 949 1006 982 et
1032 941 1149 996 sequi
1177 941 1356 982 consulis
1383 956 1545 996 agmen,
1567 939 1732 980 modico

313 1006 494 1053 uterque
532 997 766 1048 intervallo,
803 998 916 1039 velut
956 1013 1008 1038 ex
1048 998 1291 1054 composito,
1327 1005 1567 1054 coeperunt:
1614 996 1731 1052 quod

313 1054 450 1110 primo
479 1054 684 1110 optimum
714 1055 830 1096 factu
858 1055 1020 1102 fuisset,
1042 1054 1082 1094 in
1110 1055 1154 1096 id
1174 1055 1416 1096 necessitate
1437 1055 1527 1110 ipsa
1546 1053 1732 1109 compul-

314 1111 359 1152 si.
423 1110 620 1152 Subsidia
639 1111 809 1152 enimin
838 1110 993 1152 talibus
1020 1111 1313 1166 iniquitatibus
1341 1112 1525 1152 locorum
1551 1111 1732 1151 maximo

314 1183 424 1224 saepe
455 1168 549 1208 usui
579 1167 774 1209 fuerunt:
808 1176 872 1218 ut,
902 1167 1047 1223 primis
1076 1168 1184 1209 forte
1215 1168 1461 1217 deturbatis,
1492 1167 1660 1208 secundi
1690 1175 1732 1207 et

315 1232 460 1280 tegant
487 1224 645 1280 pulsos,
671 1232 712 1266 et
740 1224 892 1279 integri
923 1239 1109 1280 pugnam
1143 1225 1363 1281 excipiant.
1427 1224 1599 1274 Consul,
1622 1232 1733 1279 post-

315 1296 443 1337 quam
471 1281 525 1321 ad
552 1281 750 1331 tumulos,
773 1282 826 1322 ab
856 1281 935 1322 levi
966 1289 1179 1322 armatura
1205 1290 1361 1337 captos,
1383 1283 1518 1338 prima
1539 1281 1656 1336 signa
1677 1280 1731 1321 lc-

313 1339 486 1394 gionum
527 1346 820 1394 pervenerunt,
856 1337 1057 1394 respirare
1098 1347 1138 1380 et
1179 1338 1466 1394 conquiescere
1505 1338 1732 1393 paullisper

316 1394 487 1436 militem
505 1395 654 1450 jubet3
688 1394 810 1435 simul
838 1403 968 1436 strata
988 1410 1061 1451 per
1092 1395 1276 1436 tumulos
1306 1410 1480 1451 corpora
1511 1394 1729 1435 Gallorum

315 1459 519 1492 ostentat:
554 1452 627 1501 Et,
645 1466 760 1505 quum
782 1453 879 1492 levis
899 1459 1109 1492 armatura
1123 1454 1206 1492 tale
1220 1454 1408 1505 proelium
1430 1454 1618 1499 ediderit,
1637 1453 1736 1505 quid

316 1509 368 1548 ab
388 1509 623 1562 legionibus,
644 1510 744 1562 quid
763 1509 814 1548 ab
821 1508 948 1563 justis
968 1511 1107 1559 armis,
1125 1511 1224 1563 qnid
1243 1510 1292 1548 ab
1315 1510 1735 1563 animis,fortissimo-

315 1580 404 1606 rum
433 1566 601 1606 militum
632 1567 888 1618 exspectari?
933 1568 1079 1608 Castra
1112 1569 1197 1607 illis
1225 1568 1424 1620 capienda
1453 1581 1545 1615 esse,
1574 1568 1617 1606 in
1647 1580 1736 1619 quae

317 1624 538 1675 compulsus
558 1623 610 1662 ab
630 1624 710 1664 levi
727 1630 938 1663 armatura
952 1624 1075 1665 hostis
1088 1626 1272 1677 trepidet.
1335 1624 1574 1665 Praecedere
1597 1633 1732 1664 tamen

311 1679 436 1736 jubet
458 1679 590 1720 levem
610 1688 880 1721 armaturam:
914 1697 1024 1736 quae,
1047 1696 1178 1736 quum
1201 1690 1327 1722 staret
1355 1696 1517 1736 agmen,
1540 1680 1735 1735 colligen-

319 1736 384 1777 dis
407 1751 481 1791 per
511 1736 696 1777 tumulos
725 1736 833 1788 telis,
854 1736 940 1778 ⁸³ut
972 1737 1139 1778 missilia
1171 1738 1433 1787 subficercnt,
1465 1737 1579 1778 haud
1611 1752 1734 1791 segne

319 1793 365 1834 id
394 1794 533 1848 ipsum
565 1801 729 1849 tempus
763 1803 1055 1835 consumserat.
1116 1796 1213 1835 Jam
1249 1796 1393 1835 castris
1428 1794 1735 1849 adpropinqua-

320 1850 446 1890 bant:
480 1858 521 1895 et
551 1849 678 1900 Galli,
710 1865 760 1890 ne
792 1866 940 1906 parum
974 1866 1015 1891 se
1045 1851 1303 1892 munimenta
1333 1867 1407 1892 sua
1439 1859 1640 1905 tegerent,
1673 1861 1735 1890 ar*-

321 1905 422 1947 mati
443 1921 519 1962 pro
539 1906 649 1947 vallo
669 1908 950 1948 constiterant.
982 1908 1122 1949 obruti
1150 1908 1299 1949 deinde
1329 1908 1440 1948 omni
1465 1923 1614 1963 genere
1635 1906 1735 1948 telo-

322 1977 431 2012 rum,
463 1978 611 2018 quum,
643 1978 728 2018 quo
756 1963 897 2019 plures
928 1979 974 2005 ac
1001 1964 1209 2005 densiores
1239 1974 1370 2015 erant,
1402 1980 1449 2005 eo
1474 1965 1611 2005 minus
1640 1964 1734 2004 vani

322 2019 555 2075 quidquam
586 2019 849 2061 intercideret
879 2020 965 2071 teli,
987 2022 1097 2062 intra
1116 2022 1270 2062 vallum
1300 2030 1508 2063 momento
1540 2019 1736 2076 temporis

321 2076 644 2132 compelluntur,
667 2076 915 2118 stationibus
937 2085 1097 2119 tantum
1129 2079 1258 2119 firmis
1279 2079 1332 2119 ad
1352 2079 1462 2135 ipsos
1483 2078 1622 2119 aditus
1645 2093 1737 2133 por-

323 2140 461 2173 tarum
482 2132 645 2173 relictis.
709 2134 760 2173 In
791 2134 1118 2184 multitudinem,
1147 2135 1403 2191 compulsam
1433 2137 1474 2176 in
1506 2143 1653 2183 eastra,
1676 2134 1736 2173 vis

323 2188 468 2244 ingens
497 2188 714 2229 missilium
744 2190 922 2231 telorum
953 2192 1276 2248 conjiciebatur3
1310 2201 1365 2242 et,
1391 2192 1598 2233 vulnerari
1630 2190 1737 2230 mul-

324 2253 402 2295 tos,
431 2245 599 2294 clamor,
636 2247 870 2301 permixtus
901 2248 1122 2289 mulierum
1153 2257 1280 2304 atquc
1315 2264 1538 2305 puerorum
1570 2246 1737 2303 plorati-

323 2301 418 2351 bus,
441 2301 710 2357 significabat.
774 2304 823 2343 In
855 2320 937 2353 eos,
961 2305 1032 2360 qui
1064 2314 1205 2368 portas
1236 2306 1482 2347 stationibus
1512 2305 1596 2346 suis
1626 2304 1736 2344 elau-

324 2366 474 2407 serant,
507 2357 715 2412 legionum
748 2361 1004 2416 antesignani
1035 2362 1119 2418 pila
1149 2363 1424 2417 conjecerunt.
1455 2362 1496 2402 hi
1531 2377 1627 2402 vero
1655 2375 1735 2400 non

324 2414 667 2463 vulnerabantur,
690 2415 775 2465 sed,
808 2419 1147 2459 transverberatis
1178 2420 1320 2467 scutis,
1343 2419 1529 2474 plerique
1560 2418 1666 2458 inter
1697 2432 1737 2457 se

325 2471 499 2512 conserti
521 2471 756 2514 haerebant:
791 2488 864 2514 nec
894 2474 1053 2516 diutius
1083 2475 1270 2530 inpetum
1303 2476 1585 2516 Romanorum
1615 2475 1737 2515 susti-

326 2536 518 2568 nucrunt.

817 2633 830 2648 ¹¹
846 2631 1031 2660 ascendissent
1049 2633 1145 2663 (ison.
1161 2632 1250 2662 Crev.

377 2743 444 2789 82⁸*
459 2742 496 2772 Ue
526 2745 590 2784 ubi]
630 2746 734 2781 Quum
765 2745 794 2775 iu
826 2744 872 2779 iis,
904 2755 1010 2787 nempe
1056 2747 1106 2788 pia
1121 2747 1177 2777 sibi
1201 2757 1280 2779 esset
1303 2748 1461 2779 missilium
1485 2748 1516 2779 iu
1539 2759 1651 2779 novum
1673 2757 1736 2781 ect-

334 2790 451 2814 rastris.
1046 2796 1168 2821 nuncu.

376 2828 497 2857 ⁸3*l't
529 2830 643 2860 1:11'501'lia
676 2830 852 2870 ›vqfficcrcnrl
894 2831 931 2861 lit
963 2842 1007 2862 ro>
