1947 3222
454 381 516 434 T.
558 380 777 433 LIVII
837 378 1250 432 PATAVINI

290 526 1413 593 HISTORIARUM

506 670 593 710 AB
645 670 829 710 URBE
882 668 1199 710 CONDITA

711 790 990 839 LIBRI.

717 911 980 935 ῳ*

546 1014 799 1054 EPITOME
830 1014 981 1053 LIBRI
1012 1014 1167 1074 XXXL

144 1094 365 1147 BELLI
385 1105 574 1146 adversus
592 1104 834 1157 Philippum
856 1102 1117 1144 Macedoniae
1135 1115 1280 1156 regem,
1301 1102 1409 1155 quod
1433 1102 1559 1142 inter-

142 1164 298 1203 missum
329 1169 432 1212 erat,
454 1163 622 1215 repetiti
648 1160 661 1184 ²
674 1174 824 1202 caussae
852 1160 1087 1216 referuntur
1115 1159 1191 1199 hae.
1259 1159 1453 1213 Tempore
1472 1160 1560 1200 Ini-

140 1219 290 1260 tiorum
311 1221 388 1260 duo
393 1219 566 1274 juvenes
586 1219 837 1266 Acarnanes,
857 1219 928 1272 qui
946 1231 1028 1258 non
1050 1218 1212 1258 initiati
1232 1224 1362 1267 erant,
1381 1217 1561 1258 Athenas

142 1284 346 1326 venerunt,
371 1285 409 1318 et
436 1279 481 1318 in
507 1278 730 1318 sacrarium
755 1277 915 1317 Cereris
934 1274 1041 1316 ²cum
1062 1275 1160 1315 aliis
1180 1274 1452 1327 popularibus
1480 1275 1562 1315 suis

142 1334 410 1376 intraverunt.
442 1335 490 1375 ob
509 1335 594 1383 hoc,
617 1341 819 1388 tamquam
850 1333 966 1388 nefas
988 1346 1174 1374 summum
1194 1333 1489 1381 commisissent,
1511 1331 1562 1372 ab

143 1391 455 1433 Atheniensibus
470 1393 564 1433 caesi
577 1398 681 1433 sunt.
722 1391 975 1440 Acarnanes,
989 1390 1178 1431 mortibus
1192 1403 1348 1430 suorum
1364 1391 1562 1439 commoti,

141 1450 199 1489 ad
227 1450 492 1491 vindicandos
521 1451 613 1491 illos
637 1450 835 1490 auxilium
857 1462 883 1488 a
904 1449 1104 1501 Philippo
1125 1448 1350 1500 petierunt.
1409 1448 1565 1488 Paucis

142 1507 337 1548 mensibus
350 1515 445 1560 post
458 1522 601 1560 pacem
618 1505 1036 1560 Karthaginiensibus
1055 1506 1208 1553 datam,
1224 1502 1243 1527 ³
1250 1505 1566 1558 quingentesimo

141 1565 472 1618 quinquagesimo
494 1578 603 1603 anno
622 1563 674 1603 ab
695 1563 790 1603 urbe
810 1563 989 1611 condita,
1012 1575 1129 1615 quum
1152 1562 1470 1609 Atheniensium,
1493 1563 1565 1615 qui

141 1620 428 1661 obsidebantur
448 1636 474 1661 a
495 1621 710 1673 Philippo,
727 1620 856 1673 legati
875 1620 1073 1658 auxilium
1094 1633 1120 1658 a
1141 1624 1283 1659 senatu
1296 1619 1507 1670 petissent,
1525 1625 1565 1660 et

142 1684 304 1718 senatus
324 1679 370 1718 id
387 1679 599 1718 censuisset
610 1678 847 1731 jeremiam,
862 1675 996 1729 plebe,
1018 1676 1126 1729 quod
1143 1681 1204 1721 tot
1223 1675 1414 1715 bellorum
1435 1677 1562 1716 conti-

142 1748 244 1775 nuus
263 1735 378 1776 labor
391 1736 533 1789 gravis
556 1741 658 1784 erat,
681 1734 954 1782 dissentiente,
976 1733 1107 1773 tenuit
1126 1734 1351 1774 auctoritas
1371 1734 1560 1781 Patrum,

140 1798 186 1832 ut
205 1792 322 1832 socia?
341 1793 505 1833 civitati
516 1793 638 1846 ferri
665 1806 777 1845 opem
799 1791 977 1844 populus
996 1804 1151 1845 quoque
1165 1789 1342 1843 juberet.
1401 1791 1561 1831 Bellum

141 1849 188 1890 id
206 1850 260 1890 P.
277 1849 458 1903 Sulpicio
482 1850 637 1891 consuli
660 1850 893 1889 mandatum
919 1854 996 1889 est:
1028 1848 1110 1902 qui,
1133 1848 1312 1888 exercitu
1332 1846 1398 1888 4ἐπ
1419 1849 1561 1889 Mace-

139 1907 304 1948 doniam
324 1908 454 1956 ducto,
478 1907 718 1961 equestribus
743 1907 906 1960 proeliis
925 1919 1010 1946 cum
1031 1905 1233 1958 Philippo
1247 1919 1442 1960 prospere
1454 1920 1560 1960 pug-

141 1965 269 2006 navit.
332 1964 524 2020 Abydeni
548 1980 574 2005 a
596 1965 798 2018 Philippo
818 1963 975 2013 obsessi,
999 1963 1056 2003 ad
1074 1963 1292 2016 exemplum
1313 1962 1559 2017 Saguntino-

140 2035 242 2072 rum,
263 2036 351 2063 suos
379 2036 496 2077 seque
524 2023 768 2063 occiderunt.
827 2021 883 2062 L.
904 2021 1057 2062 Furius
1079 2026 1237 2074 praetor
1266 2018 1414 2061 Gallos
1437 2020 1557 2062 Insu-

140 2078 228 2119 bres
256 2079 494 2121 rebellantes
523 2086 562 2121 et
591 2080 874 2120 Hamilcarem
905 2079 1084 2127 Poenum,
1116 2077 1257 2118 bellum
1286 2078 1332 2118 in
1361 2091 1409 2118 ea
1431 2084 1559 2132 parte

139 2137 377 2186 molientem,
399 2138 488 2178 acie
507 2138 618 2179 vicit.
676 2137 901 2178 Hamilcar
920 2150 964 2176 eo
985 2135 1087 2176 bello
1106 2135 1252 2176 occisus
1271 2140 1342 2183 est,
1365 2141 1403 2175 et
1424 2136 1556 2176 millia

139 2193 340 2234 hominum
369 2195 546 2250 triginta
573 2209 653 2236 sex.
694 2231 702 2237 ,
717 2195 927 2235 Praeterea
948 2193 1219 2247 expeditiones
1238 2191 1431 2248 Philippi
1449 2195 1558 2247 regis

139 2257 179 2292 et
198 2251 375 2305 Sulpicii
395 2253 581 2303 consulis,
603 2253 999 2307 expugnationesque
1023 2250 1180 2291 urbium
1201 2249 1252 2290 ab
1272 2255 1440 2304 utroque
1458 2249 1556 2301 fac-

140 2314 220 2359 tas,
249 2310 438 2351 continet.
498 2310 702 2364 Sulpicius
729 2310 878 2358 consul,
906 2307 1193 2362 adjuvantibus
1219 2320 1319 2360 rege
1345 2309 1488 2348 Attalo
1519 2315 1557 2348 et

142 2365 330 2417 Rhodiis,
362 2367 504 2409 bellum
530 2367 708 2423 gerebat.
776 2365 1060 2420 Triumphavit
1091 2366 1140 2406 de
1168 2364 1306 2405 Gallis
1336 2364 1383 2404 I..
1406 2365 1558 2407 Furius

133 2429 305 2477 praetor.

191 2534 206 2563 l
234 2533 335 2564 Causae
355 2533 546 2575 referuntur]
593 2535 644 2566 Sic
667 2539 754 2565 vetus
779 2534 825 2564 Si·
914 2534 934 2564 3
964 2532 1201 2574 Quingentcsimo
1225 2532 1444 2572 quadragesimo
1465 2529 1556 2568 quaa]

144 2575 228 2615 gonii
243 2576 330 2611 liber,
346 2583 377 2607 et
393 2577 591 2620 Campanus:
608 2577 719 2608 melius
734 2587 827 2618 quam
872 2576 1077 2607 Manifestum
1107 2573 1264 2604 mendum.
1311 2573 1444 2613 Corrigit
1471 2571 1556 2612 Sigo-

145 2618 443 2661 vulgati,jer1mtur.
873 2618 941 2649 nius
955 2618 1180 2660 quingentesimo
1201 2618 1445 2657 quinquageffltm.
1489 2614 1557 2645 An-

187 2661 207 2690 2
231 2663 310 2693 Cum
337 2663 404 2693 aliis
425 2664 559 2703 pluribus
580 2663 653 2704 suis]
693 2662 725 2693 Si
751 2662 827 2693 reci·
872 2672 929 2692 nus
944 2661 996 2694 ille
1011 2659 1164 2692 numerari
1176 2659 1269 2690 debet
1281 2670 1318 2690 ex
1335 2658 1455 2704 calculo
1469 2656 1557 2687 Dod-

145 2701 265 2739 damus,
280 2705 364 2746 quod
387 2711 491 2736 monet
514 2705 693 2737 Perizonius
715 2705 826 2736 Anim-
872 2705 954 2736 welli
972 2705 1102 2736 Liviano
1126 2702 1390 2744 quingentesimus
1404 2710 1558 2741 qumqua-

146 2744 219 2776 adv‚
241 2746 322 2778 Hist.
346 2759 373 2779 c.
393 2750 423 2780 9.
446 2759 553 2779 vocem
575 2751 644 2784 suis,
669 2748 757 2779 nulla
778 2748 827 2780 hic
872 2748 1006 2788 gesimus
1025 2746 1179 2779 secundus
1196 2746 1235 2776 ab
1252 2757 1283 2776 u.
1299 2754 1325 2774 e.

145 2787 204 2818 erit
226 2788 399 2822 difficultas.
446 2792 521 2823 Cum
543 2793 610 2823 aliis
629 2792 775 2832 pluribus,
797 2791 826 2822 id
916 2793 935 2821 4
960 2791 999 2821 In
1025 2788 1244 2828 Macedoniam]
1282 2787 1332 2817 Sic
1355 2790 1472 2816 veteres
1494 2795 1558 2815 orn·

143 2835 191 2861 est
220 2841 288 2862 cum
316 2834 405 2864 turba
438 2845 543 2865 eorum
572 2845 648 2876 quos
679 2834 829 2866 videbant
873 2844 928 2864 nes
955 2833 1041 2865 edjti.
1088 2831 1298 2863 Gronovianae
1327 2828 1476 2859 editiones
1503 2830 1559 2859 ‘na-

139 2873 296 2904 confluere
311 2875 348 2905 ad
366 2878 526 2918 templum.
873 2876 947 2906 bem
962 2879 1002 2907 ad
1017 2876 1226 2906 Illacedoniam
1242 2885 1250 2902 :
1272 2871 1374 2902 minus
1389 2878 1479 2903 recte.

200 2931 292 2957 vol„
318 2931 384 2958 111.
956 2934 981 2960 Β
