1947 3222
578 364 653 427 T.
707 359 984 427 LIVII
1060 357 1579 424 PATAVINI

802 516 1068 565 LIBER
1124 517 1356 566 xxxn.

163 793 344 826 U.C.553.
379 769 707 822 CONSULES
735 787 1032 835 praetoresque,
1054 794 1186 834 quum
1214 778 1364 819 Idibus
1387 779 1553 821 Martiis
1573 780 1788 837 magistrae

163 836 206 867 Λ·
220 836 257 867 C.
273 837 344 882 199,-
377 846 468 878 tum
497 837 701 886 inissent²¹,
722 834 954 892 provincias
984 836 1119 878 sortiti
1146 843 1254 877 sunt.
1316 835 1367 874 L.
1391 835 1583 876 Cornelio
1604 836 1788 878 Lentulo

162 878 518 952 ssjffgffiffw'ltalia,
556 894 604 933 P.
628 892 751 933 Villio
788 891 1064 939 Macedonia;
1110 891 1378 948 praetoribus‚
1419 891 1466 930 L.
1490 892 1686 940 Quinctio
1720 908 1788 934 ur-

163 963 251 994 Coss.
376 950 498 999 bana,
537 951 613 990 Cn.
640 949 787 990 Baebio
823 948 1078 999 Ariminum,
1116 949 1169 989 L.
1193 948 1357 989 Valerio
1394 947 1546 998 Sicilia,
1584 948 1635 988 L.
1663 948 1787 990 Villio

162 1005 342 1037 Provineiae.
379 1006 569 1047 Sardinia
602 1005 750 1046 evenit.
813 1004 1021 1045 Lentulus
1055 1005 1197 1046 consul
1232 1019 1359 1045 novas
1394 1004 1575 1059 legiones
1611 1004 1787 1046 scribere

368 1063 535 1118 jussus:
569 1062 720 1103 Villius
748 1076 775 1101 a
795 1062 843 1102 P.
868 1060 1052 1117 Sulpicio
1073 1061 1300 1102 exercitum
1331 1061 1526 1116 accipere.
1557 1061 1600 1101 in
1622 1061 1788 1124 supple-

374 1127 560 1160 mentum
582 1118 686 1174 ejus,
708 1125 914 1173 quantum
944 1117 1125 1158 militum
1146 1117 1372 1168 videretur,
1398 1125 1443 1158 ut
1474 1117 1684 1167 scriberet,
1705 1117 1788 1180 lpsi

374 1176 633 1230 permissum.
715 1174 890 1215 Praetori
933 1174 1078 1215 Baebio
1123 1173 1318 1229 legioneS‚
1360 1189 1464 1229 quas
1505 1175 1553 1215 C.
1585 1173 1788 1215 Aurehus

373 1232 517 1272 consul
545 1231 773 1281 habuisset,
794 1232 854 1272 ita
874 1230 1066 1280 decretae,
1089 1239 1136 1272 ut
1165 1229 1361 1271 retineret
1381 1241 1463 1280 eas,
1485 1231 1615 1271 donec
1644 1230 1788 1272 consul

374 1303 482 1329 novo
516 1303 611 1329 cum
646 1288 831 1329 exercitu
865 1287 1112 1329 succederet.
1142 1287 1186 1327 in
1214 1286 1395 1328 Galliam
1425 1286 1497 1327 ubi
1530 1287 1566 1328 is
1595 1286 1788 1337 venisset,

374 1359 515 1385 omnes
561 1344 711 1385 milites
757 1345 1030 1385 exauctorati·
1054 1343 1225 1384 domum
1271 1343 1595 1393 dimitterentur,
1635 1351 1789 1399 praeter

373 1400 561 1456 quinque
581 1400 710 1441 millia
731 1401 900 1441 socifim.
931 1399 996 1440 his
1025 1400 1204 1441 obtineri
1224 1399 1332 1440 circa
1351 1399 1592 1440 Ariminum
1621 1398 1787 1455 provin-

375 1458 480 1497 ciam
501 1458 600 1498 satis
620 1472 717 1497 esse.
768 1456 1022 1511 1Prorogat0
1042 1456 1215 1519 imperio
1235 1456 1486 1512 praetoribus
1506 1456 1654 1512 prioris
1673 1456 1785 1505 anni,

377 1513 476 1564 (Cn.
501 1513 659 1569 Sergio,
681 1521 730 1554 ut
759 1512 977 1562 militibus,
999 1513 1072 1568 qui
1102 1527 1145 1553 1n
1176 1512 1397 1568 Hispania,
1421 1512 1572 1562 Sicilia,
1597 1512 1787 1554 Sardinia

375 1569 581 1625 stipendia
614 1584 689 1625 per
722 1569 877 1610 multos
906 1583 1034 1610 annos
1065 1569 1270 1618 fecissent,
1301 1583 1450 1624 agrum
1481 1568 1787 1625 adsignandum

373 1635 562 1673 curaret;
597 1627 645 1675 Q.
670 1625 875 1673 Minucio,
897 1634 946 1666 ut
975 1625 1019 1665 in
1044 1625 1223 1666 Bruttiis
1249 1625 1361 1666 idem
1381 1624 1462 1666 ²de
1493 1624 1787 1682 conjurationi-

372 1682 452 1723 bus
472 1681 735 1737 quaestiones,
758 1695 862 1737 quas
892 1689 1049 1736 praetor
1075 1697 1170 1722 cum
1201 1681 1282 1721 fide
1312 1697 1495 1737 curaque
1520 1681 1784 1731 exercuisset,

372 1738 611 1794 perficeret;
654 1737 725 1779 ³et
760 1753 843 1786 eos,
876 1752 982 1792 quos
1022 1737 1223 1792 sacrilegii
1262 1746 1494 1793 compertos
1532 1737 1574 1778 in
1609 1737 1785 1779 vinculis

373 1795 552 1835 Romam
582 1793 771 1843 misisset,
804 1794 961 1834 Locros
990 1794 1172 1835 mitteret
1203 1794 1257 1834 ad
1292 1794 1568 1850 supplicium;
1602 1809 1783 1850 quaeque

372 1851 537 1892 sublata
566 1867 615 1892 ex
647 1851 822 1891 delubro
849 1850 1107 1906 Proserpinae
1137 1859 1286 1899 essent,
1310 1866 1351 1890 re
1384 1850 1544 1891 onenda
1573 1866 1666 1892 cum
1697 1851 1784 1906 pia-

371 1907 474 1948 culis
503 1907 705 1960 curaretb)
728 1907 842 1947 feriae
874 1907 1038 1947 Latinae
1069 1906 1313 1962 pontificum
1345 1866 1509 1948 ‹i'ecreto
1541 1907 1784 1948 instauratae

371 1972 493 2010 sunt;
526 1963 641 2019 quod
671 1963 796 2019 legati
826 1964 879 2004 ab
900 1963 1044 2004 Ardea
1064 1964 1201 2019 questi
1231 1964 1273 2004 in
1295 1972 1438 2004 senatu
1461 1972 1592 2013 erant,
1615 1963 1721 2005 *sibi
1740 1964 1784 2004 in

412 2066 426 2083 ²
451 2064 577 2093 iniissent
593 2062 683 2094 Crev.
729 2062 745 2085 b
760 2062 834 2104 (Cn.
853 2062 952 2104 Sergio
969 2085 976 2093 .
994 2085 1001 2093 .
1018 2084 1026 2093 .
1040 2064 1175 2103 curaret)
1199 2063 1311 2093 absunt
1333 2062 1419 2103 signa
1446 2062 1662 2105 parentheseos
1684 2062 1783 2094 Gron-

370 2107 460 2136 Crev-

1094 2202 1246 2222 servorum
1274 2202 1356 2222 more
1381 2191 1536 2233 juberent.
1581 2191 1663 2222 Hinc
1687 2190 1780 2221 Brut-

413 2192 428 2222 1
454 2193 614 2233 Prorogato
650 2192 783 2233 imperio]
819 2191 879 2222 Vel
915 2191 1052 2232 pendent

528 2234 545 2239 ''
1096 2236 1170 2264 ciani
1198 2234 1350 2265 interdum
1381 2234 1526 2265 dicuntur
1559 2234 1680 2265 lictores
1713 2243 1779 2265 ma-

368 2233 434 2265 haec
459 2235 498 2265 ab
527 2245 564 2264 ns
590 2244 658 2275 quae
686 2235 873 2276 praecedunt,
904 2240 1052 2276 tanquam

369 2276 462 2307 series
486 2276 629 2317 quaedam
652 2276 841 2308 decretorum
865 2283 990 2308 senatus
1012 2277 1051 2308 de

368 2319 549 2361 provinciis:
574 2320 622 2350 vel
644 2320 808 2361 legendum
832 2325 878 2350 est
902 2319 963 2350 levi
985 2330 1051 2351 mu-

369 2362 494 2397 tatione,
512 2363 679 2404 Prorogata
697 2365 827 2401 imperia.

411 2406 431 2435 2
455 2405 501 2435 De
528 2406 789 2446 conjurationibus]
819 2406 857 2436 In
886 2404 1050 2446 rempubli—

369 2457 449 2479 cam.
494 2448 606 2478 Bruttii
633 2447 721 2489 primi
748 2448 807 2479 fere
836 2446 927 2478 totius
952 2446 1051 2477 Italiae

369 2490 563 2521 desciverant
590 2490 629 2521 ad
656 2490 857 2528 Annibalem,
884 2489 982 2520 ultimi
1013 2489 1052 2520 ad

370 2533 529 2564 Romanos
565 2532 738 2571 reslierant3
781 2543 836 2563 nec
877 2531 1053 2563 defecerant

369 2576 408 2606 ab
423 2574 591 2610 Annibale,
608 2575 661 2606 sed
678 2576 788 2606 deserti
803 2575 933 2605 fuerant.
967 2574 1050 2605 Hinc

367 2618 412 2649 ira
440 2618 650 2648 Romanorum
676 2618 707 2648 in
730 2628 796 2649 eos:
823 2616 892 2647 hinc
918 2617 1050 2658 ipsorum

368 2661 443 2692 dure
465 2670 484 2691 a
499 2660 648 2691 Romanis
670 2659 845 2691 habitorum
867 2659 1049 2700 conjuratio-

368 2713 432 2734 nes.
474 2703 574 2734 Testis
597 2709 644 2734 est
666 2703 706 2734 A.
723 2703 854 2736 Gellius,
875 2702 895 2732 l.
912 2703 953 2732 X.
975 2712 1003 2732 c.
1019 2703 1050 2733 3.

370 2746 528 2777 Romanos
549 2745 593 2776 ita.
614 2755 718 2777 severe
739 2755 809 2776 cum
833 2745 868 2776 iis
891 2745 999 2784 egisse.
1016 2751 1050 2774 ut

367 2799 420 2819 eos
445 2788 618 2829 ignominiae
640 2799 734 2820 causa
757 2787 869 2818 milites
891 2797 950 2817 non
976 2787 1048 2817 scri-

368 2831 485 2866 berent,
499 2830 555 2862 sed
577 2830 806 2873 magistratibus
826 2830 857 2860 in
880 2829 1051 2872 provincias

368 2873 511 2904 euntibus
556 2883 699 2915 apparere
743 2879 773 2904 et
816 2873 1050 2915 praeministrare

1094 2277 1288 2319 gistratuum.

1138 2321 1157 2350 3
1183 2320 1221 2350 Et
1254 2331 1298 2350 eos
1328 2330 1396 2359 quos
1431 2319 1576 2360 sacrilegii
1610 2318 1779 2359 compertos]

1097 2361 1170 2393 vid.
1184 2372 1276 2404 supra
1289 2362 1310 2393 l.
1328 2362 1452 2392 XXXI.
1467 2372 1557 2403 capp.
1577 2362 1626 2391 12.
1641 2368 1672 2392 et
1690 2363 1738 2392 13.

1137 2406 1156 2434 4
1180 2405 1239 2435 Sibi
1268 2406 1298 2434 in
1323 2411 1416 2434 monte
1438 2405 1548 2434 Albano
1570 2404 1686 2434 Latinis
1712 2414 1778 2434 car-

1096 2447 1174 2487 nem]
1220 2446 1285 2478 Sibi
1323 2447 1428 2478 datam
1464 2457 1524 2477 non
1557 2456 1622 2477 esse
1659 2446 1779 2477 Latinis

1096 2489 1191 2520 Feriis
1211 2489 1243 2520 in
1266 2494 1368 2520 monte
1384 2489 1509 2520 Albano
1532 2487 1570 2518 de
1593 2499 1674 2519 more
1697 2488 1777 2519 cele-

1095 2532 1190 2563 bratis
1212 2542 1299 2563 suam
1313 2542 1351 2562 ex
1374 2538 1462 2562 tauro
1485 2531 1641 2562 immolato
1665 2530 1777 2572 portio-

1093 2584 1175 2605 nem.
1227 2574 1466 2605 *Constitutum
1501 2573 1583 2604 enim
1619 2581 1694 2609 erat,
1730 2579 1777 2610 ut,

1092 2627 1187 2658 quum
1222 2623 1339 2658 septem
1373 2623 1404 2647 et
1432 2616 1637 2657 quadraginta
1672 2617 1778 2659 populi

1093 2659 1183 2700 hujus
1205 2659 1282 2690 sacri
1303 2659 1466 2701 participes
1487 2664 1597 2695 essent,
1617 2669 1654 2690 ex
1678 2666 1775 2694 tauro,

1092 2712 1246 2733 communi
1267 2712 1403 2732 omnium
1426 2708 1561 2737 victima,
1582 2712 1668 2733 suam
1692 2702 1775 2744 quis-

1091 2754 1151 2785 que
1172 2745 1314 2787 populuS‚
1334 2754 1463 2785 eamque
1484 2750 1599 2775 certam
1621 2751 1653 2776 et
1674 2743 1773 2787 desig-

1093 2794 1200 2859 natan?l
1219 2786 1388 2828 portionem
1413 2786 1575 2829 acciperet.
1619 2786 1694 2819 vid.
1711 2792 1773 2817 not.

1093 2831 1143 2861 6‘2.
1161 2839 1177 2860 a
1214 2830 1255 2860 V.
1273 2830 1321 2860 17.
