<?xml version="1.0" encoding="UTF-8"?>
<!DOCTYPE html PUBLIC "-//W3C//DTD XHTML 1.0 Transitional//EN"
    "http://www.w3.org/TR/xhtml1/DTD/xhtml1-transitional.dtd">
<html xmlns="http://www.w3.org/1999/xhtml" xml:lang="en" lang="en">
 <head>
  <title>
</title>
<meta http-equiv="Content-Type" content="text/html;charset=utf-8" />
  <meta name='ocr-system' content='tesseract 3.04.00' />
  <meta name='ocr-capabilities' content='ocr_page ocr_carea ocr_par ocr_line ocrx_word'/>
</head>
<body>
  <div class='ocr_page' id='page_1' title='image "./historiarumaburb03livyuoft_0381.png"; bbox 0 0 1947 3222; ppageno 0'>
   <div class='ocr_carea' id='block_1_1' title="bbox 105 117 1754 2180">
    <p class='ocr_par' dir='ltr' id='par_1_1' title="bbox 105 117 1754 2180">
     <span class='ocr_line' id='line_1_1' title="bbox 430 117 1561 166; baseline 0.002 -8"><span class='ocrx_word' id='word_1_1' title='bbox 430 121 463 158; x_wconf 92' lang='lat' dir='ltr'>L</span> <span class='ocrx_word' id='word_1_2' title='bbox 481 120 496 158; x_wconf 96' lang='lat' dir='ltr'>I</span> <span class='ocrx_word' id='word_1_3' title='bbox 513 121 555 158; x_wconf 89' lang='lat' dir='ltr'>B.</span> <span class='ocrx_word' id='word_1_4' title='bbox 584 117 824 158; x_wconf 81' lang='lat' dir='ltr'>XXXVIII.</span> <span class='ocrx_word' id='word_1_5' title='bbox 871 118 951 156; x_wconf 83' lang='lat' dir='ltr'>CA</span> <span class='ocrx_word' id='word_1_6' title='bbox 967 120 1007 158; x_wconf 88' lang='lat' dir='ltr'>P.</span> <span class='ocrx_word' id='word_1_7' title='bbox 1038 118 1277 158; x_wconf 83' lang='lat' dir='ltr'>XXXVIII.</span> <span class='ocrx_word' id='word_1_8' title='bbox 1489 127 1561 166; x_wconf 82' lang='lat'>371</span> 
     </span>
     <span class='ocr_line' id='line_1_2' title="bbox 140 225 1754 284; baseline 0.001 -12"><span class='ocrx_word' id='word_1_9' title='bbox 140 230 227 272; x_wconf 87' lang='lat' dir='ltr'>citu</span> <span class='ocrx_word' id='word_1_10' title='bbox 262 239 499 273; x_wconf 85' lang='lat' dir='ltr'>venturum.</span> <span class='ocrx_word' id='word_1_11' title='bbox 560 227 773 284; x_wconf 87' lang='lat' dir='ltr'>Principio</span> <span class='ocrx_word' id='word_1_12' title='bbox 805 225 955 267; x_wconf 88' lang='lat' dir='ltr'>deinde</span> <span class='ocrx_word' id='word_1_13' title='bbox 990 227 1112 277; x_wconf 80' lang='lat' dir='ltr'>veris,</span> <span class='ocrx_word' id='word_1_14' title='bbox 1147 227 1328 271; x_wconf 84' lang='lat' dir='ltr'>lustrato</span> <span class='ocrx_word' id='word_1_15' title='bbox 1358 231 1754 282; x_wconf 78' lang='lat' dir='ltr'>exercitu,U.C.564.</span> 
     </span>
     <span class='ocr_line' id='line_1_3' title="bbox 171 282 1754 340; baseline 0.001 -12"><span class='ocrx_word' id='word_1_16' title='bbox 171 287 368 337; x_wconf 78' lang='lat' dir='ltr'>refectus,</span> <span class='ocrx_word' id='word_1_17' title='bbox 396 287 462 328; x_wconf 91' lang='lat' dir='ltr'>die</span> <span class='ocrx_word' id='word_1_18' title='bbox 491 294 638 327; x_wconf 84' lang='lat' dir='ltr'>octavo</span> <span class='ocrx_word' id='word_1_19' title='bbox 668 285 902 340; x_wconf 82' lang='lat' dir='ltr'><strong>Apameam</strong></span> <span class='ocrx_word' id='word_1_20' title='bbox 932 282 1058 324; x_wconf 86' lang='lat' dir='ltr'>venit.</span> <span class='ocrx_word' id='word_1_21' title='bbox 1090 283 1148 325; x_wconf 84' lang='lat' dir='ltr'>ibi</span> <span class='ocrx_word' id='word_1_22' title='bbox 1179 285 1368 328; x_wconf 86' lang='lat' dir='ltr'>triduum</span> <span class='ocrx_word' id='word_1_23' title='bbox 1399 283 1754 331; x_wconf 69' lang='lat' dir='ltr'>stativisA·C·138·</span> 
     </span>
     <span class='ocr_line' id='line_1_4' title="bbox 138 301 1558 401; baseline 0.002 -17"><span class='ocrx_word' id='word_1_24' title='bbox 138 301 307 395; x_wconf 73' lang='lat' dir='ltr'>liabitis,</span> <span class='ocrx_word' id='word_1_25' title='bbox 344 344 477 387; x_wconf 86' lang='lat' dir='ltr'>tertiis</span> <span class='ocrx_word' id='word_1_26' title='bbox 508 357 653 383; x_wconf 86' lang='lat' dir='ltr'>rursus</span> <span class='ocrx_word' id='word_1_27' title='bbox 686 341 739 382; x_wconf 88' lang='lat' dir='ltr'>ab</span> <span class='ocrx_word' id='word_1_28' title='bbox 775 342 966 397; x_wconf 82' lang='lat' dir='ltr'>Apamea</span> <span class='ocrx_word' id='word_1_29' title='bbox 1000 341 1146 382; x_wconf 79' lang='lat' dir='ltr'>eastris</span> <span class='ocrx_word' id='word_1_30' title='bbox 1177 341 1220 382; x_wconf 89' lang='lat' dir='ltr'>in</span> <span class='ocrx_word' id='word_1_31' title='bbox 1250 343 1558 401; x_wconf 83' lang='lat' dir='ltr'>Pamphyliam,</span> 
     </span>
     <span class='ocr_line' id='line_1_5' title="bbox 119 397 1558 457; baseline 0.001 -14"><span class='ocrx_word' id='word_1_32' title='bbox 119 416 224 456; x_wconf 63' lang='lat' dir='ltr'>⁴quo</span> <span class='ocrx_word' id='word_1_33' title='bbox 263 401 479 457; x_wconf 87' lang='lat' dir='ltr'>pecuniam</span> <span class='ocrx_word' id='word_1_34' title='bbox 523 399 870 454; x_wconf 84' lang='lat' dir='ltr'>frumentumque</span> <span class='ocrx_word' id='word_1_35' title='bbox 910 397 1045 454; x_wconf 84' lang='lat' dir='ltr'>regios</span> <span class='ocrx_word' id='word_1_36' title='bbox 1088 398 1317 439; x_wconf 88' lang='lat' dir='ltr'>convehere</span> <span class='ocrx_word' id='word_1_37' title='bbox 1360 401 1558 455; x_wconf 81' lang='lat' dir='ltr'>jusserat,</span> 
     </span>
     <span class='ocr_line' id='line_1_6' title="bbox 138 454 1560 514; baseline -0.004 -15"><span class='ocrx_word' id='word_1_38' title='bbox 138 458 339 513; x_wconf 87' lang='lat' dir='ltr'>pervenit.</span> <span class='ocrx_word' id='word_1_39' title='bbox 361 455 511 498; x_wconf 80' lang='lat' dir='ltr'>²⁶mille</span> <span class='ocrx_word' id='word_1_40' title='bbox 537 464 578 497; x_wconf 89' lang='lat' dir='ltr'>et</span> <span class='ocrx_word' id='word_1_41' title='bbox 599 454 844 511; x_wconf 85' lang='lat' dir='ltr'>quingenta¹</span> <span class='ocrx_word' id='word_1_42' title='bbox 865 455 1023 496; x_wconf 87' lang='lat' dir='ltr'>talenta</span> <span class='ocrx_word' id='word_1_43' title='bbox 1051 456 1213 508; x_wconf 72' lang='lat' dir='ltr'>argenti</span> <span class='ocrx_word' id='word_1_44' title='bbox 1244 465 1414 512; x_wconf 85' lang='lat' dir='ltr'>accepta</span> <span class='ocrx_word' id='word_1_45' title='bbox 1443 460 1560 514; x_wconf 76' lang='lat' dir='ltr'>Apa-</span> 
     </span>
     <span class='ocr_line' id='line_1_7' title="bbox 138 512 1558 569; baseline 0.001 -14"><span class='ocrx_word' id='word_1_46' title='bbox 138 529 270 556; x_wconf 84' lang='lat' dir='ltr'>meam</span> <span class='ocrx_word' id='word_1_47' title='bbox 307 513 594 569; x_wconf 82' lang='lat' dir='ltr'><strong>deportantur.</strong></span> <span class='ocrx_word' id='word_1_48' title='bbox 635 513 896 554; x_wconf 86' lang='lat' dir='ltr'>frumentum</span> <span class='ocrx_word' id='word_1_49' title='bbox 931 512 1134 553; x_wconf 81' lang='lat' dir='ltr'>exercitui</span> <span class='ocrx_word' id='word_1_50' title='bbox 1169 512 1388 554; x_wconf 81' lang='lat' dir='ltr'>dividitur.</span> <span class='ocrx_word' id='word_1_51' title='bbox 1452 515 1558 563; x_wconf 84' lang='lat' dir='ltr'>Inde</span> 
     </span>
     <span class='ocr_line' id='line_1_8' title="bbox 136 568 1559 626; baseline 0.001 -14"><span class='ocrx_word' id='word_1_52' title='bbox 136 571 190 612; x_wconf 88' lang='lat' dir='ltr'>ad</span> <span class='ocrx_word' id='word_1_53' title='bbox 231 572 409 626; x_wconf 84' lang='lat' dir='ltr'>Pergam</span> <span class='ocrx_word' id='word_1_54' title='bbox 443 569 585 611; x_wconf 87' lang='lat' dir='ltr'>ducit:</span> <span class='ocrx_word' id='word_1_55' title='bbox 638 584 736 626; x_wconf 88' lang='lat' dir='ltr'>quae</span> <span class='ocrx_word' id='word_1_56' title='bbox 775 584 861 610; x_wconf 88' lang='lat' dir='ltr'>una</span> <span class='ocrx_word' id='word_1_57' title='bbox 894 568 938 610; x_wconf 88' lang='lat' dir='ltr'>in</span> <span class='ocrx_word' id='word_1_58' title='bbox 970 569 1022 610; x_wconf 89' lang='lat' dir='ltr'>iis</span> <span class='ocrx_word' id='word_1_59' title='bbox 1055 568 1155 610; x_wconf 88' lang='lat' dir='ltr'>locis</span> <span class='ocrx_word' id='word_1_60' title='bbox 1189 570 1306 626; x_wconf 82' lang='lat' dir='ltr'>regio</span> <span class='ocrx_word' id='word_1_61' title='bbox 1335 571 1559 613; x_wconf 86' lang='lat' dir='ltr'>tenebatur</span> 
     </span>
     <span class='ocr_line' id='line_1_9' title="bbox 135 626 1556 684; baseline 0.001 -16"><span class='ocrx_word' id='word_1_62' title='bbox 135 626 339 684; x_wconf 85' lang='lat' dir='ltr'>praesidio.</span> <span class='ocrx_word' id='word_1_63' title='bbox 401 626 777 683; x_wconf 82' lang='lat' dir='ltr'>Adpropinquanti</span> <span class='ocrx_word' id='word_1_64' title='bbox 807 626 1033 683; x_wconf 76' lang='lat' dir='ltr'>praefectus</span> <span class='ocrx_word' id='word_1_65' title='bbox 1063 627 1247 683; x_wconf 72' lang='lat' dir='ltr'>praesidii</span> <span class='ocrx_word' id='word_1_66' title='bbox 1277 626 1427 669; x_wconf 88' lang='lat' dir='ltr'>obvius</span> <span class='ocrx_word' id='word_1_67' title='bbox 1458 628 1556 679; x_wconf 84' lang='lat' dir='ltr'>fuit,</span> 
     </span>
     <span class='ocr_line' id='line_1_10' title="bbox 133 683 1556 740; baseline 0.002 -15"><span class='ocrx_word' id='word_1_68' title='bbox 133 684 307 737; x_wconf 78' lang='lat' dir='ltr'>triginta</span> <span class='ocrx_word' id='word_1_69' title='bbox 340 683 503 725; x_wconf 90' lang='lat' dir='ltr'>dierum</span> <span class='ocrx_word' id='word_1_70' title='bbox 539 693 707 740; x_wconf 88' lang='lat' dir='ltr'>tempus</span> <span class='ocrx_word' id='word_1_71' title='bbox 742 691 902 740; x_wconf 89' lang='lat' dir='ltr'>petens,</span> <span class='ocrx_word' id='word_1_72' title='bbox 939 691 987 725; x_wconf 90' lang='lat' dir='ltr'>ut</span> <span class='ocrx_word' id='word_1_73' title='bbox 1026 698 1166 740; x_wconf 87' lang='lat' dir='ltr'>regem</span> <span class='ocrx_word' id='word_1_74' title='bbox 1202 684 1462 726; x_wconf 86' lang='lat' dir='ltr'>Antiochum</span> <span class='ocrx_word' id='word_1_75' title='bbox 1503 685 1556 728; x_wconf 90' lang='lat' dir='ltr'>de</span> 
     </span>
     <span class='ocr_line' id='line_1_11' title="bbox 130 740 1556 799; baseline 0.002 -18"><span class='ocrx_word' id='word_1_76' title='bbox 130 741 234 782; x_wconf 90' lang='lat' dir='ltr'>urbe</span> <span class='ocrx_word' id='word_1_77' title='bbox 254 740 460 782; x_wconf 88' lang='lat' dir='ltr'>tradenda</span> <span class='ocrx_word' id='word_1_78' title='bbox 480 741 724 782; x_wconf 86' lang='lat' dir='ltr'>consuleret.</span> <span class='ocrx_word' id='word_1_79' title='bbox 756 740 856 782; x_wconf 90' lang='lat' dir='ltr'>dato</span> <span class='ocrx_word' id='word_1_80' title='bbox 882 749 1081 797; x_wconf 84' lang='lat' dir='ltr'>tempore,</span> <span class='ocrx_word' id='word_1_81' title='bbox 1104 740 1159 782; x_wconf 91' lang='lat' dir='ltr'>ad</span> <span class='ocrx_word' id='word_1_82' title='bbox 1189 756 1279 782; x_wconf 89' lang='lat' dir='ltr'>eam</span> <span class='ocrx_word' id='word_1_83' title='bbox 1309 742 1420 782; x_wconf 87' lang='lat' dir='ltr'>diem</span> <span class='ocrx_word' id='word_1_84' title='bbox 1450 757 1556 799; x_wconf 86' lang='lat' dir='ltr'>prae-</span> 
     </span>
     <span class='ocr_line' id='line_1_12' title="bbox 109 796 1555 856; baseline 0.001 -17"><span class='ocrx_word' id='word_1_85' title='bbox 109 797 234 839; x_wconf 78' lang='lat' dir='ltr'>,sidio</span> <span class='ocrx_word' id='word_1_86' title='bbox 265 797 478 839; x_wconf 84' lang='lat' dir='ltr'>decessum</span> <span class='ocrx_word' id='word_1_87' title='bbox 509 806 582 840; x_wconf 86' lang='lat' dir='ltr'>est.</span> <span class='ocrx_word' id='word_1_88' title='bbox 643 799 684 838; x_wconf 82' lang='lat' dir='ltr'>A</span> <span class='ocrx_word' id='word_1_89' title='bbox 719 798 870 853; x_wconf 85' lang='lat' dir='ltr'>Perga,</span> <span class='ocrx_word' id='word_1_90' title='bbox 898 797 948 838; x_wconf 92' lang='lat' dir='ltr'>L.</span> <span class='ocrx_word' id='word_1_91' title='bbox 973 796 1137 838; x_wconf 80' lang='lat' dir='ltr'>Manlio</span> <span class='ocrx_word' id='word_1_92' title='bbox 1166 798 1296 840; x_wconf 85' lang='lat' dir='ltr'>fratre</span> <span class='ocrx_word' id='word_1_93' title='bbox 1326 814 1422 839; x_wconf 90' lang='lat' dir='ltr'>cum</span> <span class='ocrx_word' id='word_1_94' title='bbox 1453 815 1555 856; x_wconf 90' lang='lat' dir='ltr'>qua-</span> 
     </span>
     <span class='ocr_line' id='line_1_13' title="bbox 107 854 1553 912; baseline 0.002 -17"><span class='ocrx_word' id='word_1_95' title='bbox 107 862 226 896; x_wconf 67' lang='lat' dir='ltr'>tuor</span> <span class='ocrx_word' id='word_1_96' title='bbox 255 855 440 896; x_wconf 86' lang='lat' dir='ltr'>millibus</span> <span class='ocrx_word' id='word_1_97' title='bbox 468 855 651 897; x_wconf 89' lang='lat' dir='ltr'>militum</span> <span class='ocrx_word' id='word_1_98' title='bbox 671 854 951 906; x_wconf 73' lang='lat' dir='ltr'>2⁷01-0anda111‚</span> <span class='ocrx_word' id='word_1_99' title='bbox 974 854 1029 895; x_wconf 84' lang='lat' dir='ltr'>acl</span> <span class='ocrx_word' id='word_1_100' title='bbox 1052 854 1264 910; x_wconf 85' lang='lat' dir='ltr'>reliquum</span> <span class='ocrx_word' id='word_1_101' title='bbox 1282 857 1472 912; x_wconf 90' lang='lat' dir='ltr'>pecuniae</span> <span class='ocrx_word' id='word_1_102' title='bbox 1502 872 1553 898; x_wconf 83' lang='lat' dir='ltr'>ex</span> 
     </span>
     <span class='ocr_line' id='line_1_14' title="bbox 127 911 1554 969; baseline 0.003 -17"><span class='ocrx_word' id='word_1_103' title='bbox 127 926 191 962; x_wconf 90' lang='lat' dir='ltr'>eo,</span> <span class='ocrx_word' id='word_1_104' title='bbox 223 912 339 968; x_wconf 89' lang='lat' dir='ltr'>quod</span> <span class='ocrx_word' id='word_1_105' title='bbox 368 911 629 969; x_wconf 82' lang='lat' dir='ltr'>pepigerant,</span> <span class='ocrx_word' id='word_1_106' title='bbox 661 911 930 968; x_wconf 83' lang='lat' dir='ltr'>exigendum,</span> <span class='ocrx_word' id='word_1_107' title='bbox 962 912 1101 963; x_wconf 87' lang='lat' dir='ltr'>misso,</span> <span class='ocrx_word' id='word_1_108' title='bbox 1131 913 1236 968; x_wconf 88' lang='lat' dir='ltr'>ipse,</span> <span class='ocrx_word' id='word_1_109' title='bbox 1267 914 1368 968; x_wconf 88' lang='lat' dir='ltr'>quia</span> <span class='ocrx_word' id='word_1_110' title='bbox 1398 915 1554 956; x_wconf 88' lang='lat' dir='ltr'>Eume-</span> 
     </span>
     <span class='ocr_line' id='line_1_15' title="bbox 126 969 1552 1025; baseline 0.002 -16"><span class='ocrx_word' id='word_1_111' title='bbox 126 983 222 1010; x_wconf 88' lang='lat' dir='ltr'>nem</span> <span class='ocrx_word' id='word_1_112' title='bbox 257 984 399 1025; x_wconf 84' lang='lat' dir='ltr'>regem</span> <span class='ocrx_word' id='word_1_113' title='bbox 428 978 469 1011; x_wconf 88' lang='lat' dir='ltr'>et</span> <span class='ocrx_word' id='word_1_114' title='bbox 505 969 647 1010; x_wconf 88' lang='lat' dir='ltr'>decem</span> <span class='ocrx_word' id='word_1_115' title='bbox 682 969 841 1024; x_wconf 83' lang='lat' dir='ltr'>legatos</span> <span class='ocrx_word' id='word_1_116' title='bbox 875 969 929 1010; x_wconf 90' lang='lat' dir='ltr'>ab</span> <span class='ocrx_word' id='word_1_117' title='bbox 965 969 1104 1010; x_wconf 82' lang='lat' dir='ltr'>Roma</span> <span class='ocrx_word' id='word_1_118' title='bbox 1139 969 1357 1025; x_wconf 86' lang='lat' dir='ltr'>Ephesum</span> <span class='ocrx_word' id='word_1_119' title='bbox 1394 971 1552 1012; x_wconf 84' lang='lat' dir='ltr'>venisse</span> 
     </span>
     <span class='ocr_line' id='line_1_16' title="bbox 125 1025 1551 1083; baseline 0.003 -17"><span class='ocrx_word' id='word_1_120' title='bbox 125 1025 331 1076; x_wconf 76' lang='lat' dir='ltr'>audierat,</span> <span class='ocrx_word' id='word_1_121' title='bbox 346 1027 477 1083; x_wconf 85' lang='lat' dir='ltr'>jussis</span> <span class='ocrx_word' id='word_1_122' title='bbox 498 1026 616 1082; x_wconf 87' lang='lat' dir='ltr'>sequi</span> <span class='ocrx_word' id='word_1_123' title='bbox 637 1025 840 1068; x_wconf 89' lang='lat' dir='ltr'>Antiochi</span> <span class='ocrx_word' id='word_1_124' title='bbox 870 1025 1033 1082; x_wconf 83' lang='lat' dir='ltr'>legatis,</span> <span class='ocrx_word' id='word_1_125' title='bbox 1056 1027 1291 1082; x_wconf 90' lang='lat' dir='ltr'>Apameam</span> <span class='ocrx_word' id='word_1_126' title='bbox 1314 1029 1551 1073; x_wconf 64' lang='lat' dir='ltr'>&gt;exercitum</span> 
     </span>
     <span class='ocr_line' id='line_1_17' title="bbox 124 1083 309 1125; baseline 0.005 -3"><span class='ocrx_word' id='word_1_127' title='bbox 124 1083 309 1125; x_wconf 83' lang='lat' dir='ltr'>reduxit.</span> 
     </span>
     <span class='ocr_line' id='line_1_18' title="bbox 182 1139 1547 1195; baseline 0.002 -14"><span class='ocrx_word' id='word_1_128' title='bbox 182 1140 466 1182; x_wconf 86' lang='lat' dir='ltr'>XXXVIII.</span> <span class='ocrx_word' id='word_1_129' title='bbox 501 1141 569 1182; x_wconf 91' lang='lat' dir='ltr'>Ibi</span> <span class='ocrx_word' id='word_1_130' title='bbox 591 1156 642 1181; x_wconf 83' lang='lat' dir='ltr'>ex</span> <span class='ocrx_word' id='word_1_131' title='bbox 662 1140 805 1181; x_wconf 88' lang='lat' dir='ltr'>decem</span> <span class='ocrx_word' id='word_1_132' title='bbox 835 1139 1072 1195; x_wconf 86' lang='lat' dir='ltr'>legatorum</span> <span class='ocrx_word' id='word_1_133' title='bbox 1102 1139 1306 1182; x_wconf 88' lang='lat' dir='ltr'>sententia</span> <span class='ocrx_word' id='word_1_134' title='bbox 1335 1140 1477 1183; x_wconf 87' lang='lat' dir='ltr'>foedus</span> <span class='ocrx_word' id='word_1_135' title='bbox 1507 1142 1547 1184; x_wconf 86' lang='lat' dir='ltr'>in</span> 
     </span>
     <span class='ocr_line' id='line_1_19' title="bbox 121 1195 1701 1253; baseline 0.004 -16"><span class='ocrx_word' id='word_1_136' title='bbox 121 1195 212 1238; x_wconf 78' lang='lat' dir='ltr'>Iiaec</span> <span class='ocrx_word' id='word_1_137' title='bbox 243 1197 370 1238; x_wconf 85' lang='lat' dir='ltr'>verba</span> <span class='ocrx_word' id='word_1_138' title='bbox 405 1198 491 1238; x_wconf 88' lang='lat' dir='ltr'>fere</span> <span class='ocrx_word' id='word_1_139' title='bbox 525 1213 619 1239; x_wconf 90' lang='lat' dir='ltr'>cum</span> <span class='ocrx_word' id='word_1_140' title='bbox 655 1196 868 1238; x_wconf 85' lang='lat' dir='ltr'>Antiocho</span> <span class='ocrx_word' id='word_1_141' title='bbox 902 1196 1183 1253; x_wconf 87' lang='lat' dir='ltr'>conscriptum</span> <span class='ocrx_word' id='word_1_142' title='bbox 1213 1205 1288 1239; x_wconf 89' lang='lat' dir='ltr'>est.</span> <span class='ocrx_word' id='word_1_143' title='bbox 1348 1199 1548 1241; x_wconf 85' lang='lat' dir='ltr'>Amicitia</span> <span class='ocrx_word' id='word_1_144' title='bbox 1561 1211 1701 1244; x_wconf 77' lang='lat' dir='ltr'>Foederis</span> 
     </span>
     <span class='ocr_line' id='line_1_20' title="bbox 119 1254 1751 1309; baseline 0.003 -15"><span class='ocrx_word' id='word_1_145' title='bbox 119 1257 211 1308; x_wconf 87' lang='lat' dir='ltr'>regi</span> <span class='ocrx_word' id='word_1_146' title='bbox 230 1255 428 1295; x_wconf 81' lang='lat' dir='ltr'>Antiocho</span> <span class='ocrx_word' id='word_1_147' title='bbox 449 1269 533 1295; x_wconf 82' lang='lat' dir='ltr'>cum</span> <span class='ocrx_word' id='word_1_148' title='bbox 556 1256 710 1308; x_wconf 79' lang='lat' dir='ltr'>populo</span> <span class='ocrx_word' id='word_1_149' title='bbox 731 1255 917 1295; x_wconf 78' lang='lat' dir='ltr'>Romano</span> <span class='ocrx_word' id='word_1_150' title='bbox 937 1254 1000 1295; x_wconf 82' lang='lat' dir='ltr'>his</span> <span class='ocrx_word' id='word_1_151' title='bbox 1019 1254 1173 1309; x_wconf 82' lang='lat' dir='ltr'>legibus</span> <span class='ocrx_word' id='word_1_152' title='bbox 1193 1261 1230 1295; x_wconf 88' lang='lat' dir='ltr'>et</span> <span class='ocrx_word' id='word_1_153' title='bbox 1250 1257 1548 1299; x_wconf 83' lang='lat' dir='ltr'>conditionibus</span> <span class='ocrx_word' id='word_1_154' title='bbox 1559 1265 1628 1285; x_wconf 86' lang='lat' dir='ltr'>cum</span> <span class='ocrx_word' id='word_1_155' title='bbox 1642 1256 1751 1287; x_wconf 76' lang='lat' dir='ltr'>Antio-</span> 
     </span>
     <span class='ocr_line' id='line_1_21' title="bbox 120 1299 1726 1366; baseline 0.003 -14"><span class='ocrx_word' id='word_1_156' title='bbox 120 1319 213 1352; x_wconf 78' lang='lat' dir='ltr'>esto,</span> <span class='ocrx_word' id='word_1_157' title='bbox 275 1312 342 1352; x_wconf 86' lang='lat' dir='ltr'>Ne</span> <span class='ocrx_word' id='word_1_158' title='bbox 363 1327 472 1366; x_wconf 82' lang='lat' dir='ltr'>quem</span> <span class='ocrx_word' id='word_1_159' title='bbox 495 1313 723 1362; x_wconf 67' lang='lat' dir='ltr'>exercitum,</span> <span class='ocrx_word' id='word_1_160' title='bbox 747 1313 818 1365; x_wconf 82' lang='lat' dir='ltr'>qai</span> <span class='ocrx_word' id='word_1_161' title='bbox 838 1326 922 1352; x_wconf 82' lang='lat' dir='ltr'>cum</span> <span class='ocrx_word' id='word_1_162' title='bbox 936 1313 1091 1365; x_wconf 80' lang='lat' dir='ltr'>populo</span> <span class='ocrx_word' id='word_1_163' title='bbox 1110 1313 1301 1353; x_wconf 77' lang='lat' dir='ltr'>Romano</span> <span class='ocrx_word' id='word_1_164' title='bbox 1320 1312 1547 1356; x_wconf 67' lang='lat' dir='ltr'>2⁸socz&#39;isven</span> <span class='ocrx_word' id='word_1_165' title='bbox 1560 1299 1617 1330; x_wconf 61' lang='lat'>⁶¹¹⁰</span> <span class='ocrx_word' id='word_1_166' title='bbox 1632 1299 1726 1341; x_wconf 65' lang='lat' dir='ltr'>leges.</span> 
     </span>
     <span class='ocr_line' id='line_1_22' title="bbox 118 1368 1546 1426; baseline 0.005 -19"><span class='ocrx_word' id='word_1_167' title='bbox 118 1368 260 1410; x_wconf 75' lang='lat' dir='ltr'>bellum</span> <span class='ocrx_word' id='word_1_168' title='bbox 277 1376 462 1424; x_wconf 80' lang='lat' dir='ltr'>gesturus</span> <span class='ocrx_word' id='word_1_169' title='bbox 482 1371 575 1418; x_wconf 87' lang='lat' dir='ltr'>erit,</span> <span class='ocrx_word' id='word_1_170' title='bbox 597 1384 670 1410; x_wconf 70' lang='lat' dir='ltr'>reoe</span> <span class='ocrx_word' id='word_1_171' title='bbox 694 1384 772 1422; x_wconf 80' lang='lat' dir='ltr'>per</span> <span class='ocrx_word' id='word_1_172' title='bbox 781 1370 897 1423; x_wconf 81' lang='lat' dir='ltr'>fines</span> <span class='ocrx_word' id='word_1_173' title='bbox 925 1369 1041 1423; x_wconf 76' lang='lat' dir='ltr'>regni</span> <span class='ocrx_word' id='word_1_174' title='bbox 1069 1371 1145 1419; x_wconf 81' lang='lat' dir='ltr'>sui,</span> <span class='ocrx_word' id='word_1_175' title='bbox 1169 1384 1363 1421; x_wconf 82' lang='lat' dir='ltr'>eorumve,</span> <span class='ocrx_word' id='word_1_176' title='bbox 1385 1373 1458 1426; x_wconf 80' lang='lat' dir='ltr'>qai</span> <span class='ocrx_word' id='word_1_177' title='bbox 1475 1373 1546 1414; x_wconf 84' lang='lat' dir='ltr'>sub</span> 
     </span>
     <span class='ocr_line' id='line_1_23' title="bbox 119 1425 1545 1484; baseline 0.004 -18"><span class='ocrx_word' id='word_1_178' title='bbox 119 1428 277 1468; x_wconf 79' lang='lat' dir='ltr'>ditione</span> <span class='ocrx_word' id='word_1_179' title='bbox 296 1425 378 1481; x_wconf 61' lang='lat' dir='ltr'>ejus</span> <span class='ocrx_word' id='word_1_180' title='bbox 398 1433 530 1477; x_wconf 82' lang='lat' dir='ltr'>erunt,</span> <span class='ocrx_word' id='word_1_181' title='bbox 549 1428 724 1467; x_wconf 87' lang='lat' dir='ltr'>transire</span> <span class='ocrx_word' id='word_1_182' title='bbox 744 1428 890 1467; x_wconf 81' lang='lat' dir='ltr'>sinito.-</span> <span class='ocrx_word' id='word_1_183' title='bbox 913 1441 990 1467; x_wconf 76' lang='lat' dir='ltr'>neu</span> <span class='ocrx_word' id='word_1_184' title='bbox 1009 1434 1240 1477; x_wconf 78' lang='lat' dir='ltr'>commeatu,</span> <span class='ocrx_word' id='word_1_185' title='bbox 1259 1441 1335 1468; x_wconf 69' lang='lat' dir='ltr'>neu</span> <span class='ocrx_word' id='word_1_186' title='bbox 1355 1444 1435 1484; x_wconf 82' lang='lat' dir='ltr'>qua</span> <span class='ocrx_word' id='word_1_187' title='bbox 1456 1431 1545 1471; x_wconf 85' lang='lat' dir='ltr'>alia</span> 
     </span>
     <span class='ocr_line' id='line_1_24' title="bbox 105 1483 1543 1540; baseline 0.003 -16"><span class='ocrx_word' id='word_1_188' title='bbox 105 1493 192 1537; x_wconf 83' lang='lat' dir='ltr'>&#39;ope</span> <span class='ocrx_word' id='word_1_189' title='bbox 205 1483 373 1537; x_wconf 77' lang='lat' dir='ltr'>juvato·</span> <span class='ocrx_word' id='word_1_190' title='bbox 431 1484 547 1525; x_wconf 82' lang='lat' dir='ltr'>Idem</span> <span class='ocrx_word' id='word_1_191' title='bbox 577 1484 759 1525; x_wconf 82' lang='lat' dir='ltr'>Romani</span> <span class='ocrx_word' id='word_1_192' title='bbox 786 1485 963 1538; x_wconf 82' lang='lat' dir='ltr'>sociique</span> <span class='ocrx_word' id='word_1_193' title='bbox 991 1485 1202 1534; x_wconf 76' lang='lat' dir='ltr'>Antiocho,</span> <span class='ocrx_word' id='word_1_194' title='bbox 1225 1491 1265 1526; x_wconf 86' lang='lat' dir='ltr'>et</span> <span class='ocrx_word' id='word_1_195' title='bbox 1292 1486 1351 1534; x_wconf 78' lang='lat' dir='ltr'>iis,</span> <span class='ocrx_word' id='word_1_196' title='bbox 1374 1488 1446 1540; x_wconf 83' lang='lat' dir='ltr'>qui</span> <span class='ocrx_word' id='word_1_197' title='bbox 1473 1487 1543 1528; x_wconf 80' lang='lat' dir='ltr'>sub</span> 
     </span>
     <span class='ocr_line' id='line_1_25' title="bbox 118 1540 1543 1595; baseline 0.004 -14"><span class='ocrx_word' id='word_1_198' title='bbox 118 1543 289 1594; x_wconf 86' lang='lat' dir='ltr'>imperio</span> <span class='ocrx_word' id='word_1_199' title='bbox 318 1540 401 1594; x_wconf 66' lang='lat' dir='ltr'>ejus</span> <span class='ocrx_word' id='word_1_200' title='bbox 429 1548 557 1590; x_wconf 82' lang='lat' dir='ltr'>erunt,</span> <span class='ocrx_word' id='word_1_201' title='bbox 574 1547 781 1594; x_wconf 76' lang='lat' dir='ltr'>praestent.</span> <span class='ocrx_word' id='word_1_202' title='bbox 841 1542 956 1582; x_wconf 87' lang='lat' dir='ltr'>Belli</span> <span class='ocrx_word' id='word_1_203' title='bbox 971 1543 1144 1595; x_wconf 81' lang='lat' dir='ltr'>gerendi</span> <span class='ocrx_word' id='word_1_204' title='bbox 1159 1542 1234 1595; x_wconf 81' lang='lat' dir='ltr'>jus</span> <span class='ocrx_word' id='word_1_205' title='bbox 1264 1543 1464 1584; x_wconf 72' lang='lat' dir='ltr'>Antiocho</span> <span class='ocrx_word' id='word_1_206' title='bbox 1493 1560 1543 1586; x_wconf 75' lang='lat' dir='ltr'>ne</span> 
     </span>
     <span class='ocr_line' id='line_1_26' title="bbox 115 1599 1540 1652; baseline 0.003 -14"><span class='ocrx_word' id='word_1_207' title='bbox 115 1605 198 1639; x_wconf 87' lang='lat' dir='ltr'>esto</span> <span class='ocrx_word' id='word_1_208' title='bbox 217 1613 303 1639; x_wconf 84' lang='lat' dir='ltr'>cum</span> <span class='ocrx_word' id='word_1_209' title='bbox 326 1600 393 1649; x_wconf 90' lang='lat' dir='ltr'>iis,</span> <span class='ocrx_word' id='word_1_210' title='bbox 415 1600 486 1652; x_wconf 79' lang='lat' dir='ltr'>qui</span> <span class='ocrx_word' id='word_1_211' title='bbox 515 1600 668 1640; x_wconf 83' lang='lat' dir='ltr'>insulas</span> <span class='ocrx_word' id='word_1_212' title='bbox 695 1599 843 1650; x_wconf 83' lang='lat' dir='ltr'>colunt,</span> <span class='ocrx_word' id='word_1_213' title='bbox 864 1613 961 1640; x_wconf 74' lang='lat' dir='ltr'>neve</span> <span class='ocrx_word' id='word_1_214' title='bbox 980 1600 1021 1638; x_wconf 81' lang='lat' dir='ltr'>in</span> <span class='ocrx_word' id='word_1_215' title='bbox 1049 1600 1257 1652; x_wconf 80' lang='lat' dir='ltr'>Europam</span> <span class='ocrx_word' id='word_1_216' title='bbox 1287 1603 1540 1643; x_wconf 79' lang='lat' dir='ltr'>transeundi.</span> 
     </span>
     <span class='ocr_line' id='line_1_27' title="bbox 113 1655 1540 1711; baseline 0.003 -16"><span class='ocrx_word' id='word_1_217' title='bbox 113 1657 314 1696; x_wconf 75' lang='lat' dir='ltr'>Excedito</span> <span class='ocrx_word' id='word_1_218' title='bbox 347 1655 522 1705; x_wconf 81' lang='lat' dir='ltr'>urbibus,</span> <span class='ocrx_word' id='word_1_219' title='bbox 555 1657 684 1711; x_wconf 85' lang='lat' dir='ltr'>agris,</span> <span class='ocrx_word' id='word_1_220' title='bbox 719 1656 831 1706; x_wconf 82' lang='lat' dir='ltr'>vicis,</span> <span class='ocrx_word' id='word_1_221' title='bbox 866 1656 1042 1697; x_wconf 78' lang='lat' dir='ltr'>castellis</span> <span class='ocrx_word' id='word_1_222' title='bbox 1070 1656 1126 1698; x_wconf 82' lang='lat' dir='ltr'>cis</span> <span class='ocrx_word' id='word_1_223' title='bbox 1166 1657 1345 1699; x_wconf 78' lang='lat' dir='ltr'>Taurum</span> <span class='ocrx_word' id='word_1_224' title='bbox 1375 1666 1540 1700; x_wconf 84' lang='lat' dir='ltr'>montem</span> 
     </span>
     <span class='ocr_line' id='line_1_28' title="bbox 111 1712 1537 1771; baseline 0.003 -18"><span class='ocrx_word' id='word_1_225' title='bbox 111 1712 272 1767; x_wconf 70' lang='lat' dir='ltr'>²²⁹usque</span> <span class='ocrx_word' id='word_1_226' title='bbox 300 1714 359 1754; x_wconf 83' lang='lat' dir='ltr'>ad</span> <span class='ocrx_word' id='word_1_227' title='bbox 393 1713 568 1754; x_wconf 82' lang='lat' dir='ltr'>Tanaim</span> <span class='ocrx_word' id='word_1_228' title='bbox 598 1728 765 1762; x_wconf 81' lang='lat' dir='ltr'>amnem,</span> <span class='ocrx_word' id='word_1_229' title='bbox 789 1720 826 1754; x_wconf 87' lang='lat' dir='ltr'>et</span> <span class='ocrx_word' id='word_1_230' title='bbox 855 1728 882 1754; x_wconf 93' lang='lat' dir='ltr'>a</span> <span class='ocrx_word' id='word_1_231' title='bbox 913 1715 1019 1754; x_wconf 84' lang='lat' dir='ltr'>valle</span> <span class='ocrx_word' id='word_1_232' title='bbox 1045 1714 1179 1754; x_wconf 86' lang='lat' dir='ltr'>Tauri</span> <span class='ocrx_word' id='word_1_233' title='bbox 1200 1729 1322 1768; x_wconf 79' lang='lat' dir='ltr'>usque</span> <span class='ocrx_word' id='word_1_234' title='bbox 1341 1717 1399 1756; x_wconf 83' lang='lat' dir='ltr'>ad</span> <span class='ocrx_word' id='word_1_235' title='bbox 1412 1716 1537 1771; x_wconf 79' lang='lat' dir='ltr'>juga,</span> 
     </span>
     <span class='ocr_line' id='line_1_29' title="bbox 111 1771 1538 1828; baseline 0.004 -18"><span class='ocrx_word' id='word_1_236' title='bbox 111 1785 191 1825; x_wconf 81' lang='lat' dir='ltr'>qua</span> <span class='ocrx_word' id='word_1_237' title='bbox 213 1771 257 1811; x_wconf 81' lang='lat' dir='ltr'>in</span> <span class='ocrx_word' id='word_1_238' title='bbox 278 1771 531 1825; x_wconf 72' lang='lat' dir='ltr'>Lycaoniam</span> <span class='ocrx_word' id='word_1_239' title='bbox 552 1772 694 1825; x_wconf 86' lang='lat' dir='ltr'>vergit.</span> <span class='ocrx_word' id='word_1_240' title='bbox 755 1771 823 1811; x_wconf 88' lang='lat' dir='ltr'>Ne</span> <span class='ocrx_word' id='word_1_241' title='bbox 848 1785 928 1826; x_wconf 78' lang='lat' dir='ltr'>qua</span> <span class='ocrx_word' id='word_1_242' title='bbox 955 1785 1070 1812; x_wconf 87' lang='lat' dir='ltr'>arma</span> <span class='ocrx_word' id='word_1_243' title='bbox 1102 1772 1257 1828; x_wconf 71' lang='lat' dir='ltr'>efferto,</span> <span class='ocrx_word' id='word_1_244' title='bbox 1279 1787 1328 1812; x_wconf 60' lang='grc' dir='ltr'>εχ</span> <span class='ocrx_word' id='word_1_245' title='bbox 1348 1773 1402 1814; x_wconf 89' lang='lat' dir='ltr'>iis</span> <span class='ocrx_word' id='word_1_246' title='bbox 1423 1775 1538 1827; x_wconf 80' lang='lat' dir='ltr'>oppi-</span> 
     </span>
     <span class='ocr_line' id='line_1_30' title="bbox 111 1828 1538 1886; baseline 0.003 -18"><span class='ocrx_word' id='word_1_247' title='bbox 111 1829 189 1877; x_wconf 84' lang='lat' dir='ltr'>dis,</span> <span class='ocrx_word' id='word_1_248' title='bbox 225 1830 353 1883; x_wconf 85' lang='lat' dir='ltr'>agris,</span> <span class='ocrx_word' id='word_1_249' title='bbox 389 1829 654 1882; x_wconf 78' lang='lat' dir='ltr'>castellisque,</span> <span class='ocrx_word' id='word_1_250' title='bbox 688 1828 829 1882; x_wconf 81' lang='lat' dir='ltr'>quibus</span> <span class='ocrx_word' id='word_1_251' title='bbox 863 1830 1040 1870; x_wconf 73' lang='lat' dir='ltr'>excedat.</span> <span class='ocrx_word' id='word_1_252' title='bbox 1076 1831 1114 1870; x_wconf 88' lang='lat' dir='ltr'>si</span> <span class='ocrx_word' id='word_1_253' title='bbox 1143 1844 1223 1883; x_wconf 83' lang='lat' dir='ltr'>qua</span> <span class='ocrx_word' id='word_1_254' title='bbox 1254 1831 1413 1882; x_wconf 77' lang='lat' dir='ltr'>extulit,</span> <span class='ocrx_word' id='word_1_255' title='bbox 1450 1845 1538 1886; x_wconf 82' lang='lat' dir='ltr'>quae</span> 
     </span>
     <span class='ocr_line' id='line_1_31' title="bbox 108 1885 1536 1943; baseline 0.004 -17"><span class='ocrx_word' id='word_1_256' title='bbox 108 1899 263 1939; x_wconf 83' lang='lat' dir='ltr'>quoque</span> <span class='ocrx_word' id='word_1_257' title='bbox 294 1886 510 1939; x_wconf 84' lang='lat' dir='ltr'>oportebit,</span> <span class='ocrx_word' id='word_1_258' title='bbox 544 1885 690 1927; x_wconf 80' lang='lat' dir='ltr'>³⁰recte</span> <span class='ocrx_word' id='word_1_259' title='bbox 723 1886 937 1928; x_wconf 79' lang='lat' dir='ltr'>restituito.</span> <span class='ocrx_word' id='word_1_260' title='bbox 999 1886 1066 1926; x_wconf 90' lang='lat' dir='ltr'>Ne</span> <span class='ocrx_word' id='word_1_261' title='bbox 1095 1888 1275 1937; x_wconf 87' lang='lat' dir='ltr'>militem,</span> <span class='ocrx_word' id='word_1_262' title='bbox 1312 1901 1390 1928; x_wconf 81' lang='lat' dir='ltr'>neu</span> <span class='ocrx_word' id='word_1_263' title='bbox 1423 1903 1536 1943; x_wconf 81' lang='lat' dir='ltr'>quem</span> 
     </span>
     <span class='ocr_line' id='line_1_32' title="bbox 110 1943 1532 1998; baseline 0.004 -16"><span class='ocrx_word' id='word_1_264' title='bbox 110 1943 236 1983; x_wconf 85' lang='lat' dir='ltr'>alium</span> <span class='ocrx_word' id='word_1_265' title='bbox 258 1958 306 1983; x_wconf 75' lang='lat' dir='ltr'>ex</span> <span class='ocrx_word' id='word_1_266' title='bbox 326 1957 450 1997; x_wconf 86' lang='lat' dir='ltr'>regno</span> <span class='ocrx_word' id='word_1_267' title='bbox 471 1944 666 1984; x_wconf 83' lang='lat' dir='ltr'>Eumenis</span> <span class='ocrx_word' id='word_1_268' title='bbox 686 1944 871 1996; x_wconf 80' lang='lat' dir='ltr'>recipito.</span> <span class='ocrx_word' id='word_1_269' title='bbox 930 1944 978 1985; x_wconf 87' lang='lat' dir='ltr'>Si</span> <span class='ocrx_word' id='word_1_270' title='bbox 997 1945 1068 1998; x_wconf 78' lang='lat' dir='ltr'>qui</span> <span class='ocrx_word' id='word_1_271' title='bbox 1087 1959 1223 1985; x_wconf 86' lang='lat' dir='ltr'>earum</span> <span class='ocrx_word' id='word_1_272' title='bbox 1244 1944 1399 1986; x_wconf 76' lang='lat' dir='ltr'>urbium</span> <span class='ocrx_word' id='word_1_273' title='bbox 1416 1947 1532 1997; x_wconf 81' lang='lat' dir='ltr'>cives,</span> 
     </span>
     <span class='ocr_line' id='line_1_33' title="bbox 109 2000 1535 2057; baseline 0.004 -18"><span class='ocrx_word' id='word_1_274' title='bbox 109 2013 198 2053; x_wconf 83' lang='lat' dir='ltr'>quoe</span> <span class='ocrx_word' id='word_1_275' title='bbox 226 2014 350 2052; x_wconf 84' lang='lat' dir='ltr'>regno</span> <span class='ocrx_word' id='word_1_276' title='bbox 379 2000 606 2050; x_wconf 83' lang='lat' dir='ltr'>abscedunt,</span> <span class='ocrx_word' id='word_1_277' title='bbox 638 2014 723 2040; x_wconf 84' lang='lat' dir='ltr'>cum</span> <span class='ocrx_word' id='word_1_278' title='bbox 753 2015 847 2055; x_wconf 87' lang='lat' dir='ltr'>rege</span> <span class='ocrx_word' id='word_1_279' title='bbox 876 2001 1078 2041; x_wconf 79' lang='lat' dir='ltr'>Antiocho</span> <span class='ocrx_word' id='word_1_280' title='bbox 1107 2002 1298 2056; x_wconf 79' lang='lat' dir='ltr'>intraque</span> <span class='ocrx_word' id='word_1_281' title='bbox 1307 2003 1423 2055; x_wconf 75' lang='lat' dir='ltr'>fines</span> <span class='ocrx_word' id='word_1_282' title='bbox 1451 2003 1535 2057; x_wconf 73' lang='lat' dir='ltr'>ejus</span> 
     </span>
     <span class='ocr_line' id='line_1_34' title="bbox 106 2057 1535 2112; baseline 0.002 -15"><span class='ocrx_word' id='word_1_283' title='bbox 106 2057 225 2112; x_wconf 83' lang='lat' dir='ltr'>regni</span> <span class='ocrx_word' id='word_1_284' title='bbox 243 2063 348 2106; x_wconf 81' lang='lat' dir='ltr'>sant,</span> <span class='ocrx_word' id='word_1_285' title='bbox 372 2058 596 2111; x_wconf 75' lang='lat' dir='ltr'>Apameam</span> <span class='ocrx_word' id='word_1_286' title='bbox 625 2071 757 2099; x_wconf 83' lang='lat' dir='ltr'>omnes</span> <span class='ocrx_word' id='word_1_287' title='bbox 785 2064 882 2098; x_wconf 83' lang='lat' dir='ltr'>ante</span> <span class='ocrx_word' id='word_1_288' title='bbox 911 2059 1014 2098; x_wconf 86' lang='lat' dir='ltr'>diem</span> <span class='ocrx_word' id='word_1_289' title='bbox 1035 2065 1183 2098; x_wconf 86' lang='lat' dir='ltr'>certam</span> <span class='ocrx_word' id='word_1_290' title='bbox 1205 2060 1385 2100; x_wconf 84' lang='lat' dir='ltr'>redeant.</span> <span class='ocrx_word' id='word_1_291' title='bbox 1449 2060 1535 2109; x_wconf 74' lang='lat' dir='ltr'>Qui</span> 
     </span>
     <span class='ocr_line' id='line_1_35' title="bbox 107 2114 1531 2180; baseline 0.004 -27"><span class='ocrx_word' id='word_1_292' title='bbox 107 2128 157 2154; x_wconf 72' lang='lat' dir='ltr'>ex</span> <span class='ocrx_word' id='word_1_293' title='bbox 185 2128 310 2169; x_wconf 83' lang='lat' dir='ltr'>regno</span> <span class='ocrx_word' id='word_1_294' title='bbox 339 2114 535 2156; x_wconf 83' lang='lat' dir='ltr'>Antiochi</span> <span class='ocrx_word' id='word_1_295' title='bbox 558 2116 671 2168; x_wconf 83' lang='lat' dir='ltr'>apud</span> <span class='ocrx_word' id='word_1_296' title='bbox 699 2115 906 2156; x_wconf 84' lang='lat' dir='ltr'>Romanos</span> <span class='ocrx_word' id='word_1_297' title='bbox 933 2116 1134 2170; x_wconf 78' lang='lat' dir='ltr'>sociosque</span> <span class='ocrx_word' id='word_1_298' title='bbox 1161 2122 1266 2165; x_wconf 80' lang='lat' dir='ltr'>sunt,</span> <span class='ocrx_word' id='word_1_299' title='bbox 1289 2117 1344 2158; x_wconf 85' lang='lat' dir='ltr'>iis</span> <span class='ocrx_word' id='word_1_300' title='bbox 1356 2116 1431 2180; x_wconf 59' lang='lat' dir='ltr'>jas</span> <span class='ocrx_word' id='word_1_301' title='bbox 1460 2118 1531 2158; x_wconf 85' lang='lat' dir='ltr'>ab·</span> 
     </span>
    </p>
   </div>
   <div class='ocr_carea' id='block_1_2' title="bbox 703 2198 1379 2240">
    <p class='ocr_par' dir='ltr' id='par_1_2' title="bbox 703 2198 1379 2240">
     <span class='ocr_line' id='line_1_36' title="bbox 703 2198 1379 2240; baseline 0.006 -12"><span class='ocrx_word' id='word_1_302' title='bbox 703 2201 729 2220; x_wconf 72' lang='lat' dir='ltr'>m</span> <span class='ocrx_word' id='word_1_303' title='bbox 744 2198 896 2230; x_wconf 72' lang='lat' dir='ltr'>OEnoanda</span> <span class='ocrx_word' id='word_1_304' title='bbox 911 2198 1007 2230; x_wconf 92' lang='lat' dir='ltr'>Gron.</span> <span class='ocrx_word' id='word_1_305' title='bbox 1118 2203 1134 2220; x_wconf 81' lang='lat'>¹²</span> <span class='ocrx_word' id='word_1_306' title='bbox 1148 2201 1283 2240; x_wconf 70' lang='lat' dir='ltr'>sociisque</span> <span class='ocrx_word' id='word_1_307' title='bbox 1297 2200 1379 2232; x_wconf 83' lang='lat' dir='ltr'>Ead.</span> 
     </span>
    </p>
   </div>
   <div class='ocr_carea' id='block_1_3' title="bbox 112 2275 1529 2405">
    <p class='ocr_par' dir='ltr' id='par_1_3' title="bbox 112 2275 1529 2405">
     <span class='ocr_line' id='line_1_37' title="bbox 152 2275 1528 2319; baseline 0.003 -12"><span class='ocrx_word' id='word_1_308' title='bbox 152 2275 194 2306; x_wconf 82' lang='lat'>26</span> <span class='ocrx_word' id='word_1_309' title='bbox 232 2276 319 2307; x_wconf 75' lang='lat' dir='ltr'>Mille</span> <span class='ocrx_word' id='word_1_310' title='bbox 350 2283 378 2308; x_wconf 82' lang='lat' dir='ltr'>et</span> <span class='ocrx_word' id='word_1_311' title='bbox 415 2278 631 2319; x_wconf 66' lang='lat' dir='ltr'>quinquaginta</span> <span class='ocrx_word' id='word_1_312' title='bbox 667 2277 794 2318; x_wconf 78' lang='lat' dir='ltr'>talenta]</span> <span class='ocrx_word' id='word_1_313' title='bbox 839 2288 909 2308; x_wconf 87' lang='lat' dir='ltr'>mus</span> <span class='ocrx_word' id='word_1_314' title='bbox 935 2283 1070 2309; x_wconf 88' lang='lat' dir='ltr'>veterem</span> <span class='ocrx_word' id='word_1_315' title='bbox 1098 2278 1273 2310; x_wconf 83' lang='lat' dir='ltr'>lectionem.</span> <span class='ocrx_word' id='word_1_316' title='bbox 1332 2280 1402 2310; x_wconf 88' lang='lat' dir='ltr'>Hoc</span> <span class='ocrx_word' id='word_1_317' title='bbox 1434 2280 1528 2311; x_wconf 84' lang='lat' dir='ltr'>debe-</span> 
     </span>
     <span class='ocr_line' id='line_1_38' title="bbox 113 2316 1529 2364; baseline 0.004 -15"><span class='ocrx_word' id='word_1_318' title='bbox 113 2316 215 2349; x_wconf 82' lang='lat' dir='ltr'>Scribe</span> <span class='ocrx_word' id='word_1_319' title='bbox 237 2321 294 2350; x_wconf 81' lang='lat' dir='ltr'>duo</span> <span class='ocrx_word' id='word_1_320' title='bbox 315 2321 410 2351; x_wconf 82' lang='lat' dir='ltr'>millia</span> <span class='ocrx_word' id='word_1_321' title='bbox 432 2327 459 2351; x_wconf 86' lang='lat' dir='ltr'>et</span> <span class='ocrx_word' id='word_1_322' title='bbox 482 2323 653 2362; x_wconf 77' lang='lat' dir='ltr'>quingenta,</span> <span class='ocrx_word' id='word_1_323' title='bbox 674 2330 712 2350; x_wconf 83' lang='lat' dir='ltr'>ex</span> <span class='ocrx_word' id='word_1_324' title='bbox 735 2321 796 2351; x_wconf 88' lang='lat' dir='ltr'>Po·</span> <span class='ocrx_word' id='word_1_325' title='bbox 839 2330 909 2351; x_wconf 89' lang='lat' dir='ltr'>mus</span> <span class='ocrx_word' id='word_1_326' title='bbox 925 2321 1072 2358; x_wconf 86' lang='lat' dir='ltr'>Cellario‚</span> <span class='ocrx_word' id='word_1_327' title='bbox 1095 2332 1188 2360; x_wconf 73' lang='lat' dir='ltr'>quem</span> <span class='ocrx_word' id='word_1_328' title='bbox 1213 2321 1266 2353; x_wconf 88' lang='lat' dir='ltr'>adi</span> <span class='ocrx_word' id='word_1_329' title='bbox 1288 2322 1309 2353; x_wconf 88' lang='lat' dir='ltr'>l.</span> <span class='ocrx_word' id='word_1_330' title='bbox 1325 2323 1392 2353; x_wconf 91' lang='lat' dir='ltr'>III.</span> <span class='ocrx_word' id='word_1_331' title='bbox 1413 2323 1529 2364; x_wconf 85' lang='lat' dir='ltr'>Geogr.</span> 
     </span>
     <span class='ocr_line' id='line_1_39' title="bbox 112 2359 1527 2405; baseline 0.006 -16"><span class='ocrx_word' id='word_1_332' title='bbox 112 2359 178 2400; x_wconf 80' lang='lat' dir='ltr'>lyb.</span> <span class='ocrx_word' id='word_1_333' title='bbox 191 2359 223 2391; x_wconf 88' lang='lat' dir='ltr'>in</span> <span class='ocrx_word' id='word_1_334' title='bbox 245 2363 390 2405; x_wconf 81' lang='lat' dir='ltr'>Excerpt.</span> <span class='ocrx_word' id='word_1_335' title='bbox 407 2364 482 2405; x_wconf 80' lang='lat' dir='ltr'>Leg.</span> <span class='ocrx_word' id='word_1_336' title='bbox 500 2364 551 2395; x_wconf 87' lang='lat'>35.</span> <span class='ocrx_word' id='word_1_337' title='bbox 567 2369 599 2394; x_wconf 87' lang='lat' dir='ltr'>et</span> <span class='ocrx_word' id='word_1_338' title='bbox 622 2363 709 2394; x_wconf 93' lang='lat' dir='ltr'>Livio</span> <span class='ocrx_word' id='word_1_339' title='bbox 731 2363 797 2404; x_wconf 87' lang='lat' dir='ltr'>ipso</span> <span class='ocrx_word' id='word_1_340' title='bbox 841 2364 950 2404; x_wconf 86' lang='lat' dir='ltr'>Antiq.</span> <span class='ocrx_word' id='word_1_341' title='bbox 977 2374 1006 2396; x_wconf 87' lang='lat' dir='ltr'>c.</span> <span class='ocrx_word' id='word_1_342' title='bbox 1031 2365 1062 2395; x_wconf 87' lang='lat'>4.</span> <span class='ocrx_word' id='word_1_343' title='bbox 1108 2365 1199 2395; x_wconf 87' lang='lat' dir='ltr'>Idem</span> <span class='ocrx_word' id='word_1_344' title='bbox 1226 2366 1373 2397; x_wconf 90' lang='lat' dir='ltr'>mendum</span> <span class='ocrx_word' id='word_1_345' title='bbox 1396 2366 1527 2397; x_wconf 88' lang='lat' dir='ltr'>correxi-</span> 
     </span>
    </p>
   </div>
   <div class='ocr_carea' id='block_1_4' title="bbox 256 2195 604 2241">
    <p class='ocr_par' dir='ltr' id='par_1_4' title="bbox 256 2195 604 2241">
     <span class='ocr_line' id='line_1_40' title="bbox 256 2195 604 2241; baseline 0.006 -13"><span class='ocrx_word' id='word_1_346' title='bbox 256 2195 267 2220; x_wconf 70' lang='lat'>1</span> <span class='ocrx_word' id='word_1_347' title='bbox 279 2199 495 2241; x_wconf 79' lang='lat' dir='ltr'>quinquaginta</span> <span class='ocrx_word' id='word_1_348' title='bbox 511 2199 604 2230; x_wconf 78' lang='lat' dir='ltr'>Crev-</span> 
     </span>
    </p>
   </div>
   <div class='ocr_carea' id='block_1_5' title="bbox 106 2403 798 2918">
    <p class='ocr_par' dir='ltr' id='par_1_5' title="bbox 111 2403 797 2522">
     <span class='ocr_line' id='line_1_41' title="bbox 111 2403 797 2443; baseline 0.007 -12"><span class='ocrx_word' id='word_1_349' title='bbox 111 2412 204 2443; x_wconf 86' lang='lat' dir='ltr'>supra</span> <span class='ocrx_word' id='word_1_350' title='bbox 224 2403 278 2436; x_wconf 89' lang='lat' dir='ltr'>lib.</span> <span class='ocrx_word' id='word_1_351' title='bbox 292 2406 472 2437; x_wconf 69' lang='lat' dir='ltr'>XXXVII.</span> <span class='ocrx_word' id='word_1_352' title='bbox 491 2416 519 2437; x_wconf 92' lang='lat' dir='ltr'>c.</span> <span class='ocrx_word' id='word_1_353' title='bbox 536 2407 589 2438; x_wconf 83' lang='lat'>45.</span> <span class='ocrx_word' id='word_1_354' title='bbox 605 2406 797 2438; x_wconf 65' lang='lat' dir='ltr'>Rumzxms.</span> 
     </span>
     <span class='ocr_line' id='line_1_42' title="bbox 113 2445 795 2491; baseline 0.007 -17"><span class='ocrx_word' id='word_1_355' title='bbox 113 2445 208 2475; x_wconf 86' lang='lat' dir='ltr'>Porro</span> <span class='ocrx_word' id='word_1_356' title='bbox 223 2446 340 2479; x_wconf 78' lang='lat' dir='ltr'>talenta</span> <span class='ocrx_word' id='word_1_357' title='bbox 353 2450 447 2481; x_wconf 86' lang='lat'>2500.</span> <span class='ocrx_word' id='word_1_358' title='bbox 463 2455 535 2480; x_wconf 89' lang='lat' dir='ltr'>sunt</span> <span class='ocrx_word' id='word_1_359' title='bbox 550 2459 661 2480; x_wconf 81' lang='lat' dir='ltr'>marcoe</span> <span class='ocrx_word' id='word_1_360' title='bbox 678 2449 795 2491; x_wconf 78' lang='lat' dir='ltr'>argenti</span> 
     </span>
     <span class='ocr_line' id='line_1_43' title="bbox 112 2487 362 2522; baseline 0.016 -4"><span class='ocrx_word' id='word_1_361' title='bbox 112 2487 211 2518; x_wconf 85' lang='lat' dir='ltr'>Paris.</span> <span class='ocrx_word' id='word_1_362' title='bbox 225 2490 362 2522; x_wconf 82' lang='lat'>234375.</span> 
     </span>
    </p>

    <p class='ocr_par' dir='ltr' id='par_1_6' title="bbox 106 2531 798 2918">
     <span class='ocr_line' id='line_1_44' title="bbox 128 2531 796 2577; baseline 0.009 -17"><span class='ocrx_word' id='word_1_363' title='bbox 128 2572 133 2576; x_wconf 24' lang='grc' dir='ltr'>ι</span> <span class='ocrx_word' id='word_1_364' title='bbox 155 2531 196 2561; x_wconf 83' lang='lat'>27</span> <span class='ocrx_word' id='word_1_365' title='bbox 221 2531 372 2576; x_wconf 81' lang='lat' dir='ltr'>Oroanda]</span> <span class='ocrx_word' id='word_1_366' title='bbox 397 2535 458 2566; x_wconf 88' lang='lat' dir='ltr'>Hic</span> <span class='ocrx_word' id='word_1_367' title='bbox 481 2535 626 2576; x_wconf 84' lang='lat' dir='ltr'>Sigonius</span> <span class='ocrx_word' id='word_1_368' title='bbox 649 2535 710 2576; x_wconf 78' lang='lat' dir='ltr'>legi</span> <span class='ocrx_word' id='word_1_369' title='bbox 729 2535 796 2577; x_wconf 87' lang='lat' dir='ltr'>jus-</span> 
     </span>
     <span class='ocr_line' id='line_1_45' title="bbox 106 2575 795 2612; baseline 0.012 -11"><span class='ocrx_word' id='word_1_370' title='bbox 106 2579 150 2603; x_wconf 80' lang='lat' dir='ltr'>sit</span> <span class='ocrx_word' id='word_1_371' title='bbox 186 2575 349 2612; x_wconf 81' lang='lat' dir='ltr'>OEnoanda,</span> <span class='ocrx_word' id='word_1_372' title='bbox 376 2583 408 2608; x_wconf 83' lang='lat' dir='ltr'>et</span> <span class='ocrx_word' id='word_1_373' title='bbox 441 2578 580 2609; x_wconf 87' lang='lat' dir='ltr'>similiter</span> <span class='ocrx_word' id='word_1_374' title='bbox 614 2589 643 2610; x_wconf 89' lang='lat' dir='ltr'>c.</span> <span class='ocrx_word' id='word_1_375' title='bbox 669 2579 723 2609; x_wconf 91' lang='lat'>39.</span> <span class='ocrx_word' id='word_1_376' title='bbox 760 2580 795 2609; x_wconf 84' lang='lat' dir='ltr'>ab</span> 
     </span>
     <span class='ocr_line' id='line_1_46' title="bbox 112 2616 796 2653; baseline 0.012 -8"><span class='ocrx_word' id='word_1_377' title='bbox 112 2616 282 2648; x_wconf 80' lang='lat' dir='ltr'>OEnoandz&#39;s.</span> <span class='ocrx_word' id='word_1_378' title='bbox 339 2619 377 2649; x_wconf 90' lang='lat' dir='ltr'>Ei</span> <span class='ocrx_word' id='word_1_379' title='bbox 403 2620 494 2651; x_wconf 87' lang='lat' dir='ltr'>nimis</span> <span class='ocrx_word' id='word_1_380' title='bbox 521 2621 611 2652; x_wconf 86' lang='lat' dir='ltr'>facile</span> <span class='ocrx_word' id='word_1_381' title='bbox 643 2622 796 2653; x_wconf 82' lang='lat' dir='ltr'>obsecutae</span> 
     </span>
     <span class='ocr_line' id='line_1_47' title="bbox 110 2660 796 2705; baseline 0.01 -17"><span class='ocrx_word' id='word_1_382' title='bbox 110 2664 183 2689; x_wconf 81' lang='lat' dir='ltr'>sunt</span> <span class='ocrx_word' id='word_1_383' title='bbox 208 2660 416 2692; x_wconf 81' lang='lat' dir='ltr'>Gronovianae</span> <span class='ocrx_word' id='word_1_384' title='bbox 436 2663 596 2700; x_wconf 85' lang='lat' dir='ltr'>editiones,</span> <span class='ocrx_word' id='word_1_385' title='bbox 622 2665 796 2705; x_wconf 85' lang='lat' dir='ltr'>refragante</span> 
     </span>
     <span class='ocr_line' id='line_1_48' title="bbox 112 2701 797 2749; baseline 0.01 -18"><span class='ocrx_word' id='word_1_386' title='bbox 112 2701 255 2743; x_wconf 85' lang='lat' dir='ltr'>Polybio,</span> <span class='ocrx_word' id='word_1_387' title='bbox 275 2703 390 2744; x_wconf 82' lang='lat' dir='ltr'>Legat.</span> <span class='ocrx_word' id='word_1_388' title='bbox 405 2705 456 2736; x_wconf 86' lang='lat'>35.</span> <span class='ocrx_word' id='word_1_389' title='bbox 479 2707 652 2748; x_wconf 81' lang='lat' dir='ltr'>refragante</span> <span class='ocrx_word' id='word_1_390' title='bbox 675 2714 707 2738; x_wconf 86' lang='lat' dir='ltr'>et</span> <span class='ocrx_word' id='word_1_391' title='bbox 729 2707 797 2749; x_wconf 85' lang='lat' dir='ltr'>ipsa</span> 
     </span>
     <span class='ocr_line' id='line_1_49' title="bbox 112 2745 798 2792; baseline 0.007 -16"><span class='ocrx_word' id='word_1_392' title='bbox 112 2753 155 2777; x_wconf 81' lang='lat' dir='ltr'>re.</span> <span class='ocrx_word' id='word_1_393' title='bbox 199 2745 232 2776; x_wconf 86' lang='lat' dir='ltr'>Si</span> <span class='ocrx_word' id='word_1_394' title='bbox 252 2746 377 2786; x_wconf 88' lang='lat' dir='ltr'>quidem</span> <span class='ocrx_word' id='word_1_395' title='bbox 398 2747 450 2778; x_wconf 83' lang='lat' dir='ltr'>hic</span> <span class='ocrx_word' id='word_1_396' title='bbox 470 2750 609 2790; x_wconf 77' lang='lat' dir='ltr'>pecuniae</span> <span class='ocrx_word' id='word_1_397' title='bbox 632 2750 798 2792; x_wconf 84' lang='lat' dir='ltr'>exiguntur</span> 
     </span>
     <span class='ocr_line' id='line_1_50' title="bbox 109 2789 797 2830; baseline 0.01 -12"><span class='ocrx_word' id='word_1_398' title='bbox 109 2797 149 2818; x_wconf 82' lang='lat' dir='ltr'>ex</span> <span class='ocrx_word' id='word_1_399' title='bbox 184 2789 327 2830; x_wconf 82' lang='lat' dir='ltr'>pactione</span> <span class='ocrx_word' id='word_1_400' title='bbox 361 2799 431 2830; x_wconf 87' lang='lat' dir='ltr'>quae</span> <span class='ocrx_word' id='word_1_401' title='bbox 458 2800 528 2821; x_wconf 88' lang='lat' dir='ltr'>cum</span> <span class='ocrx_word' id='word_1_402' title='bbox 565 2793 797 2824; x_wconf 77' lang='lat' dir='ltr'>Oroandensibus</span> 
     </span>
     <span class='ocr_line' id='line_1_51' title="bbox 110 2830 795 2874; baseline 0.012 -15"><span class='ocrx_word' id='word_1_403' title='bbox 110 2830 194 2861; x_wconf 78' lang='lat' dir='ltr'>facta</span> <span class='ocrx_word' id='word_1_404' title='bbox 217 2838 404 2863; x_wconf 83' lang='lat' dir='ltr'>memoratur</span> <span class='ocrx_word' id='word_1_405' title='bbox 425 2843 518 2874; x_wconf 83' lang='lat' dir='ltr'>supra</span> <span class='ocrx_word' id='word_1_406' title='bbox 535 2844 563 2865; x_wconf 88' lang='lat' dir='ltr'>c.</span> <span class='ocrx_word' id='word_1_407' title='bbox 580 2836 630 2866; x_wconf 88' lang='lat'>18.</span> <span class='ocrx_word' id='word_1_408' title='bbox 673 2836 715 2866; x_wconf 88' lang='lat' dir='ltr'>Et</span> <span class='ocrx_word' id='word_1_409' title='bbox 738 2836 795 2867; x_wconf 93' lang='lat' dir='ltr'>hoc</span> 
     </span>
     <span class='ocr_line' id='line_1_52' title="bbox 111 2872 795 2918; baseline 0.009 -14"><span class='ocrx_word' id='word_1_410' title='bbox 111 2872 204 2913; x_wconf 82' lang='lat' dir='ltr'>igitur</span> <span class='ocrx_word' id='word_1_411' title='bbox 228 2874 305 2910; x_wconf 84' lang='lat' dir='ltr'>loco,</span> <span class='ocrx_word' id='word_1_412' title='bbox 321 2884 348 2906; x_wconf 75' lang='lat' dir='ltr'>ex</span> <span class='ocrx_word' id='word_1_413' title='bbox 365 2885 392 2905; x_wconf 93' lang='lat' dir='ltr'>c.</span> <span class='ocrx_word' id='word_1_414' title='bbox 409 2876 459 2906; x_wconf 87' lang='lat'>39.</span> <span class='ocrx_word' id='word_1_415' title='bbox 475 2878 682 2918; x_wconf 77' lang='lat' dir='ltr'>reponendam</span> <span class='ocrx_word' id='word_1_416' title='bbox 706 2878 795 2910; x_wconf 80' lang='lat' dir='ltr'>duxi-</span> 
     </span>
    </p>
   </div>
   <div class='ocr_carea' id='block_1_6' title="bbox 838 2407 1527 2876">
    <p class='ocr_par' dir='ltr' id='par_1_7' title="bbox 841 2407 1171 2438">
     <span class='ocr_line' id='line_1_53' title="bbox 841 2407 1171 2438; baseline 0.006 -2"><span class='ocrx_word' id='word_1_417' title='bbox 841 2417 910 2437; x_wconf 83' lang='lat' dir='ltr'>mus</span> <span class='ocrx_word' id='word_1_418' title='bbox 923 2412 954 2437; x_wconf 88' lang='lat' dir='ltr'>et</span> <span class='ocrx_word' id='word_1_419' title='bbox 968 2417 996 2438; x_wconf 95' lang='lat' dir='ltr'>c.</span> <span class='ocrx_word' id='word_1_420' title='bbox 1012 2408 1065 2438; x_wconf 84' lang='lat'>45.</span> <span class='ocrx_word' id='word_1_421' title='bbox 1080 2407 1171 2438; x_wconf 86' lang='lat' dir='ltr'>infra.</span> 
     </span>
    </p>

    <p class='ocr_par' dir='ltr' id='par_1_8' title="bbox 838 2450 1527 2579">
     <span class='ocr_line' id='line_1_54' title="bbox 881 2450 1527 2494; baseline 0.003 -13"><span class='ocrx_word' id='word_1_422' title='bbox 881 2450 923 2482; x_wconf 80' lang='lat'>28</span> <span class='ocrx_word' id='word_1_423' title='bbox 946 2450 1068 2481; x_wconf 75' lang='lat' dir='ltr'>Sociisvc</span> <span class='ocrx_word' id='word_1_424' title='bbox 1090 2473 1099 2481; x_wconf 92' lang='lat'>.</span> <span class='ocrx_word' id='word_1_425' title='bbox 1115 2472 1124 2481; x_wconf 91' lang='lat'>.</span> <span class='ocrx_word' id='word_1_426' title='bbox 1140 2473 1147 2482; x_wconf 93' lang='lat'>.</span> <span class='ocrx_word' id='word_1_427' title='bbox 1170 2451 1317 2491; x_wconf 76' lang='lat' dir='ltr'>earumve]</span> <span class='ocrx_word' id='word_1_428' title='bbox 1356 2451 1407 2482; x_wconf 86' lang='lat' dir='ltr'>Sic</span> <span class='ocrx_word' id='word_1_429' title='bbox 1437 2452 1527 2494; x_wconf 84' lang='lat' dir='ltr'>prisci</span> 
     </span>
     <span class='ocr_line' id='line_1_55' title="bbox 838 2492 1527 2535; baseline 0.003 -12"><span class='ocrx_word' id='word_1_430' title='bbox 838 2492 924 2523; x_wconf 87' lang='lat' dir='ltr'>editi.</span> <span class='ocrx_word' id='word_1_431' title='bbox 979 2493 1185 2525; x_wconf 76' lang='lat' dir='ltr'>Gronovianae</span> <span class='ocrx_word' id='word_1_432' title='bbox 1214 2493 1364 2524; x_wconf 87' lang='lat' dir='ltr'>editiones</span> <span class='ocrx_word' id='word_1_433' title='bbox 1391 2498 1527 2535; x_wconf 76' lang='lat' dir='ltr'>sociisque</span> 
     </span>
     <span class='ocr_line' id='line_1_56' title="bbox 842 2537 1375 2579; baseline 0.004 -13"><span class='ocrx_word' id='word_1_434' title='bbox 842 2558 850 2566; x_wconf 88' lang='lat'>.</span> <span class='ocrx_word' id='word_1_435' title='bbox 868 2559 876 2566; x_wconf 93' lang='lat'>.</span> <span class='ocrx_word' id='word_1_436' title='bbox 893 2558 901 2566; x_wconf 93' lang='lat'>.</span> <span class='ocrx_word' id='word_1_437' title='bbox 917 2546 1087 2577; x_wconf 70' lang='lat' dir='ltr'>eorumque.-</span> <span class='ocrx_word' id='word_1_438' title='bbox 1109 2537 1212 2567; x_wconf 84' lang='lat' dir='ltr'>minus</span> <span class='ocrx_word' id='word_1_439' title='bbox 1227 2537 1375 2579; x_wconf 84' lang='lat' dir='ltr'>apposite.</span> 
     </span>
    </p>

    <p class='ocr_par' dir='ltr' id='par_1_9' title="bbox 839 2578 1526 2834">
     <span class='ocr_line' id='line_1_57' title="bbox 883 2578 1525 2622; baseline 0 -13"><span class='ocrx_word' id='word_1_440' title='bbox 883 2580 925 2610; x_wconf 82' lang='lat'>29</span> <span class='ocrx_word' id='word_1_441' title='bbox 952 2578 1046 2620; x_wconf 81' lang='lat' dir='ltr'>Usque</span> <span class='ocrx_word' id='word_1_442' title='bbox 1073 2581 1112 2610; x_wconf 84' lang='lat' dir='ltr'>ad</span> <span class='ocrx_word' id='word_1_443' title='bbox 1141 2580 1264 2610; x_wconf 77' lang='lat' dir='ltr'>Tanaim</span> <span class='ocrx_word' id='word_1_444' title='bbox 1290 2581 1418 2622; x_wconf 83' lang='lat' dir='ltr'>amnem]</span> <span class='ocrx_word' id='word_1_445' title='bbox 1458 2581 1525 2611; x_wconf 83' lang='lat' dir='ltr'>Iino</span> 
     </span>
     <span class='ocr_line' id='line_1_58' title="bbox 841 2621 1525 2663; baseline 0.001 -11"><span class='ocrx_word' id='word_1_446' title='bbox 841 2621 956 2662; x_wconf 73' lang='lat' dir='ltr'>Halyn,</span> <span class='ocrx_word' id='word_1_447' title='bbox 992 2621 1075 2663; x_wconf 91' lang='lat' dir='ltr'>quod</span> <span class='ocrx_word' id='word_1_448' title='bbox 1118 2628 1200 2654; x_wconf 85' lang='lat' dir='ltr'>recte</span> <span class='ocrx_word' id='word_1_449' title='bbox 1224 2623 1418 2658; x_wconf 61' lang='lat' dir='ltr'>‚Gronovius</span> <span class='ocrx_word' id='word_1_450' title='bbox 1457 2628 1525 2663; x_wconf 89' lang='lat' dir='ltr'>post</span> 
     </span>
     <span class='ocr_line' id='line_1_59' title="bbox 840 2664 1525 2706; baseline -0.001 -11"><span class='ocrx_word' id='word_1_451' title='bbox 840 2664 996 2695; x_wconf 88' lang='lat' dir='ltr'>Budaeum</span> <span class='ocrx_word' id='word_1_452' title='bbox 1019 2668 1190 2697; x_wconf 79' lang='lat' dir='ltr'>annotavit.</span> <span class='ocrx_word' id='word_1_453' title='bbox 1234 2665 1350 2696; x_wconf 80' lang='lat' dir='ltr'>Tanais</span> <span class='ocrx_word' id='word_1_454' title='bbox 1363 2666 1468 2706; x_wconf 85' lang='lat' dir='ltr'>procul</span> <span class='ocrx_word' id='word_1_455' title='bbox 1485 2665 1525 2694; x_wconf 88' lang='lat' dir='ltr'>ab</span> 
     </span>
     <span class='ocr_line' id='line_1_60' title="bbox 840 2706 1524 2748; baseline 0 -11"><span class='ocrx_word' id='word_1_456' title='bbox 840 2706 887 2738; x_wconf 89' lang='lat' dir='ltr'>his</span> <span class='ocrx_word' id='word_1_457' title='bbox 900 2706 1075 2748; x_wconf 74' lang='lat' dir='ltr'>regionibus</span> <span class='ocrx_word' id='word_1_458' title='bbox 1087 2709 1195 2740; x_wconf 84' lang='lat' dir='ltr'>abest..</span> <span class='ocrx_word' id='word_1_459' title='bbox 1227 2709 1325 2740; x_wconf 83' lang='lat' dir='ltr'>Favet</span> <span class='ocrx_word' id='word_1_460' title='bbox 1337 2707 1406 2737; x_wconf 82' lang='lat' dir='ltr'>huie</span> <span class='ocrx_word' id='word_1_461' title='bbox 1419 2717 1524 2738; x_wconf 87' lang='lat' dir='ltr'>emen-</span> 
     </span>
     <span class='ocr_line' id='line_1_61' title="bbox 840 2750 1526 2792; baseline -0.003 -11"><span class='ocrx_word' id='word_1_462' title='bbox 840 2750 959 2781; x_wconf 86' lang='lat' dir='ltr'>dationi</span> <span class='ocrx_word' id='word_1_463' title='bbox 986 2751 1084 2782; x_wconf 84' lang='lat' dir='ltr'>codex</span> <span class='ocrx_word' id='word_1_464' title='bbox 1114 2751 1198 2782; x_wconf 81' lang='lat' dir='ltr'>Vict.</span> <span class='ocrx_word' id='word_1_465' title='bbox 1226 2751 1279 2792; x_wconf 89' lang='lat' dir='ltr'>qui</span> <span class='ocrx_word' id='word_1_466' title='bbox 1309 2750 1402 2780; x_wconf 82' lang='lat' dir='ltr'>habet</span> <span class='ocrx_word' id='word_1_467' title='bbox 1437 2761 1526 2790; x_wconf 79' lang='lat' dir='ltr'>usqae</span> 
     </span>
     <span class='ocr_line' id='line_1_62' title="bbox 839 2794 1130 2834; baseline 0.003 -11"><span class='ocrx_word' id='word_1_468' title='bbox 839 2794 991 2834; x_wconf 75' lang='lat' dir='ltr'>Achanym</span> <span class='ocrx_word' id='word_1_469' title='bbox 1007 2805 1130 2824; x_wconf 83' lang='lat' dir='ltr'>amnem.</span> 
     </span>
    </p>

    <p class='ocr_par' dir='ltr' id='par_1_10' title="bbox 883 2834 1525 2876">
     <span class='ocr_line' id='line_1_63' title="bbox 883 2834 1525 2876; baseline 0.002 -10"><span class='ocrx_word' id='word_1_470' title='bbox 883 2837 951 2866; x_wconf 66' lang='lat'>30*</span> <span class='ocrx_word' id='word_1_471' title='bbox 961 2836 1051 2866; x_wconf 81' lang='lat' dir='ltr'>Recte</span> <span class='ocrx_word' id='word_1_472' title='bbox 1064 2835 1224 2876; x_wconf 73' lang='lat' dir='ltr'>restituito]</span> <span class='ocrx_word' id='word_1_473' title='bbox 1250 2834 1324 2866; x_wconf 81' lang='lat' dir='ltr'>Vid.</span> <span class='ocrx_word' id='word_1_474' title='bbox 1336 2840 1401 2865; x_wconf 70' lang='lat' dir='ltr'>not.</span> <span class='ocrx_word' id='word_1_475' title='bbox 1416 2837 1468 2866; x_wconf 79' lang='lat'>¹24.</span> <span class='ocrx_word' id='word_1_476' title='bbox 1485 2835 1525 2867; x_wconf 79' lang='lat' dir='ltr'>ad</span> 
     </span>
    </p>
   </div>
   <div class='ocr_carea' id='block_1_7' title="bbox 842 2879 1069 2961">
    <p class='ocr_par' dir='ltr' id='par_1_11' title="bbox 842 2879 1069 2961">
     <span class='ocr_line' id='line_1_64' title="bbox 842 2879 1069 2910; baseline 0.004 -1"><span class='ocrx_word' id='word_1_477' title='bbox 842 2879 999 2910; x_wconf 84' lang='lat' dir='ltr'>XXXIV.</span> <span class='ocrx_word' id='word_1_478' title='bbox 1015 2880 1069 2910; x_wconf 85' lang='lat'>35.</span> 
     </span>
     <span class='ocr_line' id='line_1_65' title="bbox 908 2921 1028 2961; baseline 0 -1"><span class='ocrx_word' id='word_1_479' title='bbox 908 2935 930 2960; x_wconf 78' lang='lat' dir='ltr'><strong>B</strong></span> <span class='ocrx_word' id='word_1_480' title='bbox 952 2921 980 2961; x_wconf 92' lang='lat' dir='ltr'>b</span> <span class='ocrx_word' id='word_1_481' title='bbox 1002 2922 1028 2960; x_wconf 67' lang='lat'>2</span> 
     </span>
    </p>
   </div>
  </div>
 </body>
</html>
