1947 3222
512 148 634 186 LIB.
662 145 858 184 XXXVI.
899 145 978 182 CA
993 146 1034 183 P.
1063 147 1198 184 XVII.
1482 152 1555 186 251

155 256 289 313 Pylae,
311 266 352 299 et
373 256 425 298 ab
446 256 552 306 aliis,
573 254 673 311 quia
693 253 838 295 calidae
869 268 993 309 aquae
1021 254 1064 295 in
1094 253 1194 310 ipsis
1223 254 1414 297 faucibus
1444 265 1555 307 sunt,
1570 267 1610 299 U.
1622 267 1659 298 C.
1673 268 1748 298 561.

155 313 452 370 Thermopylae
497 313 612 352 locus
659 310 909 366 adpellatur,
950 311 1099 352 nobilis
1147 310 1748 354 Lacedaemoniorun111·0·19¹·

152 371 351 412 adversus
373 372 519 411 Persas
539 376 671 409 morte
691 367 823 423 magis
844 367 1115 417 memorabili,
1137 382 1264 423 quarn
1284 383 1438 424 pugna.

211 427 335 468 XVI.
369 425 714 480 Haudquaquam
749 424 839 480 pari
874 432 967 465 tum
1002 424 1138 465 animo
1168 424 1419 475 Antiochus,
1449 427 1559 469 intra

152 492 293 539 portas
323 483 399 523 loci
420 482 509 537 ejus
530 481 674 522 castris
702 480 862 537 positis,
883 480 1187 522 munitionibus
1216 481 1386 537 insuper
1407 483 1557 524 saltum

151 539 399 596 inpediebat.
422 547 478 588 et,
501 553 634 594 quum
662 537 820 593 duplici
841 537 949 578 vallo
979 537 1186 593 fossaque,
1209 545 1249 578 et
1278 553 1399 578 muro
1420 539 1558 590 etiam,

153 612 238 651 qua
256 611 320 636 res
346 595 601 651 postulabat,
623 610 674 635 ex
706 594 840 635 multa
869 594 987 650 copia
1016 594 1167 650 passim
1197 594 1426 650 jacentium
1457 595 1559 652 lapi-

151 653 266 702 dum,
307 652 581 708 permunisset
620 651 772 701 omnia‚
810 651 908 693 satis
946 651 1093 701 fidens,
1129 666 1361 707 numquam
1396 668 1444 692 ea
1475 653 1559 693 vim

152 710 389 749 Romanum
409 709 637 749 exercitum
667 709 894 758 facturum,
916 707 1081 749 AEtolos
1101 724 1152 749 ex
1173 716 1355 764 quatuor
1374 708 1560 750 millibus

151 765 232 816 (tot
254 765 363 805 enim
383 768 679 820 convenerant)
710 766 864 820 partim
883 764 977 805 ⁵⁹ad
998 765 1245 805 Heracleam
1272 765 1466 820 praesidio
1485 767 1559 807 ob-

148 821 374 872 tinendam,
415 837 512 878 quae
543 830 637 863 ante
668 822 776 877 ipsas
806 822 946 863 fauces
975 821 1111 877 posita
1138 830 1215 871 est,
1235 822 1388 878 partim
1411 823 1560 878 Hypa-

148 886 232 919 tam
254 878 399 929 mittit,
420 887 461 920 et
484 878 731 919 Heracleam
751 879 866 919 haud
887 879 1042 919 dubius
1063 878 1273 919 consulem
1293 879 1561 935 obpugnatu-

148 950 258 984 rum,
294 943 335 976 et
369 936 459 991 jam
493 935 637 977 multis
676 935 986 985 nunciantibus,
1022 934 1130 976 circa
1165 936 1383 991 Hypatam
1421 937 1561 978 omnia

149 992 341 1033 evastari.
403 992 575 1042 Consul,
608 991 888 1048 depopulatus
919 992 1207 1047 Hypatensem
1237 993 1389 1047 primo,
1411 993 1560 1035 deinde
1574 1005 1701 1036 Cos.ad

153 1048 470 1089 Heracleensem
505 1064 669 1104 agrum,
690 1048 829 1089 inutili
864 1048 1091 1103 utrobique
1125 1047 1282 1089 auxilio
1303 1048 1763 1102 ΔΙῖΕῖοΙοΓιῃῃ,ΤῙῙΘΠὫΟΡΥ·

149 1105 191 1145 in
212 1105 312 1161 ipsis
341 1105 534 1146 faucibus
564 1120 694 1160 prope
724 1105 859 1146 fontes
880 1104 1109 1145 calidarum
1136 1120 1341 1160 aquarum
1362 1091 1630 1148 adversuslas‘

148 1177 289 1217 regem
309 1170 443 1202 castra
462 1163 615 1217 posuit.
676 1161 914 1202 AEtolorum
936 1170 1128 1216 utraeque
1148 1177 1296 1202 manus
1313 1163 1560 1205 Heracleam

149 1234 233 1259 sese
262 1218 531 1259 incluserunt.
593 1217 867 1267 Antiochum,
895 1218 977 1267 cui,
1005 1218 1251 1274 priusquam
1280 1219 1441 1261 hostem
1472 1236 1558 1262 cer·

148 1283 279 1325 neret,
303 1274 400 1315 satis
429 1274 566 1315 omnia
595 1275 835 1330 permunita
864 1283 904 1316 et
934 1274 1140 1330 praesidiis
1170 1276 1344 1331 obsepta
1363 1277 1561 1319 videban-

148 1339 234 1381 tur,
255 1332 381 1373 timor
401 1331 550 1372 deinde
571 1331 750 1382 incessit,
772 1346 822 1371 ne
844 1332 969 1387 quasd
988 1347 1062 1387 per
1088 1332 1332 1373 inminentia
1355 1334 1462 1390 juga
1482 1335 1563 1375 ca]-

146 1388 205 1429 les
225 1388 428 1430 inveniret
455 1388 507 1429 ad
540 1389 761 1430 transitum
785 1390 1011 1429 Romanus.
1042 1404 1138 1430 nam
1159 1397 1200 1430 et
1223 1390 1562 1433 Lacedaemonios

150 1445 361 1499 quondam
400 1445 461 1486 ita
495 1460 519 1486 a
555 1445 691 1486 Persis
726 1444 964 1486 circumitos
998 1445 1111 1487 fama
1144 1454 1258 1494 erat;
1301 1446 1334 1470 ⁶⁰
1347 1456 1387 1489 et
1427 1463 1562 1504 nuper

151 1501 397 1557 Philippum
429 1503 482 1543 ab
508 1501 653 1542 iisdem
675 1501 888 1542 Romanis.
918 1501 1061 1557 itaque
1091 1504 1291 1544 nuncium
1313 1505 1557 1546 Heracleam

149 1558 203 1599 ad
224 1557 391 1599 AEtolos
411 1558 556 1608 mittit,
578 1566 626 1599 ut
653 1559 759 1599 hanc
783 1558 928 1599 saltem
959 1558 1035 1599 sibi
1056 1575 1224 1615 operam
1245 1575 1293 1600 eo
1321 1560 1431 1601 bello
1451 1577 1560 1617 prae-

150 1624 320 1665 starent,
338 1623 386 1656 ut
406 1615 580 1656 vertices
596 1615 705 1656 circa
723 1616 929 1656 montium
949 1625 1201 1672 occuparent
1221 1616 1557 1673 obsiderentque,

149 1687 200 1712 ne
222 1687 306 1727 qua
333 1672 506 1713 transire
532 1673 746 1713 Romanus
776 1680 926 1728 posset.
988 1673 1084 1713 Hoc
1112 1674 1265 1717 nuncio
1295 1674 1455 1724 audito,
1478 1675 1560 1716 dis-

150 1729 282 1769 sensio
311 1728 419 1769 inter
440 1728 606 1770 AEtolos
635 1738 727 1770 orta
756 1737 832 1770 est.
862 1744 959 1785 pars
988 1729 1162 1785 imperio
1191 1731 1422 1786 parendum
1450 1732 1559 1787 regis

148 1794 276 1840 atque
312 1786 497 1826 eundum
532 1786 766 1836 censebant,
789 1801 884 1841 pars
921 1785 1230 1828 subsistendum
1260 1788 1475 1829 Heracleae
1505 1789 1559 1829 ad

148 1850 372 1898 utramque
400 1842 636 1883 fortunam:
670 1851 733 1893 ut,
756 1843 840 1884 sive
860 1842 997 1884 victus
1026 1858 1051 1883 a
1074 1844 1241 1885 consule
1270 1860 1342 1885 rex
1374 1853 1494 1896 esset,
1516 1846 1559 1886 in

148 1899 343 1954 expedito
378 1899 578 1940 haberent
612 1899 795 1955 integras
825 1899 963 1955 copias
992 1900 1046 1940 ad
1075 1915 1195 1956 opem
1226 1901 1472 1957 propinquis
1501 1902 1561 1943 fe-

147 1955 319 1996 rendam
348 1955 588 1997 civitatibus
619 1956 730 2004 suis3
764 1956 848 1997 sive
868 1956 1065 2007 vinceret,
1095 1965 1143 1998 ut
1173 1957 1392 2014 dissipatos
1422 1958 1463 1999 in
1494 1960 1560 2000 fu-

148 2027 244 2067 gam
276 2013 485 2053 Romanos
520 2022 881 2068 persequerentur.
942 2014 1138 2069 Utraque
1167 2030 1263 2070 pars
1292 2030 1374 2055 non
1408 2016 1558 2057 mansit

149 2068 272 2109 modo
307 2069 349 2109 in
384 2069 584 2110 sententia
616 2085 704 2120 sua,
736 2070 806 2111 sed
842 2070 966 2111 etiam
1002 2079 1198 2111 exsecuta
1231 2080 1292 2112 est
1327 2072 1557 2113 consilium.

150 2124 235 2166 duo
280 2125 410 2166 millia
450 2126 667 2167 Heracleae
707 2127 1008 2168 substiterunt:
1061 2127 1146 2168 duo
1185 2128 1386 2168 trifariam
1427 2129 1560 2169 divisa

152 2182 468 2232 Callidromum,
500 2191 541 2224 et
580 2183 882 2234 Rhoduntiam,
914 2194 955 2225 et
988 2183 1217 2225 Tichiunta
1253 2185 1361 2237 (haec
1392 2186 1560 2227 nomina

149 2239 433 2281 cacuminibus
454 2241 570 2294 sunt)
591 2241 859 2296 occupavere.

208 2296 360 2337 XVII.
395 2296 554 2337 Consul
583 2306 807 2353 postquam
836 2297 990 2339 insessa
1019 2299 1232 2354 superiora
1252 2299 1341 2340 loca
1368 2300 1420 2340 ab
1442 2299 1560 2341 AEto-

152 2351 202 2392 lis
236 2352 355 2403 vidit,
388 2354 451 2394 M.
475 2354 671 2394 Porcium
709 2355 910 2395 Catonem
945 2362 985 2395 et
1022 2355 1073 2394 L.
1097 2355 1309 2396 Valerium
1346 2356 1558 2408 Flaccum,

152 2407 183 2430 ⁶¹
198 2410 428 2451 consulares
460 2410 632 2465 legatos,
664 2426 759 2451 cum
793 2411 901 2451 binis
935 2411 1120 2452 millibus
1154 2412 1410 2454 delectorum
1445 2413 1561 2469 pedi-

155 2472 276 2515 tum‘,
308 2466 362 2507 ad
394 2467 562 2508 castella
595 2466 850 2516 AEtolorum,
883 2467 1082 2508 Flaccum
1117 2470 1160 2509 in
1194 2469 1483 2511 Rhoduntiam
1520 2479 1559 2512 et

503 2556 520 2579 d
534 2567 600 2597 quos
614 2557 711 2588 Gron.
728 2557 819 2588 CreV.
947 2561 962 2578 θ
976 2557 1102 2587 militum
1118 2557 1205 2587 Eaed.

192 2633 232 2663 59
255 2635 302 2664 Ad
328 2635 499 2668 Heracleam
515 2661 524 2669 .
548 2661 556 2669 .
581 2661 588 2669 .
605 2639 684 2679 quar]
710 2637 832 2669 Relati-
919 2640 957 2669 61
985 2639 1154 2670 Consulares
1177 2640 1298 2681 legatos]
1324 2638 1367 2669 Hi
1383 2644 1413 2669 et
1429 2639 1467 2669 ab
1484 2639 1560 2670 Plu-

153 2685 225 2721 yum
243 2688 318 2722 'quoe
343 2679 446 2721 scripti
473 2681 626 2711 omittunt.
685 2682 726 2711 Et
754 2681 832 2711 illud
875 2682 991 2717 tarcho,
1007 2688 1037 2712 et
1062 2683 1101 2712 ab
1123 2682 1270 2724 Appiano
1291 2682 1403 2712 tribuni
1426 2681 1558 2712 rnilitum

152 2718 282 2758 mtelhgi
302 2719 453 2752 interdum
480 2725 599 2754 mavult
622 2724 738 2755 Livius.
782 2724 832 2754 Sic
876 2724 1029 2755 (licuntur.
1074 2726 1114 2755 Et
1138 2725 1220 2766 apud
1237 2725 1418 2756 Ciceronem
1438 2735 1560 2765 quoque

152 2765 183 2789 et
222 2761 386 2802 Virgilius:
440 2765 492 2796 Est
532 2768 618 2802 locus,
661 2767 832 2806 Hesperium
876 2766 928 2798 lib.
946 2768 984 2798 de
999 2769 1070 2797 Sen.
1088 2778 1118 2798 n.
1133 2767 1289 2798 32.'Cato
1311 2766 1386 2797 dicit
1409 2777 1440 2797 se
1462 2767 1557 2798 tribu—

154 2802 241 2832 Graii
255 2808 418 2845 cognomine
432 2810 544 2839 dicunt.
876 2820 949 2841 num
974 2810 1106 2842 militum
1137 2811 1327 2852 depugnasse
1352 2809 1435 2851 apud
1463 2809 1558 2842 Ther-

195 2847 235 2876 60
260 2846 299 2876 Et
327 2859 419 2887 nuper
441 2850 626 2892 Philippum]
654 2851 705 2882 Ad
731 2853 830 2883 Aoum
875 2853 1024 2895 mopylas.

152 2898 282 2919 amnem.
