1947 3222
99 259 136 289 U.
151 257 189 290 C.
203 255 277 289 557.

314 132 401 172 166-
851 133 996 187 'UTI
1044 133 1222 172 L1V11

312 241 374 284 ita
378 241 548 297 futura,
570 241 688 284 daret
707 242 896 298 quinque,
913 258 1008 298 quos
1029 245 1270 298 imperatori
1283 244 1473 285 Romano
1485 244 1749 298 placuisset‚·.

101 301 140 332 A.
154 300 192 332 C·
208 301 280 332 195.
294 300 438 353 filium
459 300 505 340 in
521 299 587 341 his
604 313 736 342 suum.-
767 306 806 341 et
825 299 1022 342 2Θιιιῑεηία
1043 308 1196 343 centum
1216 302 1381 356 argenti
1401 302 1675 355 inpraesenti,
1696 309 1736 342 et

99 416 173 447 Non
187 416 256 457 pla-

99 464 171 489 cent
185 458 246 489 illae

102 501 233 532 Nabidi.

103 989 215 1030 Neque
231 989 291 1019 La-

101 1031 251 1078 0011311110-

99 1084 169 1105 nus.

106 2130 222 2160 Parant
238 2137 269 2158 50

108 2172 146 2203 ad
162 2172 290 2202 bellum.

314 357 614 411 quinquaginta
633 359 792 398 talenta
812 358 856 398 in
876 359 1056 412 singulos
1074 373 1202 399 annos
1216 373 1294 412 per
1315 373 1442 400 annos
1463 366 1560 399 octo.

373 414 602 455 XXXVI.
634 415 742 456 Haec
771 414 1019 471 conscripta,
1047 415 1193 457 castris
1218 415 1392 479 propius
1419 416 1564 457 urbem
1594 416 1734 480 motis,

316 470 660 513 Lacedaemonem
689 471 931 512 mittuntur.
962 486 1039 512 nec
1069 487 1164 513 sane
1196 471 1430 529 quidquam
1460 488 1603 514 eorum
1635 473 1737 514 satis

313 527 506 585 placebat
535 536 737 593 tyranno:
784 526 862 568 nisi
893 527 1023 583 quod,
1054 537 1208 584 praeter
1237 544 1367 594 spem,
1397 529 1732 571 reducendorum

315 585 510 626 exsulum
539 584 697 625 mentio
725 583 843 625 nulla
871 583 984 626 facta
1017 593 1118 627 erat.
1161 586 1343 627 maxime
1372 594 1513 627 autem
1548 586 1735 627 omnium

316 657 365 683 ea
402 657 468 682 res
507 640 777 691 obfendebat,
813 640 931 696 quod
964 648 1006 682 et
1040 656 1181 693 naves,
1216 650 1257 684 et
1292 643 1512 684 maritimae
1547 643 1738 684 civitates

315 698 493 739 ademtae
514 705 644 739 erant.
705 698 865 738 Fuerat
895 706 1036 739 autem
1061 698 1098 740 ei
1128 713 1280 754 magno
1309 699 1470 741 fructui
1499 715 1627 750 mare,
1649 715 1737 741 om-

316 770 410 796 nem
445 769 560 795 oram
601 754 778 796 Maleaev
808 754 1071 819 praedatoriis
1110 755 1288 797 navibus
1321 755 1514 797 infestam
1549 756 1733 798 habenti.

309 812 579 874 juventutem
608 819 823 875 praeterea
861 811 1095 853 civitatium
1134 827 1276 853 earum
1312 812 1368 853 ad
1397 812 1736 868 supplementum

309 857 438 924 longe
472 868 620 924 optimi
654 883 817 932 genens
851 867 1033 910 militum
1067 868 1262 911 habebat.
1336 869 1428 910 Has
1462 869 1735 934 conditiones,

316 940 574 981 quamquam
605 925 694 982 ipse
728 940 772 966 1n
807 933 963 967 secreto
995 925 1259 967 volutaverat
1288 940 1385 967 cum
1417 926 1574 977 amicis,
1606 926 1738 982 vulgo

317 990 456 1023 tamen
485 997 628 1023 omnes
655 982 769 1024 fama
796 982 1001 1032 ferebant,
1032 982 1202 1034 ²⁹vanis,
1229 991 1277 1024 ut
1305 982 1359 1023 ad
1386 991 1565 1024 ceteram
1595 982 1738 1034 fidem,

317 1039 374 1080 510
403 1038 457 1080 ad
487 1047 646 1081 secreta
674 1039 868 1104 tegenda,
891 1039 1118 1081 satellitum
1148 1039 1359 1095 regiorum
1390 1039 1578 1095 ingeniis.
1640 1039 1738 1081 Non

316 1104 402 1137 tam
423 1096 563 1137 omnia
582 1097 683 1137 univ
686 1096 781 1147 ersi,
802 1111 930 1152 quam
951 1111 1014 1146 ea,
1036 1112 1133 1152 quae
1153 1097 1208 1137 ad
1232 1111 1444 1160 quemque
1464 1096 1737 1160 pertinerent,

315 1152 468 1209 singuli
489 1153 728 1210 carpebant.
760 1153 835 1208 qui
856 1152 1048 1194 exsulum
1070 1153 1269 1216 conjuges
1297 1168 1340 1193 111
1370 1153 1634 1194 matrimonio
1663 1153 1736 1194 hap

313 1210 486 1261 bebant,
506 1219 580 1252 aut
611 1225 661 1251 ex
692 1210 811 1251 bonis
841 1225 985 1250 eorum
1015 1209 1176 1266 aliquid
1205 1209 1489 1273 possederant,
1519 1218 1735 1266 tamquam

315 1266 522 1316 amissuri,
543 1282 625 1308 non
655 1265 878 1317 reddituri,
900 1266 1240 1322 indignabantur.
1272 1282 1362 1308 sert
1365 1282 1399 1308 1s
1422 1266 1608 1308 liberatis
1628 1282 1653 1307 a
1673 1275 1739 1323 ty-

314 1339 446 1365 ranno
479 1339 562 1364 non
592 1323 712 1365 irrita
740 1323 865 1365 modo
899 1323 1047 1365 futura
1081 1323 1267 1374 libertas,
1305 1323 1377 1364 sed
1407 1323 1542 1364 multo
1569 1323 1737 1373 foedior,

316 1396 442 1436 quam
470 1381 618 1422 fuisset
646 1388 757 1430 ante,
789 1380 968 1421 servitus
997 1380 1309 1422 redeuntibus
1300 1395 1343 1421 m
1372 1379 1576 1421 iratorum
1606 1379 1739 1421 domi-

316 1452 466 1479 norum
515 1445 764 1500 potestatem
806 1445 902 1478 ante
946 1437 1088 1478 oculos
1129 1437 1277 1478 observ
1280 1437 1443 1478 abatur.
1494 1436 1738 1478 mercenarii

316 1494 469 1536 milites
498 1502 539 1535 et
571 1493 706 1557 pretia
737 1492 897 1534 militiae
929 1508 1076 1534 casura
1107 1493 1149 1535 in
1179 1509 1281 1550 pace
1316 1508 1426 1549 aegre
1457 1493 1664 1543 ferebant,
1696 1500 1739 1534 et

315 1551 498 1592 reditum
521 1550 599 1592 sibi
620 1550 784 1592 nullum
805 1565 891 1591 esse
921 1550 963 1591 in
990 1550 1180 1592 civitates
1209 1550 1424 1601 videbant,
1444 1549 1626 1591 infensas
1654 1564 1739 1591 non

317 1608 506 1663 tyrannis
528 1607 676 1662 magis,
699 1622 825 1663 quam
849 1607 1099 1649 satellitibus
1120 1623 1276 1648 eorum.

374 1665 630 1705 XXXVII.
664 1665 770 1705 Haec
806 1663 914 1705 inter
949 1679 991 1705 se
1020 1664 1157 1720 primo
1184 1664 1227 1704 in
1258 1663 1423 1705 circulis
1451 1672 1632 1706 serentes
1659 1663 1740 1705 fre-

314 1736 449 1762 mere:
483 1720 634 1761 deinde
664 1721 718 1761 ad
747 1735 862 1761 arma
890 1721 1031 1762 subito
1058 1720 1357 1762 discurrerunt.
1420 1721 1515 1771 Quo
1547 1720 1738 1763 tumultu

316 1793 450 1842 quum
471 1793 545 1834 per
567 1793 608 1818 se
630 1778 729 1819 satis
744 1777 950 1818 irritatam
972 1777 1289 1819 multitudinem
1309 1786 1494 1818 cerneret
1517 1785 1736 1834 tyrannus,

316 1835 553 1876 concionem
575 1834 768 1876 advocari
783 1834 923 1890 jussit
947 1833 1019 1875 ubi
1041 1849 1173 1890 quum
1196 1849 1257 1885 ea,
1275 1850 1372 1890 quae
1393 1834 1739 1890 imperarentura

319 1891 534 1941 Romanis,
557 1891 831 1947 exposuisset,
854 1899 895 1932 et
915 1891 1107 1946 graviora
1128 1899 1255 1947 atque
1286 1891 1521 1955 indigniora
1541 1890 1735 1946 quaedam

316 1949 421 1990 falso
441 1947 697 1998 adfinxisset,
715 1956 757 1989 et
777 1946 831 1988 ad
848 1947 1025 2003 singula.
1042 1963 1153 1989 nunc
1170 1948 1223 1989 ab
1244 1963 1343 1989 univ
1347 1963 1461 1998 ers1s‚
1478 1963 1589 1989 nunc
1605 1963 1630 1988 a
1645 1962 1739 2003 par-

318 2006 432 2047 tibus
453 2004 674 2055 concionis,
696 2004 1054 2054 ³⁰adclamaretur‚
1071 2014 1309 2061 interrotr‘u
1312 2013 1359 2055 it
1383 2004 1496 2054 Quid
1513 2019 1554 2045 se
1574 2018 1738 2058 respon-

317 2064 410 2103 clem
425 2064 481 2102 αι]
493 2077 555 2111 ea,
574 2068 644 2102 aut
660 2063 772 2117 quid
772 2063 908 2111 facere
920 2062 1080 2102 vellent.
1077 2064 1095 2091 9
1119 2063 1258 2118 Prope
1273 2077 1357 2104 una
1370 2077 1470 2125 voce
1483 2077 1639 2112 omnes,
1659 2061 1738 2102 Νι-

315 2120 377 2160 hel
391 2121 645 2173 mspondere,
663 2120 802 2160 bellum
812 2120 920 2172 geri,
932 2119 1162 2174 jusserunt.
1180 2127 1220 2159 et
1237 2135 1314 2175 pro
1331 2135 1372 2160 se
1389 2118 1584 2175 quisque,
1599 2118 1740 2173 qualia

316 2175 547 2218 multitudo
568 2176 685 2226 solet,
707 2177 865 2218 bonum
887 2176 1071 2217 animum
1095 2176 1262 2226 habere,
1284 2184 1325 2217 01
1352 2176 1458 2217 bene
1480 2190 1643 2239 sperare
1667 2175 1738 2238 ju-

313 2234 473 2283 11011105,
479 2233 619 2287 fortes
631 2235 852 2287 fortunam
883 2232 1093 2287 adjuvare,
1125 2232 1302 2274 aiebant.
1365 2233 1446 2274 His
1476 2231 1647 2273 vocibus
1677 2247 1738 2272 111-

316 2291 469 2332 citatus
483 2298 528 2345 ty
534 2305 701 2341 rannus,
716 2299 758 2332 et
775 2290 1036 2332 Antiochum
1053 2290 1304 2346 AEtolosque
1320 2290 1540 2353 adjuturos
1553 2303 1737 2345 pronun-

316 2349 423 2393 ciat;
456 2356 497 2388 <t
519 2348 595 2389 sibi
627 2348 682 2388 ad
712 2347 969 2389 obsidionem
1001 2346 1284 2388 sustinendam
1316 2361 1528 2411 copiarum
1559 2345 1734 2387 adfatim

317 2420 415 2446 0550.
479 2404 705 2446 Exciderat
736 2405 850 2467 pacis
880 2405 1036 2445 mentio
1063 2420 1113 2445 ex
1136 2403 1321 2444 omnium
1343 2404 1504 2452 animis,
1526 2410 1566 2443 ct
1593 2401 1632 2442 in
1656 2410 1737 2444 sta-

319 2463 451 2503 tiones
482 2476 563 2502 non
594 2461 706 2502 ultra
736 2461 921 2516 quietuli
955 2461 1208 2502 discurrunt.
1270 2461 1506 2502 Paucorum
1539 2459 1738 2500 lacessen-

320 2519 424 2561 tium
445 2517 636 2559 excursio
664 2527 706 2560 et
727 2533 874 2559 emissa
896 2518 1040 2575 jacula
1069 2517 1280 2573 extemplo
1299 2523 1362 2559 ct¹¹
1383 2515 1584 2558 Romanis
1613 2516 1738 2558 dubi-

660 2620 676 2646 Ρ
691 2629 708 2647 α
726 2617 823 2648 Malea
839 2618 937 2649 Gron.
953 2617 1043 2649 Crev.
1151 2620 1168 2645 ‘3
1183 2623 1209 2648 et
1226 2616 1288 2648 del.
1302 2616 1389 2648 Eaed.

362 2716 402 2745 28
428 2714 549 2745 Talaum
574 2721 690 2746 centum
711 2714 843 2755 argenti]
879 2715 1007 2745 Marcas
1049 2714 1126 2745 etin
1149 2713 1258 2745 ceteris
1277 2713 1376 2749 rebus,
1393 2718 1424 2743 et
1439 2713 1600 2755 speciatim
1625 2713 1664 2745 ad
1688 2723 1736 2744 ar-

322 2764 470 2788 nostrates
492 2759 587 2790 9:375.
633 2758 870 2804 Quinquaginta
883 2758 1004 2787 talenta.
1048 2768 1129 2789 cana
1142 2756 1284 2798 tegenda

322 2801 450 2830 Marcus
464 2802 558 2831 4687.
573 2811 643 2832 curn
658 2806 789 2842 quatuor
803 2799 911 2830 unciis.
1089 2801 1132 2831 30
1170 2800 1406 2840 Acclanmrctm]
1453 2799 1512 2830 Per
1549 2798 1733 2841 indignatio-

363 2844 546 2885 29⁸·V1mis]
579 2846 684 2881 Quum
711 2843 877 2874 satellitum
905 2842 1002 2883 regio·
1048 2854 1128 2875 nem.

323 2896 386 2916 rum
411 2885 530 2927 ingenia
559 2898 646 2918 vana:
673 2892 703 2918 ct
726 2886 814 2918 fluxae
839 2885 908 2917 fidei
932 2885 1003 2919 sint,
