1947 3222
521 136 554 173 L
571 135 587 172 1
606 134 647 173 Β.
675 133 762 171 XL.
810 135 889 172 CA
905 135 946 173 P.
976 133 1134 171 XXIII.
1455 135 1529 174 475

121 246 299 287 maxime
339 254 542 295 metuens,
574 259 672 299 quae
711 241 910 284 caniculae
949 249 1046 282 ortu
1087 241 1234 282 similia
1271 240 1721 282 brumalibusu.c.571.

122 311 252 344 erant.
283 302 427 344 multis
455 316 529 357 per
550 315 618 341 eos
643 300 732 342 dies
761 297 1078 340 difficultatibus
1108 297 1382 348 conflictatus,
1403 297 1532 339 nihilo
1543 291 1583 322 A.
1598 292 1636 323 C.
1652 291 1723 322 ¹⁸¹·

120 359 281 400 laetiora
301 360 343 400 in
364 357 507 400 castris
527 357 702 398 invenit:
736 356 808 397 ubi
831 370 992 397 summa
1021 354 1197 410 penuria
1217 362 1318 404 erat,
1341 363 1389 396 ut
1409 354 1450 394 in
1472 370 1534 407 re-

119 416 257 472 gione,
279 431 405 472 quam
435 414 488 455 ab
508 414 619 455 omni
649 422 769 470 parte
800 411 1044 454 solitudines
1067 409 1320 452 clauderent.
1383 411 1533 466 Itaque

120 487 253 514 unum
275 480 438 514 tantum
465 480 652 512 moratus
671 470 797 520 diem,
819 468 972 526 quietis
993 483 1135 509 eorum
1157 481 1316 515 caussa,
1338 482 1444 521 quos
1463 468 1535 507 ha-

119 529 269 571 buerat
290 543 444 578 secum,
465 527 613 569 itinere
634 527 731 568 inde
752 527 876 568 simili
896 526 1012 581 fugae
1032 525 1074 565 in
1091 522 1386 565 Dentheletosc
1406 532 1536 564 trans-

121 585 263 627 currit.
326 585 434 626 Socii
455 593 596 626 erant:
630 584 701 626 sed
731 591 903 640 propter
923 582 1106 638 inopiam
1135 579 1251 636 haud
1272 594 1389 621 secus
1409 594 1535 635 quam

120 641 304 683 hostium
352 642 454 683 fines
496 641 748 682 Macedones
794 639 987 697 populati
1028 646 1137 680 sunt.
1188 636 1388 693 rapiendo
1428 635 1537 677 enim

119 697 273 754 passim
293 697 413 740 villas
438 698 638 755 primum,
662 698 757 739 dein
777 697 981 753 quosdam
1003 695 1114 736 vicos
1134 695 1259 737 etiam
1281 701 1537 742 evastarunt,

120 770 203 796 non
239 755 326 796 sine
361 770 513 811 magno
546 755 709 812 pudore
742 753 867 811 regis,
896 768 1028 809 quum
1065 752 1270 793 sociorum
1305 765 1439 798 voces,
1469 765 1539 790 ne-

120 811 354 868 quidquam
376 813 489 854 Deos
516 811 683 853 sociales
712 826 946 867 nomenque
977 825 1101 850 suum
1130 808 1399 866 inplorantes,
1421 807 1540 848 audi-

121 876 198 910 ret.
259 869 492 910 Frumento
511 868 608 910 inde
629 869 808 919 sublato,
829 869 873 909 in
898 866 1122 908 Maedieam
1143 879 1354 921 regressus
1374 864 1537 913 urbem,

121 940 250 981 quam
272 926 443 967 Petram
464 925 692 982 adpellant,
714 927 960 982 obpugnare
980 931 1042 964 est
1063 923 1248 964 adortus.
1279 921 1367 977 ipse
1387 936 1411 961 a
1431 935 1539 961 cam-

120 982 250 1038 pestri
271 982 391 1024 aditu
413 991 549 1024 castra
567 983 719 1039 posuit.
781 983 979 1023 Perseum
1001 980 1134 1021 filium
1156 995 1251 1021 cum
1271 977 1435 1019 modica
1454 992 1540 1018 ma-

121 1053 180 1080 nu
211 1038 494 1089 circummisit,
525 1048 574 1082 ut
606 1055 632 1081 a
666 1039 951 1096 superioribus
985 1037 1086 1078 locis
1115 1037 1261 1078 urbem
1294 1034 1540 1090 adgredere-

122 1103 204 1137 tur.
253 1095 480 1152 Oppidani,
503 1112 635 1152 quum
658 1104 791 1138 terror
812 1094 1000 1150 undique
1020 1094 1208 1143 instaret,
1230 1091 1447 1133 obsidibus
1468 1090 1538 1131 da-

123 1152 192 1202 tis,
213 1152 257 1193 in
291 1153 512 1209 praesentia
541 1153 793 1194 dediderunt
825 1166 922 1193 sese.
954 1150 1095 1201 iidem,
1126 1158 1350 1206 postquam
1385 1147 1539 1188 exerci-

121 1216 190 1250 tus
216 1210 398 1260 recessit,
420 1209 540 1252 obliti
570 1209 779 1259 obsidum,
802 1208 946 1249 relicta
975 1207 1093 1257 urbe,
1116 1207 1158 1247 in
1189 1206 1279 1247 loca
1307 1205 1470 1246 munita
1496 1213 1537 1245 et

122 1274 282 1307 montes
321 1266 582 1322 refugerunt.
644 1266 882 1322 Philippus,
917 1264 1030 1305 omni
1069 1278 1220 1320 genere
1259 1262 1412 1304 laboris
1452 1261 1538 1303 sine

122 1321 209 1363 ullo
229 1323 380 1365 effectu
400 1323 587 1379 fatigatis
607 1323 824 1372 militibus,
847 1330 887 1363 et
908 1320 1058 1362 fraude
1084 1321 1276 1377 praetoris
1297 1319 1422 1360 Didae
1443 1334 1539 1360 auc-

124 1379 178 1420 tis
197 1379 239 1420 in
261 1379 396 1420 filium
418 1380 737 1436 suspicionibus,
760 1378 1051 1420 Macedoniam
1073 1377 1209 1419 rediit.

181 1436 374 1477 XXIII.
408 1437 568 1478 Missus
596 1437 664 1478 hic
695 1452 844 1486 comes,
873 1435 940 1488 (ut
971 1445 1067 1477 ante
1097 1434 1256 1475 dictum
1292 1436 1374 1489 est)
1407 1449 1540 1489 quum

125 1493 434 1548 simplicitatem
458 1494 626 1550 juvenis
646 1493 817 1543 incauti,
840 1501 881 1534 et
903 1492 987 1533 suis
1016 1491 1132 1533 haud
1160 1491 1354 1532 inmerito
1375 1505 1542 1531 succen-

124 1549 264 1599 sentis,
286 1549 543 1592 adsentando
569 1550 909 1607 indignandoque
930 1558 971 1591 et
1001 1549 1090 1606 ipse
1111 1548 1242 1589 vicem
1273 1548 1377 1604 ejus,
1399 1555 1539 1603 capta-

125 1614 204 1656 ret,
225 1606 269 1647 in
299 1607 437 1648 omnia
465 1607 578 1649 ultro
608 1623 725 1649 suam
755 1607 947 1648 obferens
976 1621 1159 1662 operam,
1181 1605 1263 1646 fide
1293 1605 1405 1654 data,
1428 1619 1540 1644 arca-

126 1677 180 1704 na
200 1664 291 1720 ejus
320 1663 473 1705 elicuit.
536 1665 701 1721 Fugam
731 1665 786 1705 ad
808 1665 1019 1705 Romanos
1041 1662 1283 1703 Demetrius
1312 1660 1541 1702 meditaba-

126 1728 208 1760 tur.
240 1720 308 1762 cui
333 1721 502 1762 consilio
531 1721 701 1778 adjutor
722 1722 863 1762 Deum
893 1719 1093 1761 beneficio
1122 1719 1289 1760 oblatus
1319 1717 1541 1758 videbatur

126 1776 306 1818 PaeonIae
340 1787 510 1834 praetor,
540 1794 615 1832 per
649 1779 771 1835 cujus
802 1777 1056 1834 provinciam
1092 1791 1206 1832 spem
1237 1783 1402 1832 ceperat
1433 1774 1541 1815 elabi

126 1841 220 1875 tuto
246 1849 378 1891 posse.
440 1836 536 1876 Hoc
565 1835 781 1877 consilium
801 1834 1011 1891 extemplo
1032 1842 1072 1875 et
1102 1833 1224 1875 fratri
1253 1831 1462 1889 proditur,
1484 1842 1541 1881 et,

126 1899 295 1932 auctore
315 1908 378 1941 eo,
400 1891 609 1933 indicatur
633 1893 756 1948 patri.
817 1892 976 1933 Literae
1006 1891 1189 1948 primum
1210 1890 1264 1931 ad
1284 1888 1542 1930 obsidentem

128 1947 297 1988 Petram
327 1948 478 1990 adlatae
509 1958 617 1990 sunt.
649 1948 746 1989 inde
769 1948 1015 1990 Herodorus
1049 1947 1261 2003 (princeps
1296 1946 1364 1987 hic
1394 1945 1545 1986 amico-

127 2018 221 2044 rum
243 2005 447 2048 Demetrii
467 2008 576 2060 erat)
598 2005 640 2047 in
662 2006 894 2047 custodiam
915 2013 976 2046 est
997 2005 1223 2060 conjectus,
1241 2011 1282 2044 et
1304 2001 1544 2043 Demetrius
1559 2009 1737 2041 Demetrius

128 2059 437 2103 dissimulanter
465 2062 674 2104 adservari
704 2063 859 2118 jussus.
921 2063 1028 2103 Haec
1058 2075 1183 2116 super
1212 2068 1350 2101 cetera
1384 2058 1544 2100 tristem
1557 2053 1662 2127 fRugam
1675 2052 1715 2082 ad

130 2115 357 2159 adventum
383 2119 426 2159 in
459 2118 750 2160 Macedoniam
780 2119 869 2175 regi
899 2119 1100 2160 fecerunt.
1131 2117 1355 2158 movebant
1386 2130 1482 2156 eum
1503 2123 1546 2156 et
1559 2105 1736 2170 mgffifficl'fr

129 2175 351 2229 praesentia
380 2175 577 2217 crimina:
610 2176 910 2232 exspectandos
930 2184 1083 2225 tamen,
1105 2189 1212 2230 quos
1241 2173 1295 2215 ad
1328 2172 1547 2229 exploran-

131 2229 187 2271 da
225 2232 365 2273 omnia
406 2232 582 2273 Romam
622 2233 804 2282 miserat,
846 2233 1049 2274 censebat.
1127 2230 1208 2272 His
1248 2229 1397 2271 anxius
1436 2228 1547 2270 curis

131 2301 265 2342 quum
285 2288 444 2345 aliquot
476 2304 634 2330 menses
655 2288 820 2345 egisset,
841 2290 1009 2331 tandem
1039 2288 1181 2344 legati,
1198 2288 1286 2344 jam
1317 2295 1412 2327 ante
1441 2300 1548 2341 prae-

134 2345 345 2387 meditatis
373 2346 415 2387 in
447 2345 710 2397 Macedonia,
733 2361 829 2401 quae
859 2347 912 2388 ab
935 2346 1071 2387 Roma
1099 2344 1405 2393 renunciarent,
1426 2356 1547 2382 vene-

133 2409 244 2442 runt.
275 2403 366 2458 qui,
397 2417 522 2459 super
556 2412 693 2444 cetera
727 2403 896 2453 scelera,
923 2403 1048 2444 falsas
1082 2401 1207 2443 etiam
1241 2400 1396 2450 literas,
1428 2398 1549 2453 signo

134 2456 368 2501 adulterino
405 2461 458 2501 T.
487 2458 677 2508 Quinctii
719 2459 915 2514 signatas,
951 2458 1223 2507 reddiderunt
1263 2457 1364 2512 regi.
1423 2455 1547 2495 7⁹De-

135 2514 318 2569 precatio
346 2525 434 2559 erat
463 2517 505 2558 in
536 2516 681 2566 literis,
704 2516 737 2557 si
764 2515 868 2571 quid
896 2515 1147 2565 adolescens,
1168 2513 1400 2569 cupiditate
1429 2511 1545 2566 regni

517 2618 532 2635 c
550 2614 735 2644 Dentheletos
751 2613 849 2645 Gron.
873 2613 1061 2644 Dantheletas
1076 2614 1166 2642 Crev.

182 2714 223 2744 79
258 2713 430 2752 Deprecatio
459 2722 521 2746 erat
559 2717 590 2746 in
618 2716 737 2756 litteris]
783 2716 822 2746 In
865 2715 915 2747 do.
973 2714 1183 2757 Apposuimus
1215 2708 1441 2742 distinctionem
1477 2716 1548 2746 quae

142 2755 179 2786 iis
206 2755 315 2786 litten's
344 2756 528 2797 precabatur
549 2758 586 2789 T.
604 2758 752 2795 Quintius
776 2769 821 2789 re-
865 2758 964 2789 finiret
989 2767 1112 2788 sensum
1139 2760 1207 2796 post
1234 2754 1300 2782 haec
1329 2751 1424 2781 verba
1454 2759 1548 2794 secum·

141 2808 222 2839 gem,
249 2804 284 2829 ut
307 2798 476 2838 ignosceret
500 2800 669 2837 Demetrio,
695 2800 720 2830 si
747 2801 820 2841 quid
864 2803 979 2842 egisset.-
1013 2800 1085 2840 quia
1111 2798 1198 2829 nobis
1226 2796 1283 2825 hoc
1309 2793 1399 2825 modo
1424 2801 1547 2822 concin-

144 2840 321 2872 adolescens
350 2840 518 2883 cupiditate
550 2843 634 2883 regni
664 2843 823 2884 prolapsus
867 2844 932 2874 nior
947 2844 1008 2875 fore
1021 2841 1117 2873 oratio
1132 2839 1304 2870 videbatur.

142 2894 245 2915 secum
260 2883 372 2925 egisset
388 2884 426 2916 de
448 2895 541 2926 regno
557 2885 628 2916 olim
652 2885 822 2926 adipiscen-
