<?xml version="1.0" encoding="UTF-8"?>
<!DOCTYPE html PUBLIC "-//W3C//DTD XHTML 1.0 Transitional//EN"
    "http://www.w3.org/TR/xhtml1/DTD/xhtml1-transitional.dtd">
<html xmlns="http://www.w3.org/1999/xhtml" xml:lang="en" lang="en">
 <head>
  <title>
</title>
<meta http-equiv="Content-Type" content="text/html;charset=utf-8" />
  <meta name='ocr-system' content='tesseract 3.04.00' />
  <meta name='ocr-capabilities' content='ocr_page ocr_carea ocr_par ocr_line ocrx_word'/>
</head>
<body>
  <div class='ocr_page' id='page_1' title='image "./historiarumaburb03livyuoft_0258.png"; bbox 0 0 1947 3222; ppageno 0'>
   <div class='ocr_carea' id='block_1_1' title="bbox 127 262 303 336">
    <p class='ocr_par' dir='ltr' id='par_1_1' title="bbox 127 262 303 336">
     <span class='ocr_line' id='line_1_1' title="bbox 127 262 302 293; baseline 0.006 -2"><span class='ocrx_word' id='word_1_1' title='bbox 127 262 165 291; x_wconf 87' lang='lat' dir='ltr'>U.</span> <span class='ocrx_word' id='word_1_2' title='bbox 180 262 302 293; x_wconf 64' lang='lat'><strong>0661.</strong></span> 
     </span>
     <span class='ocr_line' id='line_1_2' title="bbox 127 304 303 336; baseline 0.011 -2"><span class='ocrx_word' id='word_1_3' title='bbox 127 304 216 335; x_wconf 74' lang='lat' dir='ltr'>A.(:.</span> <span class='ocrx_word' id='word_1_4' title='bbox 235 306 303 336; x_wconf 82' lang='lat'>191.</span> 
     </span>
    </p>
   </div>
   <div class='ocr_carea' id='block_1_2' title="bbox 130 654 293 728">
    <p class='ocr_par' dir='ltr' id='par_1_2' title="bbox 130 654 293 728">
     <span class='ocr_line' id='line_1_3' title="bbox 130 654 272 685; baseline -0.007 0"><span class='ocrx_word' id='word_1_5' title='bbox 130 654 226 685; x_wconf 81' lang='lat' dir='ltr'><strong>Redit</strong></span> <span class='ocrx_word' id='word_1_6' title='bbox 241 655 272 684; x_wconf 89' lang='lat' dir='ltr'>in</span> 
     </span>
     <span class='ocr_line' id='line_1_4' title="bbox 130 697 293 728; baseline -0.006 0"><span class='ocrx_word' id='word_1_7' title='bbox 130 697 293 728; x_wconf 76' lang='lat' dir='ltr'>Euboeam.</span> 
     </span>
    </p>
   </div>
   <div class='ocr_carea' id='block_1_3' title="bbox 130 1049 320 1295">
    <p class='ocr_par' dir='ltr' id='par_1_3' title="bbox 130 1049 320 1295">
     <span class='ocr_line' id='line_1_5' title="bbox 132 1049 295 1091; baseline -0.012 -10"><span class='ocrx_word' id='word_1_8' title='bbox 132 1049 295 1091; x_wconf 81' lang='lat' dir='ltr'>Philippus</span> 
     </span>
     <span class='ocr_line' id='line_1_6' title="bbox 132 1092 303 1124; baseline 0 -1"><span class='ocrx_word' id='word_1_9' title='bbox 132 1100 164 1123; x_wconf 87' lang='lat' dir='ltr'>et</span> <span class='ocrx_word' id='word_1_10' title='bbox 178 1092 303 1124; x_wconf 87' lang='lat' dir='ltr'>Baebius</span> 
     </span>
     <span class='ocr_line' id='line_1_7' title="bbox 131 1135 307 1166; baseline 0.006 -1"><span class='ocrx_word' id='word_1_11' title='bbox 131 1136 163 1166; x_wconf 90' lang='lat' dir='ltr'>in</span> <span class='ocrx_word' id='word_1_12' title='bbox 177 1135 307 1166; x_wconf 80' lang='lat' dir='ltr'>Thessa-</span> 
     </span>
     <span class='ocr_line' id='line_1_8' title="bbox 130 1178 306 1219; baseline 0 -11"><span class='ocrx_word' id='word_1_13' title='bbox 130 1178 174 1209; x_wconf 86' lang='lat' dir='ltr'>lia</span> <span class='ocrx_word' id='word_1_14' title='bbox 190 1179 306 1219; x_wconf 82' lang='lat' dir='ltr'>aliquot</span> 
     </span>
     <span class='ocr_line' id='line_1_9' title="bbox 132 1221 320 1263; baseline -0.005 -11"><span class='ocrx_word' id='word_1_15' title='bbox 132 1222 223 1252; x_wconf 87' lang='lat' dir='ltr'>urbes</span> <span class='ocrx_word' id='word_1_16' title='bbox 236 1221 320 1263; x_wconf 83' lang='lat' dir='ltr'>capi-</span> 
     </span>
     <span class='ocr_line' id='line_1_10' title="bbox 133 1271 199 1295; baseline 0 -1"><span class='ocrx_word' id='word_1_17' title='bbox 133 1271 199 1295; x_wconf 83' lang='lat' dir='ltr'>unt.</span> 
     </span>
    </p>
   </div>
   <div class='ocr_carea' id='block_1_4' title="bbox 138 2237 334 2441">
    <p class='ocr_par' dir='ltr' id='par_1_4' title="bbox 138 2237 334 2441">
     <span class='ocr_line' id='line_1_11' title="bbox 139 2237 334 2269; baseline -0.01 0"><span class='ocrx_word' id='word_1_18' title='bbox 139 2238 199 2269; x_wconf 84' lang='grc' dir='ltr'>Μ’.</span> <span class='ocrx_word' id='word_1_19' title='bbox 214 2237 334 2269; x_wconf 78' lang='lat' dir='ltr'>Acilius</span> 
     </span>
     <span class='ocr_line' id='line_1_12' title="bbox 140 2283 298 2313; baseline -0.019 0"><span class='ocrx_word' id='word_1_20' title='bbox 140 2283 211 2313; x_wconf 87' lang='lat' dir='ltr'>Cos.</span> <span class='ocrx_word' id='word_1_21' title='bbox 228 2291 298 2310; x_wconf 82' lang='lat' dir='ltr'>cum</span> 
     </span>
     <span class='ocr_line' id='line_1_13' title="bbox 139 2324 330 2355; baseline -0.005 0"><span class='ocrx_word' id='word_1_22' title='bbox 139 2324 272 2355; x_wconf 71' lang='lat' dir='ltr'>exercitu</span> <span class='ocrx_word' id='word_1_23' title='bbox 284 2325 330 2354; x_wconf 88' lang='lat' dir='ltr'>in-</span> 
     </span>
     <span class='ocr_line' id='line_1_14' title="bbox 141 2367 312 2398; baseline 0.012 -2"><span class='ocrx_word' id='word_1_24' title='bbox 141 2372 201 2397; x_wconf 75' lang='lat' dir='ltr'>trat</span> <span class='ocrx_word' id='word_1_25' title='bbox 215 2367 312 2398; x_wconf 76' lang='lat' dir='ltr'>Thes-</span> 
     </span>
     <span class='ocr_line' id='line_1_15' title="bbox 138 2409 258 2441; baseline 0 -1"><span class='ocrx_word' id='word_1_26' title='bbox 138 2409 258 2441; x_wconf 81' lang='lat' dir='ltr'>saliam.</span> 
     </span>
    </p>
   </div>
   <div class='ocr_carea' id='block_1_5' title="bbox 333 143 1220 184">
    <p class='ocr_par' dir='ltr' id='par_1_5' title="bbox 333 143 1220 184">
     <span class='ocr_line' id='line_1_16' title="bbox 333 143 1220 184; baseline 0.002 -4"><span class='ocrx_word' id='word_1_27' title='bbox 333 148 408 180; x_wconf 76' lang='lat'>248</span> <span class='ocrx_word' id='word_1_28' title='bbox 856 143 998 184; x_wconf 85' lang='grc' dir='ltr'><strong>ΤΙΤΙ</strong></span> <span class='ocrx_word' id='word_1_29' title='bbox 1045 144 1220 182; x_wconf 83' lang='lat' dir='ltr'>L1V11</span> 
     </span>
    </p>
   </div>
   <div class='ocr_carea' id='block_1_6' title="bbox 338 252 1766 2287">
    <p class='ocr_par' dir='ltr' id='par_1_6' title="bbox 338 252 1754 746">
     <span class='ocr_line' id='line_1_17' title="bbox 338 252 1746 310; baseline 0.001 -17"><span class='ocrx_word' id='word_1_30' title='bbox 338 252 488 293; x_wconf 88' lang='lat' dir='ltr'>missus</span> <span class='ocrx_word' id='word_1_31' title='bbox 521 266 546 291; x_wconf 83' lang='lat' dir='ltr'>a</span> <span class='ocrx_word' id='word_1_32' title='bbox 583 252 792 303; x_wconf 79' lang='lat' dir='ltr'>Quinctio,</span> <span class='ocrx_word' id='word_1_33' title='bbox 829 269 962 310; x_wconf 92' lang='lat' dir='ltr'>quum</span> <span class='ocrx_word' id='word_1_34' title='bbox 998 253 1240 310; x_wconf 87' lang='lat' dir='ltr'>praesidium</span> <span class='ocrx_word' id='word_1_35' title='bbox 1270 262 1312 294; x_wconf 86' lang='lat' dir='ltr'>et</span> <span class='ocrx_word' id='word_1_36' title='bbox 1345 268 1499 309; x_wconf 85' lang='lat' dir='ltr'>paucas</span> <span class='ocrx_word' id='word_1_37' title='bbox 1533 268 1658 295; x_wconf 80' lang='lat' dir='ltr'>naves</span> <span class='ocrx_word' id='word_1_38' title='bbox 1691 253 1746 294; x_wconf 86' lang='lat' dir='ltr'>ab</span> 
     </span>
     <span class='ocr_line' id='line_1_18' title="bbox 340 307 1748 366; baseline 0.001 -18"><span class='ocrx_word' id='word_1_39' title='bbox 340 307 433 348; x_wconf 56' lang='grc' dir='ltr'>4ΒΑ.</span> <span class='ocrx_word' id='word_1_40' title='bbox 458 308 688 359; x_wconf 89' lang='lat' dir='ltr'>Postumio,</span> <span class='ocrx_word' id='word_1_41' title='bbox 710 310 782 366; x_wconf 90' lang='lat' dir='ltr'>qui</span> <span class='ocrx_word' id='word_1_42' title='bbox 813 311 866 351; x_wconf 92' lang='lat' dir='ltr'>ab</span> <span class='ocrx_word' id='word_1_43' title='bbox 887 310 1021 351; x_wconf 85' lang='lat' dir='ltr'>Atilio</span> <span class='ocrx_word' id='word_1_44' title='bbox 1048 311 1185 366; x_wconf 84' lang='lat' dir='ltr'>legato</span> <span class='ocrx_word' id='word_1_45' title='bbox 1208 310 1471 366; x_wconf 89' lang='lat' dir='ltr'>Cephaleniae</span> <span class='ocrx_word' id='word_1_46' title='bbox 1498 309 1748 366; x_wconf 81' lang='lat' dir='ltr'>praepositus</span> 
     </span>
     <span class='ocr_line' id='line_1_19' title="bbox 340 364 1746 423; baseline 0.001 -18"><span class='ocrx_word' id='word_1_47' title='bbox 340 364 493 415; x_wconf 88' lang='lat' dir='ltr'>fuerat,</span> <span class='ocrx_word' id='word_1_48' title='bbox 514 366 750 421; x_wconf 82' lang='lat' dir='ltr'><strong>accepisset,</strong></span> <span class='ocrx_word' id='word_1_49' title='bbox 774 366 1012 408; x_wconf 82' lang='lat' dir='ltr'>Leucadem</span> <span class='ocrx_word' id='word_1_50' title='bbox 1036 368 1165 417; x_wconf 88' lang='lat' dir='ltr'>venit,</span> <span class='ocrx_word' id='word_1_51' title='bbox 1187 367 1446 423; x_wconf 86' lang='lat' dir='ltr'>inplevitque</span> <span class='ocrx_word' id='word_1_52' title='bbox 1477 367 1563 423; x_wconf 87' lang='lat' dir='ltr'>spei</span> <span class='ocrx_word' id='word_1_53' title='bbox 1593 367 1746 407; x_wconf 82' lang='lat' dir='ltr'>socios:</span> 
     </span>
     <span class='ocr_line' id='line_1_20' title="bbox 343 421 1749 480; baseline 0.001 -19"><span class='ocrx_word' id='word_1_54' title='bbox 343 423 417 461; x_wconf 69' lang='grc' dir='ltr'>Μ’.</span> <span class='ocrx_word' id='word_1_55' title='bbox 440 421 626 463; x_wconf 86' lang='lat' dir='ltr'>Acilium</span> <span class='ocrx_word' id='word_1_56' title='bbox 655 424 864 464; x_wconf 89' lang='lat' dir='ltr'>consulem</span> <span class='ocrx_word' id='word_1_57' title='bbox 889 424 978 477; x_wconf 83' lang='lat' dir='ltr'>jam</span> <span class='ocrx_word' id='word_1_58' title='bbox 1006 439 1101 464; x_wconf 92' lang='lat' dir='ltr'>cum</span> <span class='ocrx_word' id='word_1_59' title='bbox 1131 423 1364 479; x_wconf 84' lang='lat' dir='ltr'>legionibus</span> <span class='ocrx_word' id='word_1_60' title='bbox 1393 439 1505 464; x_wconf 83' lang='lat' dir='ltr'>mare</span> <span class='ocrx_word' id='word_1_61' title='bbox 1525 423 1749 480; x_wconf 84' lang='lat' dir='ltr'>trajecisse,</span> 
     </span>
     <span class='ocr_line' id='line_1_21' title="bbox 342 478 1753 534; baseline 0.001 -16"><span class='ocrx_word' id='word_1_62' title='bbox 342 486 382 520; x_wconf 88' lang='lat' dir='ltr'>et</span> <span class='ocrx_word' id='word_1_63' title='bbox 413 478 454 519; x_wconf 90' lang='lat' dir='ltr'>in</span> <span class='ocrx_word' id='word_1_64' title='bbox 478 478 696 519; x_wconf 73' lang='lat' dir='ltr'>Thessalia</span> <span class='ocrx_word' id='word_1_65' title='bbox 724 489 856 520; x_wconf 87' lang='lat' dir='ltr'>castra</span> <span class='ocrx_word' id='word_1_66' title='bbox 879 480 1070 520; x_wconf 87' lang='lat' dir='ltr'>Romana</span> <span class='ocrx_word' id='word_1_67' title='bbox 1098 495 1195 520; x_wconf 85' lang='lat' dir='ltr'>esse.</span> <span class='ocrx_word' id='word_1_68' title='bbox 1257 482 1385 521; x_wconf 92' lang='lat' dir='ltr'>Hunc</span> <span class='ocrx_word' id='word_1_69' title='bbox 1414 495 1624 521; x_wconf 89' lang='lat' dir='ltr'>rumorem</span> <span class='ocrx_word' id='word_1_70' title='bbox 1650 479 1753 534; x_wconf 90' lang='lat' dir='ltr'>quia</span> 
     </span>
     <span class='ocr_line' id='line_1_22' title="bbox 343 534 1754 592; baseline 0.001 -17"><span class='ocrx_word' id='word_1_71' title='bbox 343 534 517 576; x_wconf 90' lang='lat' dir='ltr'>similem</span> <span class='ocrx_word' id='word_1_72' title='bbox 536 536 623 576; x_wconf 88' lang='lat' dir='ltr'>veri</span> <span class='ocrx_word' id='word_1_73' title='bbox 648 544 814 591; x_wconf 86' lang='lat' dir='ltr'>tempus</span> <span class='ocrx_word' id='word_1_74' title='bbox 834 535 930 576; x_wconf 87' lang='lat' dir='ltr'>anni</span> <span class='ocrx_word' id='word_1_75' title='bbox 960 544 1172 576; x_wconf 89' lang='lat' dir='ltr'>maturum</span> <span class='ocrx_word' id='word_1_76' title='bbox 1196 537 1285 592; x_wconf 83' lang='lat' dir='ltr'>jam</span> <span class='ocrx_word' id='word_1_77' title='bbox 1306 537 1358 577; x_wconf 91' lang='lat' dir='ltr'>ad</span> <span class='ocrx_word' id='word_1_78' title='bbox 1388 536 1671 592; x_wconf 82' lang='lat' dir='ltr'>navigandum</span> <span class='ocrx_word' id='word_1_79' title='bbox 1691 536 1754 576; x_wconf 81' lang='lat' dir='ltr'>fa-</span> 
     </span>
     <span class='ocr_line' id='line_1_23' title="bbox 343 591 1753 649; baseline 0 -17"><span class='ocrx_word' id='word_1_80' title='bbox 343 592 505 639; x_wconf 70' lang='lat' dir='ltr'>ciebat,</span> <span class='ocrx_word' id='word_1_81' title='bbox 537 607 626 641; x_wconf 81' lang='lat' dir='ltr'>rex,</span> <span class='ocrx_word' id='word_1_82' title='bbox 654 592 850 647; x_wconf 75' lang='lat' dir='ltr'>praesidio</span> <span class='ocrx_word' id='word_1_83' title='bbox 886 592 1086 632; x_wconf 90' lang='lat' dir='ltr'>Medione</span> <span class='ocrx_word' id='word_1_84' title='bbox 1120 592 1314 648; x_wconf 84' lang='lat' dir='ltr'>inposito,</span> <span class='ocrx_word' id='word_1_85' title='bbox 1343 601 1385 634; x_wconf 89' lang='lat' dir='ltr'>et</span> <span class='ocrx_word' id='word_1_86' title='bbox 1419 594 1461 634; x_wconf 90' lang='lat' dir='ltr'>in</span> <span class='ocrx_word' id='word_1_87' title='bbox 1498 591 1753 649; x_wconf 84' lang='lat' dir='ltr'>quibusdam</span> 
     </span>
     <span class='ocr_line' id='line_1_24' title="bbox 342 647 1754 705; baseline 0.001 -17"><span class='ocrx_word' id='word_1_88' title='bbox 342 647 432 689; x_wconf 89' lang='lat' dir='ltr'>aliis</span> <span class='ocrx_word' id='word_1_89' title='bbox 453 648 701 688; x_wconf 65' lang='lat' dir='ltr'>Acarnaniae</span> <span class='ocrx_word' id='word_1_90' title='bbox 717 648 898 704; x_wconf 84' lang='lat' dir='ltr'>oppidis,</span> <span class='ocrx_word' id='word_1_91' title='bbox 922 648 1086 704; x_wconf 87' lang='lat' dir='ltr'>Thyrio</span> <span class='ocrx_word' id='word_1_92' title='bbox 1116 649 1327 699; x_wconf 84' lang='lat' dir='ltr'>abscessit,</span> <span class='ocrx_word' id='word_1_93' title='bbox 1348 659 1389 691; x_wconf 87' lang='lat' dir='ltr'>et</span> <span class='ocrx_word' id='word_1_94' title='bbox 1418 665 1492 705; x_wconf 90' lang='lat' dir='ltr'>per</span> <span class='ocrx_word' id='word_1_95' title='bbox 1515 649 1685 690; x_wconf 77' lang='lat' dir='ltr'>AEtoliae</span> <span class='ocrx_word' id='word_1_96' title='bbox 1706 663 1754 690; x_wconf 88' lang='lat' dir='ltr'>ac</span> 
     </span>
     <span class='ocr_line' id='line_1_25' title="bbox 344 704 1105 746; baseline 0 -2"><span class='ocrx_word' id='word_1_97' title='bbox 344 705 538 745; x_wconf 84' lang='lat' dir='ltr'>Phocidis</span> <span class='ocrx_word' id='word_1_98' title='bbox 560 705 683 745; x_wconf 89' lang='lat' dir='ltr'>urbes</span> <span class='ocrx_word' id='word_1_99' title='bbox 707 704 947 745; x_wconf 82' lang='lat' dir='ltr'>Chalcidem</span> <span class='ocrx_word' id='word_1_100' title='bbox 968 704 1105 746; x_wconf 86' lang='lat' dir='ltr'>rediit.</span> 
     </span>
    </p>

    <p class='ocr_par' dir='ltr' id='par_1_7' title="bbox 338 760 1766 2236">
     <span class='ocr_line' id='line_1_26' title="bbox 402 760 1755 820; baseline 0.003 -20"><span class='ocrx_word' id='word_1_101' title='bbox 402 762 542 801; x_wconf 85' lang='lat' dir='ltr'>XIII.</span> <span class='ocrx_word' id='word_1_102' title='bbox 577 760 665 802; x_wconf 82' lang='lat' dir='ltr'>Sub</span> <span class='ocrx_word' id='word_1_103' title='bbox 697 760 807 801; x_wconf 82' lang='lat' dir='ltr'>idem</span> <span class='ocrx_word' id='word_1_104' title='bbox 840 770 1006 816; x_wconf 90' lang='lat' dir='ltr'>tempus</span> <span class='ocrx_word' id='word_1_105' title='bbox 1041 762 1104 802; x_wconf 90' lang='lat' dir='ltr'>M.</span> <span class='ocrx_word' id='word_1_106' title='bbox 1129 762 1298 804; x_wconf 88' lang='lat' dir='ltr'>Baebius</span> <span class='ocrx_word' id='word_1_107' title='bbox 1333 771 1374 804; x_wconf 93' lang='lat' dir='ltr'>et</span> <span class='ocrx_word' id='word_1_108' title='bbox 1410 763 1633 820; x_wconf 85' lang='lat' dir='ltr'>Philippus</span> <span class='ocrx_word' id='word_1_109' title='bbox 1664 778 1755 813; x_wconf 87' lang='lat' dir='ltr'>rex,</span> 
     </span>
     <span class='ocr_line' id='line_1_27' title="bbox 338 817 1754 875; baseline 0.002 -18"><span class='ocrx_word' id='word_1_110' title='bbox 338 819 426 873; x_wconf 83' lang='lat' dir='ltr'>jam</span> <span class='ocrx_word' id='word_1_111' title='bbox 461 825 556 858; x_wconf 88' lang='lat' dir='ltr'>ante</span> <span class='ocrx_word' id='word_1_112' title='bbox 585 832 660 874; x_wconf 87' lang='lat' dir='ltr'>per</span> <span class='ocrx_word' id='word_1_113' title='bbox 694 817 872 859; x_wconf 87' lang='lat' dir='ltr'>hiemem</span> <span class='ocrx_word' id='word_1_114' title='bbox 903 819 947 859; x_wconf 86' lang='lat' dir='ltr'>in</span> <span class='ocrx_word' id='word_1_115' title='bbox 978 818 1225 860; x_wconf 83' lang='lat' dir='ltr'>Dassaretiis</span> <span class='ocrx_word' id='word_1_116' title='bbox 1258 819 1478 875; x_wconf 85' lang='lat' dir='ltr'>congressi,</span> <span class='ocrx_word' id='word_1_117' title='bbox 1507 835 1640 875; x_wconf 87' lang='lat' dir='ltr'>quum</span> <span class='ocrx_word' id='word_1_118' title='bbox 1668 821 1754 875; x_wconf 89' lang='lat' dir='ltr'>Ap.</span> 
     </span>
     <span class='ocr_line' id='line_1_28' title="bbox 347 873 1755 925; baseline 0.001 -11"><span class='ocrx_word' id='word_1_119' title='bbox 347 873 587 924; x_wconf 86' lang='lat' dir='ltr'>Claudium,</span> <span class='ocrx_word' id='word_1_120' title='bbox 614 883 662 915; x_wconf 82' lang='lat' dir='ltr'>ut</span> <span class='ocrx_word' id='word_1_121' title='bbox 696 874 908 916; x_wconf 85' lang='lat' dir='ltr'>obsidione</span> <span class='ocrx_word' id='word_1_122' title='bbox 935 875 1145 916; x_wconf 85' lang='lat' dir='ltr'>Larissam</span> <span class='ocrx_word' id='word_1_123' title='bbox 1177 876 1391 925; x_wconf 84' lang='lat' dir='ltr'>eximeret,</span> <span class='ocrx_word' id='word_1_124' title='bbox 1421 876 1464 916; x_wconf 89' lang='lat' dir='ltr'>in</span> <span class='ocrx_word' id='word_1_125' title='bbox 1495 875 1755 916; x_wconf 86' lang='lat' dir='ltr'>Thessaliam</span> 
     </span>
     <span class='ocr_line' id='line_1_29' title="bbox 344 931 1756 988; baseline 0.001 -18"><span class='ocrx_word' id='word_1_126' title='bbox 344 931 565 979; x_wconf 86' lang='lat' dir='ltr'>misissent,</span> <span class='ocrx_word' id='word_1_127' title='bbox 587 931 688 986; x_wconf 87' lang='lat' dir='ltr'>quia</span> <span class='ocrx_word' id='word_1_128' title='bbox 716 931 761 972; x_wconf 87' lang='lat' dir='ltr'>id</span> <span class='ocrx_word' id='word_1_129' title='bbox 792 939 958 987; x_wconf 90' lang='lat' dir='ltr'>tempus</span> <span class='ocrx_word' id='word_1_130' title='bbox 987 932 1112 973; x_wconf 90' lang='lat' dir='ltr'>rebus</span> <span class='ocrx_word' id='word_1_131' title='bbox 1141 933 1334 988; x_wconf 75' lang='lat' dir='ltr'>gerendis</span> <span class='ocrx_word' id='word_1_132' title='bbox 1368 933 1625 974; x_wconf 90' lang='lat' dir='ltr'>inmaturum</span> <span class='ocrx_word' id='word_1_133' title='bbox 1650 940 1756 981; x_wconf 88' lang='lat' dir='ltr'>erat,</span> 
     </span>
     <span class='ocr_line' id='line_1_30' title="bbox 345 987 1756 1045; baseline 0.001 -18"><span class='ocrx_word' id='word_1_134' title='bbox 345 987 387 1027; x_wconf 91' lang='lat' dir='ltr'>in</span> <span class='ocrx_word' id='word_1_135' title='bbox 426 987 600 1028; x_wconf 86' lang='lat' dir='ltr'>hiberna</span> <span class='ocrx_word' id='word_1_136' title='bbox 642 987 830 1044; x_wconf 76' lang='lat' dir='ltr'>regressi,</span> <span class='ocrx_word' id='word_1_137' title='bbox 871 988 1076 1044; x_wconf 86' lang='lat' dir='ltr'>principio</span> <span class='ocrx_word' id='word_1_138' title='bbox 1115 990 1225 1029; x_wconf 90' lang='lat' dir='ltr'>veris</span> <span class='ocrx_word' id='word_1_139' title='bbox 1264 989 1496 1045; x_wconf 80' lang='lat' dir='ltr'>conjunctis</span> <span class='ocrx_word' id='word_1_140' title='bbox 1545 988 1674 1044; x_wconf 90' lang='lat' dir='ltr'>copiis</span> <span class='ocrx_word' id='word_1_141' title='bbox 1713 989 1756 1028; x_wconf 92' lang='lat' dir='ltr'>in</span> 
     </span>
     <span class='ocr_line' id='line_1_31' title="bbox 347 1043 1759 1087; baseline 0.001 -3"><span class='ocrx_word' id='word_1_142' title='bbox 347 1043 605 1084; x_wconf 85' lang='lat' dir='ltr'>Thessaliam</span> <span class='ocrx_word' id='word_1_143' title='bbox 645 1044 960 1086; x_wconf 85' lang='lat' dir='ltr'>descenderunt.</span> <span class='ocrx_word' id='word_1_144' title='bbox 1024 1046 1076 1086; x_wconf 91' lang='lat' dir='ltr'>In</span> <span class='ocrx_word' id='word_1_145' title='bbox 1116 1047 1354 1086; x_wconf 82' lang='lat' dir='ltr'>Acarnania</span> <span class='ocrx_word' id='word_1_146' title='bbox 1393 1054 1485 1087; x_wconf 89' lang='lat' dir='ltr'>tum</span> <span class='ocrx_word' id='word_1_147' title='bbox 1519 1045 1759 1086; x_wconf 86' lang='lat' dir='ltr'>Antiochus</span> 
     </span>
     <span class='ocr_line' id='line_1_32' title="bbox 346 1100 1760 1158; baseline 0.001 -17"><span class='ocrx_word' id='word_1_148' title='bbox 346 1109 446 1142; x_wconf 86' lang='lat' dir='ltr'>erat.</span> <span class='ocrx_word' id='word_1_149' title='bbox 512 1100 804 1151; x_wconf 85' lang='lat' dir='ltr'>Advenientes,</span> <span class='ocrx_word' id='word_1_150' title='bbox 843 1101 1066 1158; x_wconf 79' lang='lat' dir='ltr'>Philippus</span> <span class='ocrx_word' id='word_1_151' title='bbox 1107 1102 1324 1143; x_wconf 64' lang='lat' dir='ltr'>BIalloeam</span> <span class='ocrx_word' id='word_1_152' title='bbox 1361 1102 1628 1152; x_wconf 86' lang='lat' dir='ltr'>Perrhaebiae,</span> <span class='ocrx_word' id='word_1_153' title='bbox 1665 1103 1760 1142; x_wconf 85' lang='lat' dir='ltr'>Bae-</span> 
     </span>
     <span class='ocr_line' id='line_1_33' title="bbox 347 1157 1761 1215; baseline 0.001 -17"><span class='ocrx_word' id='word_1_154' title='bbox 347 1158 442 1199; x_wconf 91' lang='lat' dir='ltr'>bius</span> <span class='ocrx_word' id='word_1_155' title='bbox 465 1157 667 1198; x_wconf 85' lang='lat' dir='ltr'>Phacium</span> <span class='ocrx_word' id='word_1_156' title='bbox 688 1167 750 1199; x_wconf 88' lang='lat' dir='ltr'>est</span> <span class='ocrx_word' id='word_1_157' title='bbox 771 1158 1003 1213; x_wconf 84' lang='lat' dir='ltr'>adgressus.</span> <span class='ocrx_word' id='word_1_158' title='bbox 1035 1174 1121 1213; x_wconf 91' lang='lat' dir='ltr'>quo</span> <span class='ocrx_word' id='word_1_159' title='bbox 1142 1159 1276 1215; x_wconf 87' lang='lat' dir='ltr'>primo</span> <span class='ocrx_word' id='word_1_160' title='bbox 1297 1174 1427 1215; x_wconf 87' lang='lat' dir='ltr'>prope</span> <span class='ocrx_word' id='word_1_161' title='bbox 1450 1159 1597 1215; x_wconf 88' lang='lat' dir='ltr'>inpetu</span> <span class='ocrx_word' id='word_1_162' title='bbox 1619 1167 1761 1214; x_wconf 86' lang='lat' dir='ltr'>capto,</span> 
     </span>
     <span class='ocr_line' id='line_1_34' title="bbox 349 1214 1762 1271; baseline 0.001 -17"><span class='ocrx_word' id='word_1_163' title='bbox 349 1214 565 1255; x_wconf 87' lang='lat' dir='ltr'>Phaestum</span> <span class='ocrx_word' id='word_1_164' title='bbox 600 1214 743 1255; x_wconf 89' lang='lat' dir='ltr'>eadem</span> <span class='ocrx_word' id='word_1_165' title='bbox 779 1215 987 1256; x_wconf 85' lang='lat' dir='ltr'>celeritate</span> <span class='ocrx_word' id='word_1_166' title='bbox 1022 1215 1145 1271; x_wconf 84' lang='lat' dir='ltr'>capit.</span> <span class='ocrx_word' id='word_1_167' title='bbox 1186 1215 1282 1256; x_wconf 88' lang='lat' dir='ltr'>inde</span> <span class='ocrx_word' id='word_1_168' title='bbox 1314 1217 1513 1258; x_wconf 80' lang='lat' dir='ltr'>Atracem</span> <span class='ocrx_word' id='word_1_169' title='bbox 1550 1231 1682 1271; x_wconf 88' lang='lat' dir='ltr'>quum</span> <span class='ocrx_word' id='word_1_170' title='bbox 1720 1231 1762 1256; x_wconf 91' lang='lat' dir='ltr'>se</span> 
     </span>
     <span class='ocr_line' id='line_1_35' title="bbox 346 1270 1760 1328; baseline 0.001 -17"><span class='ocrx_word' id='word_1_171' title='bbox 346 1270 581 1327; x_wconf 88' lang='lat' dir='ltr'>recepisset,</span> <span class='ocrx_word' id='word_1_172' title='bbox 606 1271 796 1327; x_wconf 85' lang='lat' dir='ltr'>Cyretias</span> <span class='ocrx_word' id='word_1_173' title='bbox 822 1271 919 1312; x_wconf 88' lang='lat' dir='ltr'>hinc</span> <span class='ocrx_word' id='word_1_174' title='bbox 940 1280 980 1313; x_wconf 91' lang='lat' dir='ltr'>et</span> <span class='ocrx_word' id='word_1_175' title='bbox 1003 1271 1214 1312; x_wconf 77' lang='lat' dir='ltr'>Eritium&#39;¹</span> <span class='ocrx_word' id='word_1_176' title='bbox 1234 1281 1437 1328; x_wconf 87' lang='lat' dir='ltr'>occupat:</span> <span class='ocrx_word' id='word_1_177' title='bbox 1469 1272 1760 1328; x_wconf 85' lang='lat' dir='ltr'>praesidiisque</span> 
     </span>
     <span class='ocr_line' id='line_1_36' title="bbox 347 1327 1758 1384; baseline 0.001 -16"><span class='ocrx_word' id='word_1_178' title='bbox 347 1343 421 1383; x_wconf 85' lang='lat' dir='ltr'>per</span> <span class='ocrx_word' id='word_1_179' title='bbox 460 1335 628 1383; x_wconf 81' lang='lat' dir='ltr'>recepta</span> <span class='ocrx_word' id='word_1_180' title='bbox 665 1327 821 1383; x_wconf 87' lang='lat' dir='ltr'>oppida</span> <span class='ocrx_word' id='word_1_181' title='bbox 859 1328 1085 1384; x_wconf 87' lang='lat' dir='ltr'>dispositis,</span> <span class='ocrx_word' id='word_1_182' title='bbox 1128 1329 1325 1384; x_wconf 79' lang='lat' dir='ltr'>Philippo</span> <span class='ocrx_word' id='word_1_183' title='bbox 1369 1345 1514 1370; x_wconf 87' lang='lat' dir='ltr'>rursus</span> <span class='ocrx_word' id='word_1_184' title='bbox 1551 1327 1758 1370; x_wconf 87' lang='lat' dir='ltr'>obsidenti</span> 
     </span>
     <span class='ocr_line' id='line_1_37' title="bbox 350 1384 1760 1439; baseline 0.001 -15"><span class='ocrx_word' id='word_1_185' title='bbox 350 1384 566 1425; x_wconf 84' lang='lat' dir='ltr'>Malloeam</span> <span class='ocrx_word' id='word_1_186' title='bbox 598 1400 639 1425; x_wconf 91' lang='lat' dir='ltr'>se</span> <span class='ocrx_word' id='word_1_187' title='bbox 671 1384 900 1439; x_wconf 84' lang='lat' dir='ltr'>conjungit.</span> <span class='ocrx_word' id='word_1_188' title='bbox 963 1385 1051 1426; x_wconf 86' lang='lat' dir='ltr'>Sub</span> <span class='ocrx_word' id='word_1_189' title='bbox 1079 1385 1306 1426; x_wconf 82' lang='lat' dir='ltr'>adventum</span> <span class='ocrx_word' id='word_1_190' title='bbox 1331 1385 1507 1426; x_wconf 80' lang='lat' dir='ltr'>Romani</span> <span class='ocrx_word' id='word_1_191' title='bbox 1537 1386 1760 1434; x_wconf 82' lang='lat' dir='ltr'>exercitus,</span> 
     </span>
     <span class='ocr_line' id='line_1_38' title="bbox 349 1441 1762 1497; baseline 0 -15"><span class='ocrx_word' id='word_1_192' title='bbox 349 1457 419 1482; x_wconf 91' lang='lat' dir='ltr'>seu</span> <span class='ocrx_word' id='word_1_193' title='bbox 453 1441 506 1482; x_wconf 93' lang='lat' dir='ltr'>ad</span> <span class='ocrx_word' id='word_1_194' title='bbox 539 1450 698 1482; x_wconf 83' lang='lat' dir='ltr'>metum</span> <span class='ocrx_word' id='word_1_195' title='bbox 729 1441 895 1490; x_wconf 87' lang='lat' dir='ltr'>virium,</span> <span class='ocrx_word' id='word_1_196' title='bbox 918 1457 990 1482; x_wconf 88' lang='lat' dir='ltr'>seu</span> <span class='ocrx_word' id='word_1_197' title='bbox 1021 1441 1074 1481; x_wconf 84' lang='lat' dir='ltr'>ad</span> <span class='ocrx_word' id='word_1_198' title='bbox 1105 1457 1219 1497; x_wconf 86' lang='lat' dir='ltr'>spem</span> <span class='ocrx_word' id='word_1_199' title='bbox 1249 1442 1396 1491; x_wconf 78' lang='lat' dir='ltr'>veniae,</span> <span class='ocrx_word' id='word_1_200' title='bbox 1418 1457 1550 1497; x_wconf 88' lang='lat' dir='ltr'>quum</span> <span class='ocrx_word' id='word_1_201' title='bbox 1581 1441 1762 1482; x_wconf 86' lang='lat' dir='ltr'>dedidis-</span> 
     </span>
     <span class='ocr_line' id='line_1_39' title="bbox 349 1497 1764 1554; baseline 0.001 -16"><span class='ocrx_word' id='word_1_202' title='bbox 349 1506 438 1539; x_wconf 84' lang='lat' dir='ltr'>sent</span> <span class='ocrx_word' id='word_1_203' title='bbox 467 1513 576 1544; x_wconf 80' lang='lat' dir='ltr'>sese3</span> <span class='ocrx_word' id='word_1_204' title='bbox 610 1497 664 1537; x_wconf 87' lang='lat' dir='ltr'>ad</span> <span class='ocrx_word' id='word_1_205' title='bbox 696 1513 744 1538; x_wconf 86' lang='lat' dir='ltr'>ea</span> <span class='ocrx_word' id='word_1_206' title='bbox 778 1497 1013 1553; x_wconf 87' lang='lat' dir='ltr'>recipienda</span> <span class='ocrx_word' id='word_1_207' title='bbox 1041 1498 1211 1554; x_wconf 88' lang='lat' dir='ltr'>oppida,</span> <span class='ocrx_word' id='word_1_208' title='bbox 1233 1514 1330 1554; x_wconf 88' lang='lat' dir='ltr'>quae</span> <span class='ocrx_word' id='word_1_209' title='bbox 1350 1500 1611 1540; x_wconf 84' lang='lat' dir='ltr'>Athamanes</span> <span class='ocrx_word' id='word_1_210' title='bbox 1640 1514 1764 1540; x_wconf 89' lang='lat' dir='ltr'>occu-</span> 
     </span>
     <span class='ocr_line' id='line_1_40' title="bbox 348 1551 1762 1611; baseline 0.001 -16"><span class='ocrx_word' id='word_1_211' title='bbox 348 1562 563 1610; x_wconf 86' lang='lat' dir='ltr'>paverant,</span> <span class='ocrx_word' id='word_1_212' title='bbox 587 1570 670 1596; x_wconf 87' lang='lat' dir='ltr'>uno</span> <span class='ocrx_word' id='word_1_213' title='bbox 691 1554 854 1609; x_wconf 83' lang='lat' dir='ltr'>agmine</span> <span class='ocrx_word' id='word_1_214' title='bbox 874 1551 1025 1596; x_wconf 76' lang='lat' dir='ltr'>ierunt.</span> <span class='ocrx_word' id='word_1_215' title='bbox 1086 1556 1221 1596; x_wconf 84' lang='lat' dir='ltr'>Erant</span> <span class='ocrx_word' id='word_1_216' title='bbox 1243 1564 1381 1597; x_wconf 88' lang='lat' dir='ltr'>autem</span> <span class='ocrx_word' id='word_1_217' title='bbox 1404 1556 1508 1606; x_wconf 85' lang='lat' dir='ltr'>haec,</span> <span class='ocrx_word' id='word_1_218' title='bbox 1525 1555 1762 1611; x_wconf 82' lang='lat' dir='ltr'>AEginium,</span> 
     </span>
     <span class='ocr_line' id='line_1_41' title="bbox 351 1610 1760 1667; baseline 0.001 -16"><span class='ocrx_word' id='word_1_219' title='bbox 351 1610 620 1661; x_wconf 69' lang='lat' dir='ltr'>Ericinium-³,</span> <span class='ocrx_word' id='word_1_220' title='bbox 659 1612 859 1667; x_wconf 84' lang='lat' dir='ltr'>Gomphi,</span> <span class='ocrx_word' id='word_1_221' title='bbox 903 1611 1055 1660; x_wconf 83' lang='lat' dir='ltr'>Silana,</span> <span class='ocrx_word' id='word_1_222' title='bbox 1099 1612 1264 1663; x_wconf 88' lang='lat' dir='ltr'>Tricca,</span> <span class='ocrx_word' id='word_1_223' title='bbox 1301 1612 1517 1663; x_wconf 73' lang='lat' dir='ltr'>Meliboea,</span> <span class='ocrx_word' id='word_1_224' title='bbox 1552 1612 1760 1654; x_wconf 83' lang='lat' dir='ltr'>Phaloria.</span> 
     </span>
     <span class='ocr_line' id='line_1_42' title="bbox 353 1668 1764 1726; baseline 0.001 -18"><span class='ocrx_word' id='word_1_225' title='bbox 353 1668 458 1708; x_wconf 90' lang='lat' dir='ltr'>Inde</span> <span class='ocrx_word' id='word_1_226' title='bbox 481 1668 741 1717; x_wconf 67' lang='lat' dir='ltr'>Pellinaeum,</span> <span class='ocrx_word' id='word_1_227' title='bbox 764 1668 836 1709; x_wconf 90' lang='lat' dir='ltr'>ubi</span> <span class='ocrx_word' id='word_1_228' title='bbox 859 1668 1084 1725; x_wconf 84' lang='lat' dir='ltr'>Philippus</span> <span class='ocrx_word' id='word_1_229' title='bbox 1106 1669 1489 1724; x_wconf 86' lang='lat' dir='ltr'>Megalopolitanus</span> <span class='ocrx_word' id='word_1_230' title='bbox 1518 1685 1614 1710; x_wconf 90' lang='lat' dir='ltr'>cum</span> <span class='ocrx_word' id='word_1_231' title='bbox 1641 1669 1764 1726; x_wconf 88' lang='lat' dir='ltr'>quin-</span> 
     </span>
     <span class='ocr_line' id='line_1_43' title="bbox 350 1724 1762 1782; baseline 0.001 -17"><span class='ocrx_word' id='word_1_232' title='bbox 350 1726 486 1779; x_wconf 80' lang='lat' dir='ltr'>gentis</span> <span class='ocrx_word' id='word_1_233' title='bbox 516 1724 729 1780; x_wconf 88' lang='lat' dir='ltr'>peditibus</span> <span class='ocrx_word' id='word_1_234' title='bbox 756 1733 797 1766; x_wconf 89' lang='lat' dir='ltr'>et</span> <span class='ocrx_word' id='word_1_235' title='bbox 826 1725 1039 1780; x_wconf 88' lang='lat' dir='ltr'>equitibus</span> <span class='ocrx_word' id='word_1_236' title='bbox 1059 1725 1341 1781; x_wconf 83' lang='lat' dir='ltr'>quadraginta</span> <span class='ocrx_word' id='word_1_237' title='bbox 1368 1727 1412 1766; x_wconf 89' lang='lat' dir='ltr'>in</span> <span class='ocrx_word' id='word_1_238' title='bbox 1442 1725 1638 1782; x_wconf 84' lang='lat' dir='ltr'>praesidio</span> <span class='ocrx_word' id='word_1_239' title='bbox 1658 1735 1762 1775; x_wconf 89' lang='lat' dir='ltr'>erat,</span> 
     </span>
     <span class='ocr_line' id='line_1_44' title="bbox 351 1781 1764 1838; baseline 0.001 -16"><span class='ocrx_word' id='word_1_240' title='bbox 351 1790 391 1822; x_wconf 80' lang='lat' dir='ltr'>et</span> <span class='ocrx_word' id='word_1_241' title='bbox 427 1781 743 1829; x_wconf 84' lang='lat' dir='ltr'>circumsidunt,</span> <span class='ocrx_word' id='word_1_242' title='bbox 785 1790 840 1831; x_wconf 90' lang='lat' dir='ltr'>et,</span> <span class='ocrx_word' id='word_1_243' title='bbox 876 1782 1121 1837; x_wconf 88' lang='lat' dir='ltr'>priusquam</span> <span class='ocrx_word' id='word_1_244' title='bbox 1157 1782 1463 1838; x_wconf 85' lang='lat' dir='ltr'>obpugnarent,</span> <span class='ocrx_word' id='word_1_245' title='bbox 1499 1783 1673 1824; x_wconf 90' lang='lat' dir='ltr'>mittunt</span> <span class='ocrx_word' id='word_1_246' title='bbox 1708 1783 1764 1824; x_wconf 88' lang='lat' dir='ltr'>ad</span> 
     </span>
     <span class='ocr_line' id='line_1_45' title="bbox 354 1838 1761 1895; baseline 0.002 -17"><span class='ocrx_word' id='word_1_247' title='bbox 354 1838 612 1894; x_wconf 83' lang='lat' dir='ltr'>Philippum,</span> <span class='ocrx_word' id='word_1_248' title='bbox 644 1838 718 1894; x_wconf 89' lang='lat' dir='ltr'>qui</span> <span class='ocrx_word' id='word_1_249' title='bbox 752 1846 952 1888; x_wconf 88' lang='lat' dir='ltr'>moneret,</span> <span class='ocrx_word' id='word_1_250' title='bbox 983 1854 1034 1878; x_wconf 94' lang='lat' dir='ltr'>ne</span> <span class='ocrx_word' id='word_1_251' title='bbox 1069 1839 1154 1878; x_wconf 87' lang='lat' dir='ltr'>vim</span> <span class='ocrx_word' id='word_1_252' title='bbox 1187 1838 1377 1880; x_wconf 88' lang='lat' dir='ltr'>ultimam</span> <span class='ocrx_word' id='word_1_253' title='bbox 1409 1839 1588 1895; x_wconf 85' lang='lat' dir='ltr'>experiri</span> <span class='ocrx_word' id='word_1_254' title='bbox 1624 1839 1761 1881; x_wconf 89' lang='lat' dir='ltr'>vellet.</span> 
     </span>
     <span class='ocr_line' id='line_1_46' title="bbox 354 1895 1765 1951; baseline 0.001 -16"><span class='ocrx_word' id='word_1_255' title='bbox 354 1895 518 1944; x_wconf 79' lang='lat' dir='ltr'>Quibus</span> <span class='ocrx_word' id='word_1_256' title='bbox 538 1895 607 1935; x_wconf 86' lang='lat' dir='ltr'>ille</span> <span class='ocrx_word' id='word_1_257' title='bbox 628 1895 725 1936; x_wconf 87' lang='lat' dir='ltr'>satis</span> <span class='ocrx_word' id='word_1_258' title='bbox 746 1895 938 1936; x_wconf 85' lang='lat' dir='ltr'>ferociter</span> <span class='ocrx_word' id='word_1_259' title='bbox 968 1895 1196 1951; x_wconf 89' lang='lat' dir='ltr'>respondit,</span> <span class='ocrx_word' id='word_1_260' title='bbox 1220 1895 1283 1935; x_wconf 85' lang='lat' dir='ltr'>vel</span> <span class='ocrx_word' id='word_1_261' title='bbox 1306 1896 1520 1945; x_wconf 83' lang='lat' dir='ltr'>Romanis,</span> <span class='ocrx_word' id='word_1_262' title='bbox 1542 1895 1608 1936; x_wconf 84' lang='lat' dir='ltr'>vel</span> <span class='ocrx_word' id='word_1_263' title='bbox 1630 1895 1765 1937; x_wconf 91' lang='lat' dir='ltr'>Thes-</span> 
     </span>
     <span class='ocr_line' id='line_1_47' title="bbox 353 1951 1765 2009; baseline 0.001 -18"><span class='ocrx_word' id='word_1_264' title='bbox 353 1951 447 1992; x_wconf 86' lang='lat' dir='ltr'>salis</span> <span class='ocrx_word' id='word_1_265' title='bbox 478 1967 518 1992; x_wconf 88' lang='lat' dir='ltr'>se</span> <span class='ocrx_word' id='word_1_266' title='bbox 547 1952 804 1993; x_wconf 83' lang='lat' dir='ltr'>crediturum</span> <span class='ocrx_word' id='word_1_267' title='bbox 835 1952 986 1993; x_wconf 78' lang='lat' dir='ltr'>fuisse:</span> <span class='ocrx_word' id='word_1_268' title='bbox 1019 1953 1062 1992; x_wconf 89' lang='lat' dir='ltr'>in</span> <span class='ocrx_word' id='word_1_269' title='bbox 1089 1951 1275 2008; x_wconf 88' lang='lat' dir='ltr'>Philippi</span> <span class='ocrx_word' id='word_1_270' title='bbox 1306 1967 1347 1993; x_wconf 87' lang='lat' dir='ltr'>se</span> <span class='ocrx_word' id='word_1_271' title='bbox 1376 1961 1623 2009; x_wconf 88' lang='lat' dir='ltr'>potestatem</span> <span class='ocrx_word' id='word_1_272' title='bbox 1655 1967 1765 1993; x_wconf 90' lang='lat' dir='ltr'>com-</span> 
     </span>
     <span class='ocr_line' id='line_1_48' title="bbox 352 2008 1766 2065; baseline 0.001 -17"><span class='ocrx_word' id='word_1_273' title='bbox 352 2008 577 2049; x_wconf 79' lang='lat' dir='ltr'>missurum</span> <span class='ocrx_word' id='word_1_274' title='bbox 607 2024 689 2049; x_wconf 92' lang='lat' dir='ltr'>non</span> <span class='ocrx_word' id='word_1_275' title='bbox 710 2024 807 2049; x_wconf 83' lang='lat' dir='ltr'>esse.</span> <span class='ocrx_word' id='word_1_276' title='bbox 874 2008 1100 2064; x_wconf 88' lang='lat' dir='ltr'>Postquam</span> <span class='ocrx_word' id='word_1_277' title='bbox 1129 2008 1325 2064; x_wconf 87' lang='lat' dir='ltr'>adparuit</span> <span class='ocrx_word' id='word_1_278' title='bbox 1346 2009 1386 2050; x_wconf 89' lang='lat' dir='ltr'>vi</span> <span class='ocrx_word' id='word_1_279' title='bbox 1417 2009 1641 2065; x_wconf 87' lang='lat' dir='ltr'>agendum,</span> <span class='ocrx_word' id='word_1_280' title='bbox 1663 2010 1766 2065; x_wconf 87' lang='lat' dir='ltr'>quia</span> 
     </span>
     <span class='ocr_line' id='line_1_49' title="bbox 353 2065 1765 2122; baseline 0.002 -18"><span class='ocrx_word' id='word_1_281' title='bbox 353 2065 575 2107; x_wconf 83' lang='lat' dir='ltr'>videbatur</span> <span class='ocrx_word' id='word_1_282' title='bbox 594 2073 634 2106; x_wconf 90' lang='lat' dir='ltr'>et</span> <span class='ocrx_word' id='word_1_283' title='bbox 658 2065 890 2106; x_wconf 70' lang='lat' dir='ltr'>Limnaeam</span> <span class='ocrx_word' id='word_1_284' title='bbox 910 2065 1054 2106; x_wconf 89' lang='lat' dir='ltr'>eodem</span> <span class='ocrx_word' id='word_1_285' title='bbox 1076 2074 1261 2121; x_wconf 90' lang='lat' dir='ltr'>tempore</span> <span class='ocrx_word' id='word_1_286' title='bbox 1281 2066 1516 2122; x_wconf 83' lang='lat' dir='ltr'>obpugnari</span> <span class='ocrx_word' id='word_1_287' title='bbox 1546 2081 1680 2122; x_wconf 90' lang='lat' dir='ltr'>posse,</span> <span class='ocrx_word' id='word_1_288' title='bbox 1702 2081 1765 2107; x_wconf 89' lang='lat' dir='ltr'>re-</span> 
     </span>
     <span class='ocr_line' id='line_1_50' title="bbox 352 2119 1764 2178; baseline 0.001 -16"><span class='ocrx_word' id='word_1_289' title='bbox 352 2137 448 2177; x_wconf 80' lang='lat' dir='ltr'>gem</span> <span class='ocrx_word' id='word_1_290' title='bbox 477 2122 531 2163; x_wconf 90' lang='lat' dir='ltr'>ad</span> <span class='ocrx_word' id='word_1_291' title='bbox 554 2119 879 2163; x_wconf 52' lang='lat' dir='ltr'>Lininaeam*ire</span> <span class='ocrx_word' id='word_1_292' title='bbox 914 2122 1095 2178; x_wconf 88' lang='lat' dir='ltr'>placuit:</span> <span class='ocrx_word' id='word_1_293' title='bbox 1130 2123 1300 2164; x_wconf 79' lang='lat' dir='ltr'>Baebius</span> <span class='ocrx_word' id='word_1_294' title='bbox 1332 2124 1486 2164; x_wconf 89' lang='lat' dir='ltr'>restitit</span> <span class='ocrx_word' id='word_1_295' title='bbox 1513 2122 1612 2164; x_wconf 80' lang='lat' dir='ltr'>‘¹9ad</span> <span class='ocrx_word' id='word_1_296' title='bbox 1641 2122 1764 2164; x_wconf 87' lang='lat' dir='ltr'>Pelli-</span> 
     </span>
     <span class='ocr_line' id='line_1_51' title="bbox 354 2179 876 2236; baseline 0 -16"><span class='ocrx_word' id='word_1_297' title='bbox 354 2194 491 2220; x_wconf 87' lang='lat' dir='ltr'>naeum</span> <span class='ocrx_word' id='word_1_298' title='bbox 513 2179 876 2236; x_wconf 45' lang='lat' dir='ltr'>obpugnandum&amp;</span> 
     </span>
    </p>

    <p class='ocr_par' dir='ltr' id='par_1_8' title="bbox 413 2236 1766 2287">
     <span class='ocr_line' id='line_1_52' title="bbox 413 2236 1766 2287; baseline 0.001 -11"><span class='ocrx_word' id='word_1_299' title='bbox 413 2237 538 2276; x_wconf 87' lang='lat' dir='ltr'>XIV.</span> <span class='ocrx_word' id='word_1_300' title='bbox 573 2238 653 2277; x_wconf 89' lang='lat' dir='ltr'>Per</span> <span class='ocrx_word' id='word_1_301' title='bbox 684 2251 752 2277; x_wconf 90' lang='lat' dir='ltr'>eos</span> <span class='ocrx_word' id='word_1_302' title='bbox 783 2236 892 2278; x_wconf 87' lang='lat' dir='ltr'>forte</span> <span class='ocrx_word' id='word_1_303' title='bbox 924 2236 1012 2277; x_wconf 86' lang='lat' dir='ltr'>dies</span> <span class='ocrx_word' id='word_1_304' title='bbox 1044 2237 1117 2277; x_wconf 82' lang='lat' dir='ltr'>M&#39;.</span> <span class='ocrx_word' id='word_1_305' title='bbox 1141 2237 1305 2278; x_wconf 89' lang='lat' dir='ltr'>Acilius</span> <span class='ocrx_word' id='word_1_306' title='bbox 1339 2237 1498 2287; x_wconf 87' lang='lat' dir='ltr'>consul,</span> <span class='ocrx_word' id='word_1_307' title='bbox 1523 2236 1556 2261; x_wconf 89' lang='lat'>⁵⁰</span> <span class='ocrx_word' id='word_1_308' title='bbox 1568 2251 1664 2278; x_wconf 89' lang='lat' dir='ltr'>cum</span> <span class='ocrx_word' id='word_1_309' title='bbox 1695 2236 1766 2277; x_wconf 91' lang='lat' dir='ltr'>de-</span> 
     </span>
    </p>
   </div>
   <div class='ocr_carea' id='block_1_7' title="bbox 357 2324 803 2398">
    <p class='ocr_par' dir='ltr' id='par_1_9' title="bbox 357 2324 803 2398">
     <span class='ocr_line' id='line_1_53' title="bbox 397 2324 803 2355; baseline 0.002 -2"><span class='ocrx_word' id='word_1_310' title='bbox 397 2327 413 2344; x_wconf 85' lang='lat'>¹¹</span> <span class='ocrx_word' id='word_1_311' title='bbox 433 2324 584 2355; x_wconf 76' lang='lat' dir='ltr'>Phricium</span> <span class='ocrx_word' id='word_1_312' title='bbox 599 2324 696 2355; x_wconf 88' lang='lat' dir='ltr'>Gron.</span> <span class='ocrx_word' id='word_1_313' title='bbox 713 2324 803 2355; x_wconf 57' lang='grc' dir='ltr'>(ξι-εν.</span> 
     </span>
     <span class='ocr_line' id='line_1_54' title="bbox 357 2367 742 2398; baseline -0.003 0"><span class='ocrx_word' id='word_1_314' title='bbox 357 2367 454 2398; x_wconf 90' lang='lat' dir='ltr'>Gron.</span> <span class='ocrx_word' id='word_1_315' title='bbox 739 2378 742 2381; x_wconf 57' lang='lat'><strong>⁴</strong></span> 
     </span>
    </p>
   </div>
   <div class='ocr_carea' id='block_1_8' title="bbox 917 2324 1765 2368">
    <p class='ocr_par' dir='ltr' id='par_1_10' title="bbox 917 2324 1765 2368">
     <span class='ocr_line' id='line_1_55' title="bbox 917 2324 1765 2368; baseline 0 -13"><span class='ocrx_word' id='word_1_316' title='bbox 917 2328 934 2346; x_wconf 82' lang='lat'>¹</span> <span class='ocrx_word' id='word_1_317' title='bbox 951 2324 1104 2356; x_wconf 72' lang='lat' dir='ltr'>Ericinum</span> <span class='ocrx_word' id='word_1_318' title='bbox 1122 2324 1208 2356; x_wconf 81' lang='lat' dir='ltr'>Eaed.</span> <span class='ocrx_word' id='word_1_319' title='bbox 1322 2329 1339 2354; x_wconf 78' lang='lat' dir='ltr'><em>Y</em></span> <span class='ocrx_word' id='word_1_320' title='bbox 1352 2327 1579 2368; x_wconf 80' lang='lat' dir='ltr'>oppugnandum</span> <span class='ocrx_word' id='word_1_321' title='bbox 1593 2325 1615 2356; x_wconf 92' lang='lat' dir='ltr'>l.</span> <span class='ocrx_word' id='word_1_322' title='bbox 1629 2326 1765 2364; x_wconf 73' lang='lat' dir='ltr'>oppidum</span> 
     </span>
    </p>
   </div>
   <div class='ocr_carea' id='block_1_9' title="bbox 354 2455 1040 2921">
    <p class='ocr_par' dir='ltr' id='par_1_11' title="bbox 354 2455 1040 2786">
     <span class='ocr_line' id='line_1_56' title="bbox 398 2455 1040 2498; baseline 0.005 -14"><span class='ocrx_word' id='word_1_323' title='bbox 398 2455 437 2485; x_wconf 82' lang='lat'>48</span> <span class='ocrx_word' id='word_1_324' title='bbox 461 2456 497 2485; x_wconf 85' lang='grc' dir='ltr'>Λ.</span> <span class='ocrx_word' id='word_1_325' title='bbox 515 2456 676 2490; x_wconf 79' lang='lat' dir='ltr'>Postumio,</span> <span class='ocrx_word' id='word_1_326' title='bbox 700 2457 749 2496; x_wconf 80' lang='lat' dir='ltr'>qui</span> <span class='ocrx_word' id='word_1_327' title='bbox 772 2457 806 2486; x_wconf 77' lang='lat' dir='ltr'>ab</span> <span class='ocrx_word' id='word_1_328' title='bbox 830 2456 921 2486; x_wconf 75' lang='lat' dir='ltr'>Atilio</span> <span class='ocrx_word' id='word_1_329' title='bbox 946 2456 1040 2498; x_wconf 80' lang='lat' dir='ltr'>legato</span> 
     </span>
     <span class='ocr_line' id='line_1_57' title="bbox 357 2497 1040 2540; baseline 0.004 -13"><span class='ocrx_word' id='word_1_330' title='bbox 357 2497 536 2537; x_wconf 74' lang='lat' dir='ltr'>Cephaleniae.</span> <span class='ocrx_word' id='word_1_331' title='bbox 569 2499 738 2537; x_wconf 79' lang='lat' dir='ltr'>proepositus</span> <span class='ocrx_word' id='word_1_332' title='bbox 763 2499 887 2540; x_wconf 83' lang='lat' dir='ltr'>fuerat]</span> <span class='ocrx_word' id='word_1_333' title='bbox 925 2498 1040 2530; x_wconf 79' lang='lat' dir='ltr'>Atilius</span> 
     </span>
     <span class='ocr_line' id='line_1_58' title="bbox 356 2540 1040 2583; baseline 0.004 -13"><span class='ocrx_word' id='word_1_334' title='bbox 356 2551 416 2571; x_wconf 89' lang='lat' dir='ltr'>non</span> <span class='ocrx_word' id='word_1_335' title='bbox 439 2541 571 2581; x_wconf 82' lang='lat' dir='ltr'>legatus,</span> <span class='ocrx_word' id='word_1_336' title='bbox 593 2541 647 2571; x_wconf 89' lang='lat' dir='ltr'>sed</span> <span class='ocrx_word' id='word_1_337' title='bbox 674 2540 738 2583; x_wconf 87' lang='lat' dir='ltr'>ipse</span> <span class='ocrx_word' id='word_1_338' title='bbox 763 2547 874 2583; x_wconf 85' lang='lat' dir='ltr'>praetor</span> <span class='ocrx_word' id='word_1_339' title='bbox 898 2541 965 2578; x_wconf 82' lang='lat' dir='ltr'>fuit,</span> <span class='ocrx_word' id='word_1_340' title='bbox 989 2542 1040 2573; x_wconf 85' lang='lat' dir='ltr'>cui</span> 
     </span>
     <span class='ocr_line' id='line_1_59' title="bbox 354 2583 1038 2616; baseline 0.004 -3"><span class='ocrx_word' id='word_1_341' title='bbox 354 2583 460 2614; x_wconf 81' lang='lat' dir='ltr'>classis</span> <span class='ocrx_word' id='word_1_342' title='bbox 475 2589 506 2615; x_wconf 86' lang='lat' dir='ltr'>et</span> <span class='ocrx_word' id='word_1_343' title='bbox 526 2583 714 2614; x_wconf 81' lang='lat' dir='ltr'>Macedonia</span> <span class='ocrx_word' id='word_1_344' title='bbox 728 2584 851 2615; x_wconf 82' lang='lat' dir='ltr'>decreta</span> <span class='ocrx_word' id='word_1_345' title='bbox 865 2590 940 2616; x_wconf 87' lang='lat' dir='ltr'>erat.</span> <span class='ocrx_word' id='word_1_346' title='bbox 964 2586 991 2616; x_wconf 81' lang='lat' dir='ltr'><strong>V</strong></span> <span class='ocrx_word' id='word_1_347' title='bbox 996 2585 1038 2616; x_wconf 93' lang='lat' dir='ltr'>id.</span> 
     </span>
     <span class='ocr_line' id='line_1_60' title="bbox 355 2626 1039 2667; baseline 0.004 -12"><span class='ocrx_word' id='word_1_348' title='bbox 355 2636 448 2667; x_wconf 72' lang='lat' dir='ltr'>supra</span> <span class='ocrx_word' id='word_1_349' title='bbox 469 2626 489 2656; x_wconf 88' lang='lat' dir='ltr'>l.</span> <span class='ocrx_word' id='word_1_350' title='bbox 512 2626 649 2657; x_wconf 76' lang='lat' dir='ltr'><strong>XXXV.</strong></span> <span class='ocrx_word' id='word_1_351' title='bbox 671 2636 697 2656; x_wconf 90' lang='lat' dir='ltr'>c.</span> <span class='ocrx_word' id='word_1_352' title='bbox 715 2627 767 2657; x_wconf 85' lang='lat'>20.</span> <span class='ocrx_word' id='word_1_353' title='bbox 813 2627 967 2658; x_wconf 84' lang='lat' dir='ltr'>Credibile</span> <span class='ocrx_word' id='word_1_354' title='bbox 993 2634 1039 2658; x_wconf 90' lang='lat' dir='ltr'>est</span> 
     </span>
     <span class='ocr_line' id='line_1_61' title="bbox 355 2667 1037 2709; baseline 0.004 -13"><span class='ocrx_word' id='word_1_355' title='bbox 355 2667 448 2703; x_wconf 54' lang='lat' dir='ltr'>igitur</span> <span class='ocrx_word' id='word_1_356' title='bbox 461 2669 553 2700; x_wconf 82' lang='lat' dir='ltr'>fuisse</span> <span class='ocrx_word' id='word_1_357' title='bbox 571 2669 761 2700; x_wconf 83' lang='lat' dir='ltr'>Postumium</span> <span class='ocrx_word' id='word_1_358' title='bbox 784 2671 919 2709; x_wconf 80' lang='lat' dir='ltr'>legatum</span> <span class='ocrx_word' id='word_1_359' title='bbox 937 2669 1037 2705; x_wconf 78' lang='lat' dir='ltr'>Atilii,</span> 
     </span>
     <span class='ocr_line' id='line_1_62' title="bbox 356 2711 1036 2754; baseline 0.001 -13"><span class='ocrx_word' id='word_1_360' title='bbox 356 2711 581 2753; x_wconf 75' lang='lat' dir='ltr'>legendumque</span> <span class='ocrx_word' id='word_1_361' title='bbox 614 2712 672 2743; x_wconf 86' lang='lat' dir='ltr'>huc</span> <span class='ocrx_word' id='word_1_362' title='bbox 703 2712 769 2743; x_wconf 90' lang='lat' dir='ltr'>loco</span> <span class='ocrx_word' id='word_1_363' title='bbox 797 2713 918 2754; x_wconf 74' lang='lat' dir='ltr'>legatus.</span> <span class='ocrx_word' id='word_1_364' title='bbox 962 2713 1036 2743; x_wconf 64' lang='lat' dir='ltr'>Jm.</span> 
     </span>
     <span class='ocr_line' id='line_1_63' title="bbox 357 2755 578 2786; baseline 0.009 -2"><span class='ocrx_word' id='word_1_365' title='bbox 357 2755 578 2786; x_wconf 69' lang='lat' dir='ltr'>Psmzomus.</span> 
     </span>
    </p>

    <p class='ocr_par' dir='ltr' id='par_1_12' title="bbox 356 2798 1039 2921">
     <span class='ocr_line' id='line_1_64' title="bbox 399 2798 1036 2838; baseline 0.002 -12"><span class='ocrx_word' id='word_1_366' title='bbox 399 2798 439 2827; x_wconf 81' lang='lat'>49</span> <span class='ocrx_word' id='word_1_367' title='bbox 477 2800 522 2827; x_wconf 72' lang='lat' dir='ltr'>Aa</span> <span class='ocrx_word' id='word_1_368' title='bbox 568 2798 742 2828; x_wconf 79' lang='lat' dir='ltr'>Pellinoenm</span> <span class='ocrx_word' id='word_1_369' title='bbox 793 2798 1036 2838; x_wconf 62' lang='lat' dir='ltr'>oppugnandum]</span> 
     </span>
     <span class='ocr_line' id='line_1_65' title="bbox 361 2838 1037 2871; baseline 0.004 -4"><span class='ocrx_word' id='word_1_370' title='bbox 361 2838 559 2871; x_wconf 63' lang='lat' dir='ltr'>Recentiorcs</span> <span class='ocrx_word' id='word_1_371' title='bbox 577 2840 651 2871; x_wconf 82' lang='lat' dir='ltr'>editi</span> <span class='ocrx_word' id='word_1_372' title='bbox 674 2839 790 2871; x_wconf 79' lang='lat' dir='ltr'>habent</span> <span class='ocrx_word' id='word_1_373' title='bbox 807 2843 844 2871; x_wconf 80' lang='lat' dir='ltr'>ad</span> <span class='ocrx_word' id='word_1_374' title='bbox 861 2842 1037 2871; x_wconf 78' lang='lat' dir='ltr'>Pellinoeum</span> 
     </span>
     <span class='ocr_line' id='line_1_66' title="bbox 356 2882 1039 2921; baseline 0.004 -9"><span class='ocrx_word' id='word_1_375' title='bbox 356 2884 502 2921; x_wconf 71' lang='lat' dir='ltr'>oppidum,</span> <span class='ocrx_word' id='word_1_376' title='bbox 526 2890 631 2915; x_wconf 81' lang='lat' dir='ltr'>contra</span> <span class='ocrx_word' id='word_1_377' title='bbox 658 2882 854 2915; x_wconf 79' lang='lat' dir='ltr'>vetustiorum</span> <span class='ocrx_word' id='word_1_378' title='bbox 885 2888 915 2914; x_wconf 85' lang='lat' dir='ltr'>et</span> <span class='ocrx_word' id='word_1_379' title='bbox 944 2883 1039 2915; x_wconf 85' lang='lat' dir='ltr'>MSS.</span> 
     </span>
    </p>
   </div>
   <div class='ocr_carea' id='block_1_10' title="bbox 1081 2456 1767 2872">
    <p class='ocr_par' dir='ltr' id='par_1_13' title="bbox 1082 2456 1185 2488">
     <span class='ocr_line' id='line_1_67' title="bbox 1082 2456 1185 2488; baseline 0.019 -2"><span class='ocrx_word' id='word_1_380' title='bbox 1082 2456 1185 2488; x_wconf 82' lang='lat' dir='ltr'>fidem.</span> 
     </span>
    </p>

    <p class='ocr_par' dir='ltr' id='par_1_14' title="bbox 1081 2499 1767 2872">
     <span class='ocr_line' id='line_1_68' title="bbox 1125 2499 1764 2541; baseline 0 -11"><span class='ocrx_word' id='word_1_381' title='bbox 1125 2501 1167 2530; x_wconf 90' lang='lat'>50</span> <span class='ocrx_word' id='word_1_382' title='bbox 1202 2500 1276 2530; x_wconf 81' lang='lat' dir='ltr'>Cum</span> <span class='ocrx_word' id='word_1_383' title='bbox 1311 2500 1417 2541; x_wconf 75' lang='lat' dir='ltr'>viginti</span> <span class='ocrx_word' id='word_1_384' title='bbox 1452 2499 1578 2529; x_wconf 77' lang='lat' dir='ltr'>millibus</span> <span class='ocrx_word' id='word_1_385' title='bbox 1616 2499 1764 2541; x_wconf 78' lang='lat' dir='ltr'>peditum]</span> 
     </span>
     <span class='ocr_line' id='line_1_69' title="bbox 1084 2542 1764 2583; baseline 0.004 -11"><span class='ocrx_word' id='word_1_386' title='bbox 1084 2542 1133 2573; x_wconf 82' lang='lat' dir='ltr'>Re</span> <span class='ocrx_word' id='word_1_387' title='bbox 1158 2543 1292 2574; x_wconf 86' lang='lat' dir='ltr'>osuimus</span> <span class='ocrx_word' id='word_1_388' title='bbox 1314 2543 1418 2581; x_wconf 71' lang='lat' dir='ltr'>viginti</span> <span class='ocrx_word' id='word_1_389' title='bbox 1440 2552 1493 2583; x_wconf 88' lang='lat' dir='ltr'>pro</span> <span class='ocrx_word' id='word_1_390' title='bbox 1515 2543 1609 2572; x_wconf 78' lang='lat' dir='ltr'>decem</span> <span class='ocrx_word' id='word_1_391' title='bbox 1625 2552 1663 2573; x_wconf 84' lang='lat' dir='ltr'>ex</span> <span class='ocrx_word' id='word_1_392' title='bbox 1680 2542 1764 2575; x_wconf 83' lang='lat' dir='ltr'>vict.</span> 
     </span>
     <span class='ocr_line' id='line_1_70' title="bbox 1081 2583 1762 2621; baseline 0 -5"><span class='ocrx_word' id='word_1_393' title='bbox 1081 2595 1120 2616; x_wconf 87' lang='lat' dir='ltr'>co</span> <span class='ocrx_word' id='word_1_394' title='bbox 1145 2586 1200 2621; x_wconf 89' lang='lat' dir='ltr'>ice,</span> <span class='ocrx_word' id='word_1_395' title='bbox 1215 2592 1246 2616; x_wconf 83' lang='lat' dir='ltr'>et</span> <span class='ocrx_word' id='word_1_396' title='bbox 1259 2584 1393 2616; x_wconf 86' lang='lat' dir='ltr'>evidenti</span> <span class='ocrx_word' id='word_1_397' title='bbox 1408 2583 1536 2615; x_wconf 83' lang='lat' dir='ltr'>ratione.</span> <span class='ocrx_word' id='word_1_398' title='bbox 1574 2585 1665 2615; x_wconf 83' lang='lat' dir='ltr'>Duas</span> <span class='ocrx_word' id='word_1_399' title='bbox 1679 2585 1762 2616; x_wconf 86' lang='lat' dir='ltr'>enim</span> 
     </span>
     <span class='ocr_line' id='line_1_71' title="bbox 1082 2627 1765 2669; baseline 0.001 -11"><span class='ocrx_word' id='word_1_400' title='bbox 1082 2627 1217 2669; x_wconf 84' lang='lat' dir='ltr'>legiones</span> <span class='ocrx_word' id='word_1_401' title='bbox 1239 2628 1373 2658; x_wconf 79' lang='lat' dir='ltr'>habebat</span> <span class='ocrx_word' id='word_1_402' title='bbox 1394 2627 1512 2663; x_wconf 86' lang='lat' dir='ltr'>consul,</span> <span class='ocrx_word' id='word_1_403' title='bbox 1528 2633 1557 2657; x_wconf 87' lang='lat' dir='ltr'>et</span> <span class='ocrx_word' id='word_1_404' title='bbox 1580 2637 1685 2669; x_wconf 80' lang='lat' dir='ltr'>parem</span> <span class='ocrx_word' id='word_1_405' title='bbox 1708 2637 1765 2659; x_wconf 90' lang='lat' dir='ltr'>nu·</span> 
     </span>
     <span class='ocr_line' id='line_1_72' title="bbox 1081 2670 1767 2712; baseline 0.001 -11"><span class='ocrx_word' id='word_1_406' title='bbox 1081 2680 1196 2701; x_wconf 86' lang='lat' dir='ltr'>merum</span> <span class='ocrx_word' id='word_1_407' title='bbox 1241 2670 1377 2712; x_wconf 86' lang='lat' dir='ltr'>pediturn</span> <span class='ocrx_word' id='word_1_408' title='bbox 1430 2670 1590 2701; x_wconf 81' lang='lat' dir='ltr'>sociorum.</span> <span class='ocrx_word' id='word_1_409' title='bbox 1649 2670 1767 2702; x_wconf 80' lang='lat' dir='ltr'>Firmat</span> 
     </span>
     <span class='ocr_line' id='line_1_73' title="bbox 1082 2713 1763 2756; baseline 0 -13"><span class='ocrx_word' id='word_1_410' title='bbox 1082 2713 1174 2744; x_wconf 80' lang='lat' dir='ltr'>etiam</span> <span class='ocrx_word' id='word_1_411' title='bbox 1190 2713 1362 2756; x_wconf 78' lang='lat' dir='ltr'>AppianuS.</span> <span class='ocrx_word' id='word_1_412' title='bbox 1407 2713 1445 2742; x_wconf 84' lang='lat' dir='ltr'>ln</span> <span class='ocrx_word' id='word_1_413' title='bbox 1468 2724 1504 2743; x_wconf 87' lang='lat' dir='ltr'>eo</span> <span class='ocrx_word' id='word_1_414' title='bbox 1523 2713 1604 2754; x_wconf 92' lang='lat' dir='ltr'>quod</span> <span class='ocrx_word' id='word_1_415' title='bbox 1627 2713 1763 2754; x_wconf 81' lang='lat' dir='ltr'>sequitur</span> 
     </span>
     <span class='ocr_line' id='line_1_74' title="bbox 1082 2756 1765 2796; baseline 0.001 -10"><span class='ocrx_word' id='word_1_416' title='bbox 1082 2757 1228 2792; x_wconf 84' lang='lat' dir='ltr'>membro,</span> <span class='ocrx_word' id='word_1_417' title='bbox 1257 2758 1364 2786; x_wconf 75' lang='lat' dir='ltr'>duobus</span> <span class='ocrx_word' id='word_1_418' title='bbox 1398 2757 1525 2787; x_wconf 79' lang='lat' dir='ltr'>millibus</span> <span class='ocrx_word' id='word_1_419' title='bbox 1560 2758 1700 2796; x_wconf 71' lang='lat' dir='ltr'>equitum,</span> <span class='ocrx_word' id='word_1_420' title='bbox 1730 2756 1765 2787; x_wconf 62' lang='lat' dir='ltr'>vi</span> 
     </span>
     <span class='ocr_line' id='line_1_75' title="bbox 1082 2799 1762 2840; baseline 0.004 -12"><span class='ocrx_word' id='word_1_421' title='bbox 1082 2799 1207 2828; x_wconf 72' lang='lat' dir='ltr'>millibus</span> <span class='ocrx_word' id='word_1_422' title='bbox 1241 2808 1502 2840; x_wconf 80' lang='lat' dir='ltr'>supervacaneum</span> <span class='ocrx_word' id='word_1_423' title='bbox 1537 2804 1593 2835; x_wconf 79' lang='lat' dir='ltr'>est,</span> <span class='ocrx_word' id='word_1_424' title='bbox 1623 2805 1655 2830; x_wconf 79' lang='lat' dir='ltr'>et</span> <span class='ocrx_word' id='word_1_425' title='bbox 1687 2799 1762 2831; x_wconf 81' lang='lat' dir='ltr'>reci-</span> 
     </span>
     <span class='ocr_line' id='line_1_76' title="bbox 1083 2840 1232 2872; baseline 0 0"><span class='ocrx_word' id='word_1_426' title='bbox 1083 2840 1232 2872; x_wconf 83' lang='lat' dir='ltr'>dendum.</span> 
     </span>
    </p>
   </div>
   <div class='ocr_carea' id='block_1_11' title="bbox 1940 687 1947 2002">
    <p class='ocr_par' dir='ltr' id='par_1_15' title="bbox 1940 687 1947 2002">
     <span class='ocr_line' id='line_1_77' title="bbox 1940 687 1947 2002; baseline 0 0"><span class='ocrx_word' id='word_1_427' title='bbox 1940 687 1947 2002; x_wconf 95' lang='lat' dir='ltr'> </span> 
     </span>
    </p>
   </div>
  </div>
 </body>
</html>
