1947 3222
515 135 635 172 LIB.
664 132 877 170 XXXVII.
919 134 1051 172 CAP.
1081 135 1130 171 X.
1452 143 1526 177 285

118 243 327 300 Thyatira
346 251 466 294 esset,
483 242 689 285 hortando
709 241 894 297 perpulit
917 242 1104 292 Livium,
1124 251 1169 284 ut
1192 244 1379 301 quinque
1399 247 1528 288 millia
1545 259 1630 291 U.C.
1644 259 1718 290 562.

115 300 297 343 militum
318 316 456 343 secum
477 300 671 341 mitteret.
704 298 816 346 missi
836 298 1045 354 ingentem
1076 299 1261 355 praedam
1286 302 1396 344 intra
1425 319 1527 360 pau-
1541 303 1632 335 ¹³·C·
1648 303 1716 332 190.

114 372 183 398 cos
203 357 291 399 dies
310 364 562 399 averterunt.

125 431 129 435 Δ
175 415 261 455 ΙΧ.
294 416 410 456 Inter
439 413 528 454 haec
559 412 749 454 Phocaeae
780 411 927 453 seditio
955 421 1061 463 orta,
1083 413 1337 469 quibusdam
1358 416 1413 456 ad
1437 417 1526 458 An-

114 470 300 512 tiochum
328 469 611 512 multitudinis
640 469 798 510 animos
826 470 1108 511 avocantibus.
1170 470 1328 512 Gravia
1353 471 1527 514 hiberna

114 527 283 569 navium
322 534 465 575 erant;
511 541 639 582 grave
680 526 903 576 tributum,
943 527 1056 582 quod
1093 525 1244 582 ‘²⁵togae
1284 527 1526 584 quingentae

114 584 328 647 imperatae
362 591 494 634 erant,
528 598 625 625 cum
658 583 899 638 quingentis
934 583 1111 631 tunicis;
1143 585 1283 640 gravis
1312 585 1436 626 etiam
1466 586 1533 626 in-

114 655 209 696 opla
238 639 456 690 frumenti,
489 647 662 697 propter
694 655 821 696 quam
853 655 978 681 naves
1011 656 1181 697 quoque
1213 649 1254 683 et
1284 641 1526 697 praesidium

115 697 355 737 Romanum
389 697 575 739 excessit.
622 705 714 738 tum
755 712 853 738 vero
892 697 1068 738 liberata
1107 706 1223 740 metu
1262 698 1389 741 factio
1423 707 1526 750 erat,

113 768 210 809 quae
229 753 395 810 plebem
415 753 457 794 in
487 752 754 795 concionibus
774 753 828 795 ad
850 753 1107 795 Antiochum
1142 754 1343 797 trahebat.
1406 757 1529 797 Sena-

110 817 180 851 tus
214 817 256 852 et
290 811 512 866 optimates
547 810 589 851 in
631 811 823 852 Romana
857 811 1052 852 societate
1086 812 1357 867 perstandum
1392 827 1527 854 cense-

110 866 226 908 bant.
257 866 501 909 defectionis
536 875 726 909 auctores
760 867 856 924 plus
891 867 1007 923 apud
1041 868 1357 910 multitudinem
1388 869 1528 911 value-

110 931 222 965 runt.
284 923 457 973 Rhodii,
489 939 575 980 quo
603 925 737 980 magis
768 933 973 966 cessatum
1004 924 1141 980 priore
1171 933 1315 967 aestate
1345 934 1447 976 erat,
1479 942 1527 968 eo

112 980 319 1022 maturius
358 980 609 1038 aequinoctio
649 995 776 1022 verno
810 981 1001 1022 eumdem
1045 982 1353 1024 Pausistratum
1389 982 1527 1024 classis

113 1037 359 1093 praefectum
381 1053 475 1078 cum
498 1053 569 1079 sex
594 1045 636 1079 et
667 1038 842 1093 triginta
861 1037 1039 1079 navibus
1059 1039 1274 1080 miserunt.
1335 1040 1365 1079 J
1368 1054 1433 1080 am
1457 1040 1528 1080 Li-

113 1093 206 1135 vius
226 1109 252 1135 a
274 1094 398 1135 Canis
418 1109 513 1135 cum
534 1094 708 1149 triginta
728 1095 904 1135 navibus
925 1102 965 1135 et
997 1103 1155 1150 septem
1176 1095 1526 1150 quadriremibus,

112 1165 219 1206 quas
253 1165 392 1192 secum
424 1152 635 1192 Eumenes
664 1166 738 1191 rex
773 1150 1023 1201 adduxerat,
1061 1151 1384 1208 Hellespontum
1415 1160 1658 1209 pete-Classis

113 1207 212 1256 bat;
245 1215 294 1249 ut
324 1207 378 1249 ad
402 1207 624 1249 transitum
655 1208 878 1258 exercitus,
900 1223 1027 1263 quem
1055 1216 1166 1250 terra
1195 1217 1420 1250 venturum
1441 1204 1727 1277 Opi-llzomffsel-

113 1264 308 1315 nabatur,
338 1272 608 1321 praepararet,
640 1280 737 1321 quae
766 1280 873 1321 opus
903 1273 1049 1307 essent.
1113 1266 1165 1306 In
1194 1274 1380 1321 portum,
1402 1282 1527 1322 quem
1542 1255 1713 1332 §spamam

114 1329 262 1363 vocant
298 1321 570 1371 Achaeorum,
606 1321 776 1363 classem
808 1321 991 1378 primum
1026 1321 1221 1364 advertit.
1266 1322 1363 1364 inde
1400 1324 1528 1365 Ilium

113 1377 344 1428 adscendit,
367 1378 651 1434 sacrificioque
684 1379 890 1420 Minervae
920 1378 1046 1430 facto,
1077 1378 1303 1435 legationes
1332 1380 1530 1422 finitimas

115 1434 169 1476 ab
190 1434 402 1486 Elaeunte,
423 1443 465 1477 et
487 1435 701 1485 Dardano,
723 1444 765 1477 et
797 1435 994 1486 Rhoeteo,
1015 1436 1227 1477 tradentes
1256 1437 1300 1477 in
1330 1437 1455 1478 fidem
1476 1438 1531 1478 ci-

111 1491 262 1534 vitates
291 1507 400 1542 SuaS,
430 1492 608 1547 benigne
638 1492 813 1534 audivit.
876 1493 982 1534 Inde
1012 1492 1067 1533 ad
1097 1492 1361 1549 Hellesponti
1390 1494 1531 1535 fauces

114 1549 311 1604 navigat;
344 1557 400 1599 et,
422 1548 564 1590 decem
594 1548 771 1590 navibus
800 1548 843 1590 in
873 1548 1049 1590 statione
1078 1558 1223 1591 contra
1243 1550 1450 1607 Abydum
1468 1566 1530 1592 re-

114 1604 238 1655 lictis,
260 1613 396 1646 cetera
425 1604 552 1647 classe
580 1604 624 1646 in
654 1607 872 1662 Europam
903 1605 957 1647 ad
990 1607 1177 1648 Sestumh
1203 1606 1529 1662 obpugnandam

114 1662 289 1718 trajecit.
348 1663 448 1703 Jam
483 1662 761 1704 subeuntibus
796 1662 965 1704 armatis
999 1678 1141 1704 muros
1169 1658 1378 1705 ²⁶fanatici
1416 1664 1529 1705 Galli

114 1718 294 1774 primum
316 1734 412 1760 cum
433 1718 619 1760 sollemni
640 1718 788 1761 habitu
808 1727 905 1761 ante
925 1727 1090 1776 portam
1110 1720 1355 1762 obcurrunt.
1396 1721 1529 1763 ‹Jussu

114 1790 157 1816 se
176 1775 320 1817 matris
342 1776 482 1817 Defim
512 1775 692 1817 famulos
713 1777 817 1817 Deae
841 1777 982 1817 venire
1011 1785 1258 1828 memorant,
1279 1777 1335 1818 ad
1361 1793 1530 1833 precan-

113 1831 216 1873 dum
241 1832 492 1883 Romanum,
514 1841 563 1874 ut
593 1841 780 1888 parceret
810 1832 1017 1874 moenibus
1047 1833 1239 1890 urbique.
1300 1835 1435 1875 Nemo
1464 1851 1531 1876 eo-

115 1903 210 1930 rum
237 1889 417 1931 violatus
447 1897 531 1931 est:
564 1905 663 1931 mox
694 1891 913 1931 universus
944 1898 1113 1933 senatus
1147 1905 1243 1931 cum
1279 1891 1530 1947 magistrati-

114 1945 194 1987 bus
214 1946 268 1987 ad
289 1946 522 1987 dedendam
544 1946 690 1987 urbem
713 1947 924 2002 processit.
988 1947 1094 1988 Inde
1124 1947 1331 2004 Abydum
1357 1949 1531 2004 trajecta

113 2001 264 2044 classis.
296 2003 370 2044 ubi
400 2018 548 2059 quum,
579 2005 750 2045 tentatis
779 2019 854 2060 per
883 2003 1105 2059 conloquia
1131 2004 1293 2054 animis,
1324 2004 1428 2045 nihil
1458 2020 1530 2061 pa-

113 2060 195 2100 cati
215 2059 553 2115 responderetur,
574 2059 629 2100 ad
649 2061 1009 2116 obpugnationem
1031 2076 1117 2102 sese
1138 2061 1428 2117 expediebant.

172 2117 232 2157 X.
265 2117 381 2157 Dum
411 2116 501 2158 haec
529 2116 573 2158 in
605 2117 881 2174 Hellesponto
910 2125 1131 2173 geruntur,
1155 2117 1438 2174 Polyxenidas
1468 2133 1531 2160 re·
1543 2130 1710 2173 Polyxeni-

112 2173 210 2230 gius
229 2173 469 2230 praefectus,
494 2173 602 2226 (erat
632 2182 773 2215 autem
803 2174 922 2215 exsul
945 2174 1154 2229 Rhodius)
1177 2189 1310 2230 quum
1330 2174 1529 2227 audisset,
1542 2173 1598 2205 das
1612 2174 1694 2206 frau-

114 2230 344 2286 profectam
364 2231 417 2272 ab
447 2230 572 2271 domo
595 2230 863 2287 popularium
891 2247 1063 2272 suorum
1093 2231 1279 2282 classem,
1300 2239 1341 2273 et
1365 2233 1532 2274 Pausis-
1544 2216 1714 2293 {iifflafifu'

114 2294 272 2328 tratum
299 2287 546 2344 praefectum
569 2288 746 2343 superbe
771 2288 966 2344 quaedam
987 2296 1028 2330 et
1049 2289 1290 2330 contemtim
1310 2288 1354 2329 in
1376 2304 1417 2330 se
1438 2305 1532 2331 con-
1545 2305 1643 2336 struit.

116 2342 359 2385 cionantemi
382 2343 550 2394 dixisse,
604 2344 787 2400 raecipuo
807 2345 1030 2386 certamine
1051 2345 1178 2386 animi
1207 2345 1408 2387 adversus
1435 2361 1531 2388 eum

118 2406 269 2450 sumto,
289 2400 394 2442 nihil
415 2400 530 2442 aliud
592 2401 649 2442 ies
678 2409 904 2457 noctesque
934 2402 1120 2457 agitabat
1151 2403 1303 2452 animo,
1326 2418 1453 2458 quam
1482 2412 1530 2445 ut

117 2455 244 2496 verba
261 2457 481 2513 magnifica
500 2458 590 2514 ejus
619 2458 745 2499 rebus
774 2459 1024 2501 confutaret.
1086 2458 1226 2500 Mittit
1252 2459 1307 2500 ad
1333 2474 1429 2500 eum
1458 2460 1531 2500 ho-

119 2510 271 2552 minem
290 2521 331 2555 et
346 2514 406 2555 illi
428 2522 590 2564 notum,
607 2515 681 2570 qui
702 2514 872 2566 diceret,
888 2516 949 2556 Et
967 2530 1009 2557 se
1023 2517 1286 2557 Pausistrato
1299 2518 1532 2570 patriaeque

119 2581 202 2608 suae
220 2581 367 2624 magno
396 2573 498 2622 usui,
519 2571 595 2612 ‘²⁷32‘
613 2574 748 2622 liceat,
756 2574 877 2627 forcu-
913 2579 952 2614 et
981 2587 1007 2613 a
1028 2574 1292 2615 Pausistrato
1311 2588 1352 2615 se
1370 2574 1532 2616 restitui

425 2670 441 2694 δ
457 2671 555 2703 Seston
570 2671 666 2704 Gron.
685 2673 777 2703 Crev.
906 2671 914 2693 ἰ
928 2673 1128 2703 concicmatum
1142 2672 1232 2714 Eaed.

167 2753 209 2784 25
235 2752 316 2793 Togae
344 2756 523 2798 quingentae]
561 2757 635 2789 Vid.
661 2763 725 2790 not.
750 2759 802 2790 68.
849 2758 994 2800 CybeleS.

121 2793 162 2825 ad
179 2795 200 2825 l.
214 2795 326 2826 XXII.
340 2806 368 2827 c.
384 2798 434 2828 54.
890 2802 930 2831 27
955 2802 985 2831 Si
1009 2801 1110 2841 liceat]
1148 2801 1208 2831 Per
1237 2799 1480 2832 Pausistratum:
1505 2800 1530 2830 μ’

162 2837 204 2868 26
222 2837 359 2868 Fanatici
374 2839 472 2882 Galli]
499 2841 737 2873 Debacehantes
748 2854 803 2883 pro
848 2843 928 2875 sinat
944 2843 1165 2875 Pausistratus.

122 2890 205 2913 more
226 2880 406 2915 Sacerdotes
427 2884 553 2924 Magnae
571 2885 684 2916 Matris
707 2885 803 2917 deum
