1947 3222
527 84 649 122 LIB.
677 82 872 122 XXXIV.
918 82 1053 122 CAP.
1084 83 1216 122 XXX.
1508 53 1595 131 159Α

162 192 266 234 tiore
286 191 376 234 loco
405 193 559 243 hostes3
581 191 704 232 simul
733 206 808 247 per
842 190 1101 247 patefactum
1130 191 1253 233 ruina
1270 192 1352 235 iter
1371 194 1583 251 inrumpe-
1596 206 1639 238 U.
1649 205 1688 238 C.
1699 206 1774 237 557.

162 265 207 290 re
236 251 506 292 conabantur.
537 263 612 290 nec
646 248 830 290 multum
860 247 1014 298 abfuit,
1044 247 1164 304 quin,
1185 264 1273 306 qua
1304 250 1583 304 intenderant,
1596 250 1638 283 Α·
1651 249 1775 281 C.195.

195 314 440 348 enetmrent.
478 305 548 346 sed
583 305 766 346 tardavit
799 305 990 361 inpetum
1019 320 1164 346 eorum
1201 321 1294 361 spes
1323 307 1487 363 objecta
1516 309 1586 350 de-

163 323 313 404 Hendae
343 363 472 412 urbis,
494 375 594 403 mox
624 362 774 403 deinde
804 361 947 403 eadem
978 362 1161 404 turbata.
1223 363 1514 418 Dexagoridas
1544 374 1587 407 et

167 420 386 476 Gorgopas
415 419 506 476 pari
536 418 711 475 imperio
739 427 947 475 praeerant
977 418 1085 460 urbi.
1147 419 1437 475 Dexagoridas
1466 422 1587 462 mise-

163 484 229 518 rat
259 477 314 517 ad
342 476 528 532 legatum
551 477 806 526 Romanum,
828 475 1085 518 traditurum
1114 491 1156 518 se
1176 477 1360 517 urbe1n³.
1392 485 1433 518 et
1454 492 1587 533 quum

165 534 220 575 ad
249 548 339 574 eam
368 549 455 574 rem
478 541 646 589 tempus
666 541 707 574 et
740 534 847 574 ratio
877 532 1148 583 convenisset,
1170 549 1195 574 a
1217 534 1420 590 Gorgopa
1447 534 1588 590 prodi-

166 602 231 632 tor
259 589 519 631 interficitur.
550 591 839 646 intentiusque
859 590 913 631 ab
938 605 1023 631 uno
1052 590 1155 632 urbs
1184 590 1513 632 defendebatur:
1546 599 1588 632 et

165 646 369 688 difficilior
401 647 512 688 facta
541 647 803 703 obpugnatio
833 655 936 697 erat,
958 646 1000 688 ni
1033 648 1086 688 T.
1111 647 1335 697 Quinctius
1368 663 1464 689 cum
1486 663 1595 704 qua-¹

165 711 262 744 tuor
294 703 479 745 millibus
508 704 766 746 delectorum
798 703 981 745 militum
1011 704 1328 759 supervenisset.
1390 706 1434 746 Is
1454 720 1589 760 quum

164 760 386 816 supercilio
414 761 530 802 haud
559 761 707 817 procul
735 760 929 804 distantis
958 761 1113 802 tumuli
1133 761 1186 802 ab
1207 762 1312 802 urbe
1342 761 1591 803 instructam

167 818 297 858 aciem
318 818 581 868 ostendisset,
603 826 645 859 et
673 834 724 859 ex
754 818 885 859 altera
914 826 1034 874 parte
1055 818 1107 858 L.
1133 818 1354 868 Quinctius
1384 819 1437 860 ab
1458 818 1592 874 operi-

165 874 246 915 bus
267 875 353 916 suis
375 883 486 916 terra
505 875 694 931 marique
714 875 887 916 instaret
905 891 915 922 ·‚
948 873 982 898 ⁹⁸
996 882 1087 916 tum
1109 889 1207 916 vero
1228 875 1462 931 desperatio
1485 875 1593 917 Gor-

167 946 322 987 gopam
343 947 513 988 quoque
535 932 670 987 coegit
700 931 745 972 id
775 931 947 981 consilii,
970 931 1086 987 quod
1115 930 1158 971 in
1189 931 1320 973 altero
1350 941 1484 973 morte
1504 932 1594 973 vin-

167 988 393 1039 dicaverat,
415 1004 572 1045 capere.
604 996 645 1030 et
674 996 838 1044 pactus,
861 995 910 1029 ut
940 988 1148 1029 abducere
1169 987 1266 1029 inde
1295 988 1466 1038 milites,
1486 1005 1594 1045 quos

169 1045 355 1101 praesidii
389 1061 535 1087 caussa
568 1045 765 1095 habebat,
801 1045 957 1095 liceret,
992 1044 1167 1087 tradidit
1199 1045 1398 1095 Quinctio
1430 1045 1591 1086 urbem.

172 1102 428 1158 Priusquam
451 1102 661 1158 Gythium
689 1102 941 1152 traderetur,
965 1101 1242 1157 Pythagoras,
1265 1102 1490 1158 praefectus
1512 1104 1595 1143 Ar-

170 1158 234 1214 gis
269 1159 471 1209 relictusy‚
509 1159 664 1200 tradita
698 1158 890 1200 custodia
923 1158 1041 1199 urbis
1078 1158 1311 1200 Timocrati
1346 1159 1594 1209 Pellenensi,

173 1230 270 1256 cum
296 1215 408 1256 mille
441 1216 703 1257 mercenariis
733 1215 953 1266 militibus,
984 1223 1026 1257 et
1057 1215 1225 1257 duobus
1252 1215 1437 1258 millibus
1468 1216 1596 1272 Argi-

171 1288 335 1323 vorum,
359 1273 706 1314 Lacedaemonem
727 1273 782 1314 ad
802 1272 943 1314 Nabin
964 1271 1091 1314 venit.

230 1330 393 1370 XXX.
425 1330 573 1380 Nabis,
607 1331 714 1371 sicut
749 1330 886 1386 primo
921 1329 1105 1371 adventu
1143 1331 1346 1371 Romanae
1382 1330 1521 1372 classis
1554 1339 1597 1372 et

173 1385 397 1428 traditione
437 1387 690 1443 oppidorum
725 1386 945 1428 maritimae
984 1402 1068 1428 orae
1101 1387 1351 1428 conterritus
1384 1396 1489 1438 erat,
1523 1388 1595 1438 sic,

174 1459 305 1499 parva
325 1459 396 1500 spe
418 1460 549 1500 quum
581 1443 877 1499 adquievisset,
902 1443 1064 1499 Gythio
1094 1444 1147 1485 ab
1176 1444 1261 1484 suis
1285 1452 1462 1495 retento,
1484 1452 1599 1501 post-

175 1516 304 1556 quam
334 1500 380 1541 id
409 1516 579 1557 quoque
611 1500 813 1541 traditum
840 1500 1041 1541 Romanis
1070 1500 1233 1541 audivit
1259 1516 1359 1549 esse,
1383 1517 1516 1557 quum
1545 1501 1598 1543 ab

178 1565 304 1607 terra,
340 1557 373 1581 ⁹9
389 1557 582 1599 omnibus
617 1558 727 1598 circa
760 1556 983 1606 hostibus²‚
1015 1557 1119 1598 nihil
1159 1557 1247 1613 spei
1282 1566 1403 1608 esset,
1436 1574 1462 1599 a
1495 1559 1714 1601 mariNabis
1727 1580 1800 1601 con-

179 1629 350 1670 quoque
381 1622 470 1656 toto
506 1630 548 1655 se
579 1613 867 1663 interclusum,
895 1613 1130 1654 cedendum
1160 1614 1344 1655 fortunae
1373 1623 1504 1665 ratus,
1536 1613 1750 1661 Cffiloquium

179 1670 445 1713 duceatorem
472 1671 656 1727 primum
676 1671 720 1711 in
750 1679 885 1711 castra
914 1670 1027 1711 misit
1048 1670 1102 1711 ad
1132 1670 1452 1726 explorandum,
1475 1672 1509 1712 si
1529 1661 1698 1728 puppem·

180 1736 369 1769 terentur
395 1727 554 1784 legatos
580 1728 634 1768 ad
663 1743 703 1768 se
728 1727 852 1768 mitti.
884 1743 970 1783 qua
999 1728 1224 1784 impetrata
1252 1742 1311 1778 re,
1336 1729 1602 1784 Pythagoras

180 1784 234 1825 ad
264 1784 557 1841 imperatorem
578 1786 707 1835 venit,
729 1783 883 1826 1nullis
914 1800 1009 1825 cum
1039 1784 1129 1826 aliis
1159 1784 1380 1835 mandatis,
1403 1801 1531 1841 quam
1552 1798 1602 1828 ut

179 1848 358 1897 tyranno
390 1841 585 1897 conloqui
621 1857 716 1882 cum
751 1842 1001 1898 imperatore
1035 1841 1211 1883 liceret³.
1271 1841 1502 1884 2'Consiljob
1531 1843 1604 1884 ad-

178 1906 341 1949 vocato,
364 1914 498 1955 quum
530 1914 671 1940 omnes
700 1898 888 1939 dandum
922 1898 1191 1954 conloquium
1224 1898 1493 1949 censuissent,
1515 1899 1604 1941 dies

178 1954 379 2011 locusque
400 1955 682 1998 constituitur.
745 1957 797 1996 In
817 1955 966 1996 mediae
996 1956 1177 2011 regionis
1207 1956 1408 2008 tumulos,
1430 1956 1604 1998 modicis

180 2012 310 2069 copiis
343 2012 628 2068 sequentibus,
660 2028 793 2069 quum
823 2012 1046 2062 venissent,
1074 2011 1228 2053 relictis
1261 2012 1321 2053 ibi
1353 2013 1396 2053 in
1427 2013 1605 2058 statione

178 2077 399 2125 conspecta
431 2070 645 2125 utrimque
680 2069 937 2120 cohortibus,
969 2069 1102 2110 Nabis
1135 2084 1231 2110 cum
1261 2069 1431 2110 delectis
1468 2078 1604 2111 custo-

183 2125 308 2167 dibus
342 2126 541 2182 corporis,
571 2126 794 2176 Quinctius
828 2141 924 2168 cum
956 2125 1087 2167 fratre
1120 2134 1161 2168 et
1192 2127 1383 2168 Eumene
1419 2141 1532 2182 rege,
1562 2136 1606 2173 et

225 2253 244 2272 ¹
258 2252 424 2282 traditurus
437 2251 536 2281 urbem
551 2250 649 2282 Grou.
666 2251 756 2282 Crev.
863 2254 880 2279 Υ
895 2251 1004 2281 relictis
1019 2249 1108 2281 Eaed.
1216 2254 1234 2272 Ζ
1247 2251 1377 2282 omnibus
1390 2252 1469 2281 circa
1484 2251 1608 2281 hostium

188 2293 285 2325 Gron.
414 2296 429 2314 ²
445 2294 531 2324 liceat
545 2294 642 2325 Gron.
660 2294 752 2324 Crev.
881 2292 899 2316 b
916 2293 1046 2324 Concilio
1061 2294 1159 2325 Gron.

193 2422 230 2443 eo
250 2412 318 2443 loco
340 2412 393 2454 qui
415 2423 470 2455 per
492 2413 612 2444 ruinam
635 2412 726 2444 turris
744 2417 776 2444 et
800 2412 880 2443 muri
923 2411 1009 2443 editi.
1052 2413 1094 2443 Et
1108 2412 1215 2444 abesse
1232 2410 1386 2442 malimus.
1461 2433 1464 2436 -

196 2455 326 2497 apertior
341 2462 418 2487 erat.
964 2456 984 2485 2
1010 2455 1150 2496 Consilio]
1174 2454 1318 2486 Militari.
1349 2454 1400 2485 Sic
1414 2454 1510 2485 habet
1524 2454 1609 2486 Vict.

237 2498 279 2528 98
302 2498 377 2528 Tum
402 2510 467 2530 vero
491 2499 666 2540 desperatio]
695 2499 766 2530 Vero
791 2504 838 2530 est
861 2509 880 2530 a
923 2497 1022 2529 codex
1047 2498 1106 2528 hoc
1128 2498 1196 2529 loco
1218 2503 1250 2528 et
1271 2497 1319 2528 bis
1343 2508 1436 2539 supra
1457 2507 1484 2528 c.
1502 2499 1554 2529 26.
1577 2503 1610 2528 et

195 2539 369 2580 conjectura
383 2541 531 2573 Gronovii
545 2552 599 2583 pro
612 2553 691 2572 vera.
922 2551 1041 2571 rursum
1068 2551 1096 2571 c.
1125 2542 1178 2571 33.
1200 2540 1254 2571 ubi
1280 2540 1398 2580 vulgati
1428 2539 1497 2570 libri
1522 2540 1609 2571 exhi-

238 2583 279 2614 99
303 2584 440 2615 Omnibus
461 2586 541 2615 circa
562 2585 700 2626 hostibus]
732 2583 810 2625 Legi
827 2583 878 2625 ju-
921 2585 998 2615 bent
1022 2584 1179 2614 concilium
1203 2589 1235 2614 et
1259 2584 1400 2619 concilim
1430 2587 1466 2613 ut
1494 2582 1610 2613 intelli-

197 2624 251 2655 bet
278 2625 460 2663 Gronovius,
484 2627 534 2658 vel
558 2629 687 2658 omnibus
710 2629 788 2658 circa
818 2628 879 2657 hos-
922 2632 1012 2668 gat-ur
1032 2626 1198 2658 concilium
1221 2626 1345 2657 socia-le.
1389 2626 1456 2656 Nos
1478 2630 1612 2666 quatuor

198 2668 284 2702 tium,
306 2667 339 2699 id
364 2675 422 2706 est,
443 2680 541 2711 quum
567 2670 672 2701 omnia
700 2680 770 2711 quae
799 2670 881 2700 circa
923 2670 970 2700 his
995 2669 1072 2701 locis
1095 2668 1308 2700 auctoritatem
1334 2668 1426 2698 modo
1448 2668 1611 2699 memorati

199 2715 287 2741 erant
307 2710 440 2743 hostium
461 2712 570 2749 forent,
584 2714 635 2745 vel
656 2715 785 2744 ommibus
801 2715 882 2744 circa
924 2711 1038 2744 codicis
1063 2713 1162 2744 secuu'
1190 2723 1314 2743 sumus:
1349 2719 1419 2741 cum
1446 2720 1509 2751 qua
1536 2721 1610 2742 con·

197 2753 354 2784 hostilibus.
926 2755 1062 2787 sentiunt
1096 2766 1134 2786 ea
1161 2766 1230 2798 quae
1262 2752 1487 2796 disputavimus
1521 2754 1561 2784 ad
1590 2754 1612 2785 l.

216 2837 221 2842 1
246 2797 259 2826 l
286 2794 387 2826 Nullis
408 2808 476 2827 cmm
497 2799 565 2829 aliis
585 2799 747 2840 mandatis]
777 2798 882 2841 Scrip-
926 2799 1039 2830 XXII.
1058 2809 1086 2829 c.
1103 2801 1155 2830 53.
1177 2798 1216 2829 de
1239 2797 1267 2827 vi
1290 2802 1322 2828 et
1343 2795 1518 2828 discrimine
1541 2796 1611 2828 illa-

201 2843 222 2868 ῑι
251 2844 398 2881 respuunt
423 2838 457 2870 eh
471 2851 548 2876 eum,
571 2847 606 2872 ut
631 2847 662 2874 et
684 2840 885 2872 vetustissimi
927 2852 995 2872 rum
1011 2851 1132 2873 vocum.
