1947 3222
508 103 630 140 LIB.
659 100 862 139 XXXIII.
907 101 987 137 CA
1003 100 1044 137 P.
1074 100 1230 139 XVIII.
1495 106 1567 142 103

152 223 280 250 manu
311 217 386 261 est,
418 210 470 251 ab
502 209 739 250 Acarnania
768 208 916 258 divisa,
949 216 1042 249 tum
1075 207 1294 265 peninsula
1324 218 1427 261 erat,
1457 211 1619 253 occi-U
1632 222 1670 253 C.
1683 223 1757 254 555.

151 265 290 307 dentis
318 266 484 322 regione
513 266 613 308 artis
643 265 837 307 faucibus
868 264 1077 306 cohaerens
1110 266 1370 307 Acarnaniae.
1432 268 1563 318 Quin-
1575 265 1621 296 Α·
1633 266 1669 297 C.
1685 267 1756 297 197.

150 331 299 377 gentos
329 323 457 363 feime
488 337 642 387 passus·
665 323 800 379 longae
835 323 976 363 fauces
1008 330 1150 368 er;ant
1195 322 1292 363 latae
1326 322 1441 364 haud
1476 340 1562 366 am-

150 379 263 434 plius
289 388 456 420 centum
490 388 532 421 et
561 379 722 435 viginti.
753 380 797 420 in
817 379 881 420 his
901 379 1105 435 angustiis
1127 354 1290 420 Leucas
1319 379 1454 435 posita
1482 390 1558 432 est,

150 436 245 476 colli
275 435 482 492 adplicata
511 452 629 477 verso
656 437 701 477 in
731 436 930 478 orientem
952 444 993 477 et
1014 435 1308 477 Acarnaniam.
1371 436 1463 477 Ima
1492 453 1560 479 ur-

149 492 213 533 1)15
241 492 366 548 plana
395 500 507 543 sunt,
533 493 715 549 jacentia
735 493 789 534 ad
812 509 939 557 mare,
962 509 1048 549 quo
1069 492 1282 533 Leucadia
1301 492 1355 534 ab
1376 494 1561 535 Acarna-

148 548 217 589 nia
236 549 451 591 dividitur.
514 550 620 591 Inde
641 558 750 592 terra
771 550 959 606 marique
984 549 1275 613 expugnabilis
1295 557 1369 591 est.
1401 565 1496 590 nam
1518 560 1558 592 et

147 606 255 647 vada
279 614 375 647 sunt
407 615 554 663 stagno
575 607 785 657 similiora,
808 622 934 664 quam
956 622 1084 648 maru
1117 614 1158 648 et
1178 621 1350 662 campus
1370 614 1560 649 terrenus

143 662 278 703 omnis
307 664 508 726 operique
537 664 681 705 facilis.
743 666 899 720 Itaque
927 664 1072 727 multis
1102 663 1226 704 simul
1246 663 1346 704 locis
1366 671 1441 704 aut
1462 664 1560 705 sub-

145 718 245 770 iuti,
268 727 340 761 aut
362 719 490 762 ariete
520 721 682 762 decussi
709 722 888 763 ruebant
908 720 1029 761 muli.
1092 720 1175 761 Sed
1199 735 1327 776 quam
1347 720 1477 762 urbs
1468 736 1560 776 lpsa

144 786 385 841 opportuna
403 778 748 834 obpugnantibus
777 785 880 828 er,at
902 786 988 819 tam
1010 777 1354 833 inexpugnabiles
1373 777 1558 819 hostium

144 833 284 874 ammi.
334 834 403 875 die
436 850 484 876 ac
523 843 644 876 nocte
678 835 829 876 intenti
867 809 1034 875 1666616
1073 842 1269 889 quassata
1303 834 1438 881 muri3
1485 835 1558 876 ob-

144 896 320 941 struere,
342 906 440 947 quae
459 891 669 947 patefacta
697 891 828 932 ruinis
849 898 990 938 er3ant
1022 890 1201 946 proelia
1190 890 1354 946 mpigre
1373 890 1492 940 inire,
1514 899 1556 933 et

143 946 268 988 armis
288 948 420 1003 magis
440 963 596 998 muros,
617 963 744 1003 quam
766 963 807 988 se
828 947 939 1002 ipsos
959 945 1182 996 111(]61111)115,
1204 947 1347 988 tutaii.
1378 947 1558 989 diutius-

143 1018 227 1058 que
257 1019 329 1060 spe
360 1006 646 1046 Romanorum
681 1004 940 1045 obsidionem
968 1018 1059 1044 eam
1089 1002 1382 1054 extraxissent,
1413 1003 1457 1043 ni
1487 1019 1557 1044 ex-

143 1060 253 1101 sules
285 1061 464 1125 quidam·
494 1061 633 1103 Italici
664 1061 841 1117 generis,
873 1060 1070 1101 Leucade
1099 1059 1350 1110 habitantes,
1381 1060 1434 1101 ab
1464 1075 1557 1101 arce

143 1116 296 1158 milites
330 1118 593 1174 accepissent.
639 1134 708 1160 eos
742 1126 898 1183 tamen,
933 1133 985 1158 ex
1021 1117 1233 1173 superiore
1273 1117 1364 1158 1060
1404 1132 1557 1173 magno

141 1188 237 1214 cum
267 1175 457 1216 tumultu
478 1175 758 1225 decurrentes,
781 1175 867 1216 acie
887 1175 930 1215 in
950 1174 1042 1215 foro
1062 1174 1281 1224 instructa,
1306 1174 1425 1230 justo
1445 1189 1556 1230 proe-

138 1229 194 1270 lio
229 1230 488 1287 aliquamdiu
531 1232 734 1273 Leucadii
774 1231 1074 1273 sustinuerunt.
1143 1231 1320 1272 Interim
1354 1238 1396 1272 et
1437 1231 1556 1294 scalis

137 1295 261 1343 capta
283 1289 428 1330 multis
457 1289 557 1330 10615
577 1289 744 1339 moenia,
766 1297 808 1331 et
827 1304 903 1345 per
924 1296 1106 1344 stragem
1135 1287 1325 1344 lapidum
1346 1303 1393 1328 ac
1412 1287 1555 1351 ruinas

138 1351 423 1388 transcensum
442 1346 486 1387 in
506 1347 665 1387 urbem.
691 1347 867 1403 jamque
895 1346 985 1401 ipse
1014 1345 1178 1400 legatus
1207 1359 1360 1400 magno
1389 1344 1554 1400 agmine

138 1400 464 1445 circumvenerat
492 1412 740 1459 pugnantes.
771 1418 869 1468 pars
897 1403 941 1443 in
970 1402 1108 1443 medio
1138 1401 1262 1448 caesi;
1295 1416 1406 1457 parS,
1429 1401 1554 1442 armis

137 1458 324 1513 abjectis,
347 1460 599 1503 dediderunt
621 1468 729 1501 seseS
749 1460 909 1500 vict01i.
970 1460 1029 1500 Et
1054 1466 1149 1514 post
1170 1458 1259 1499 dies
1287 1473 1457 1514 paucos,
1480 1474 1554 1499 au-

137 1513 228 1555 dito
256 1516 420 1571 proelio,
442 1517 558 1572 quod
585 1516 639 1557 ad
661 1514 996 1573 Cynoscephalas
1024 1522 1263 1571 pugnatum
1282 1522 1386 1563 erat,
1409 1530 1549 1556 omnes
1563 1526 1743 1561 Acarnania

136 1572 284 1627 populi
305 1573 554 1614 Acarnaniae
573 1573 657 1614 76111
677 1573 931 1614 deditionem
951 1572 1079 1627 legati
1094 1579 1310 1612 venerunt.
1559 1578 1681 1612 pacata.

196 1629 377 1670 XVIII.
411 1629 565 1671 Iisdem
596 1630 758 1680 diebus,
792 1628 930 1670 omnia
957 1628 1082 1669 simul
1110 1627 1334 1669 inclinante
1362 1628 1546 1679 fortuna,
1561 1634 1678 1666 Rhodu
1692 1637 1753 1667 Pe-

137 1684 295 1726 Rhodii
316 1701 486 1742 quoque
507 1687 561 1728 ad
581 1686 873 1727 vindicandam
902 1700 927 1726 a
958 1684 1157 1740 Philippo
1186 1684 1464 1726 continentem
1486 1701 1548 1727 re-
1558 1688 1651 1709 raeam
1665 1689 1753 1711 recu-

135 1740 315 1797 gionem,
338 1743 548 1796 (Peraeam
568 1746 738 1799 1063111)
759 1757 989 1799 possessam
1012 1757 1038 1782 a
1042 1741 1287 1805 majoribus
1317 1741 1415 1792 suis,
1439 1744 1549 1784 Pau-
1560 1727 1681 1764 perant.

133 1799 349 1841 sistratum
389 1808 613 1866 praetorem
646 1799 792 1842 ⁷⁷cum
825 1798 1076 1862 octingentis
1110 1797 1283 1839 Achaeis
1316 1799 1547 1854 peditibus,

132 1855 246 1897 mille
267 1864 308 1897 et
327 1858 548 1922 nongentis
576 1858 663 1899 fere
692 1857 878 1906 armatis,
900 1872 951 1898 ex
971 1871 1086 1897 vario
1115 1870 1265 1918 genere
1295 1855 1550 1898 auxiliorum

135 1912 343 1963 conlectis,
365 1915 488 1955 1111561
492 1923 592 1956 unt:
628 1914 755 1965 Galli,
777 1922 818 1955 ct
847 1913 1045 1963 Pisuetae,
1067 1920 1108 1953 et
1135 1911 1338 1960 Nisuetae,
1360 1921 1402 1954 et
1422 1911 1455 1939 73
1465 1914 1550 1954 Ta-

133 1968 275 2019 miani,
297 1978 339 2012 et
360 1971 477 2022 Arei,
500 1987 551 2013 ex
578 1971 741 2022 Africa,
763 1978 804 2012 et
830 1969 1057 2011 Laodiceni
1085 1984 1137 2010 ex
1158 1969 1263 2010 Asia
1289 1977 1419 2011 erant.
1451 1985 1547 2011 cum

132 2024 198 2066 his
227 2026 356 2083 copiis
375 2027 700 2070 ⁷9Pausistratus
723 2027 966 2069 Tendeba
956 2043 1000 2068 111
1032 2025 1327 2067 Stratonicensi
1357 2041 1458 2082 agro
1488 2027 1546 2067 lo-

132 2097 230 2123 cum
259 2093 636 2140 peropportunum,
661 2085 863 2142 ⁸⁰1gnar1s
892 2084 1032 2140 regiis,
1058 2082 1132 2140 qui
1161 2090 1397 2134 tenuerant,
1425 2098 1547 2124 occu-

664 2221 672 2227 .
705 2184 718 2203 ⁵
733 2191 760 2212 se
774 2181 873 2213 Gron.
888 2181 979 2212 Crev.

133 2264 285 2296 Leucadia
309 2279 390 2298 nunc
417 2269 514 2299 insula
537 2274 588 2304 est,
613 2269 714 2298 vadoso
731 2264 817 2309 freto

131 2310 209 2348 quod
242 2310 400 2352 pevjfbssum
435 2323 527 2342 manu
560 2318 586 2342 ει
616 2313 651 2342 ab
680 2311 815 2341 Acarna-

131 2352 183 2381 ηἱα
197 2353 299 2384 divisa.

176 2394 219 2426 76
242 2395 280 2426 In
300 2397 473 2428 dedit-ionem
495 2398 600 2439 legati]
632 2396 814 2438 Legendum

130 2437 274 2468 omnino.
298 2440 492 2471 inditionem.

174 2481 214 2510 77
240 2482 315 2517 Cam
336 2485 508 2525 octingentis
528 2483 640 2513 Achaeis
658 2483 814 2522 peditibus,

131 2523 212 2553 mille
233 2530 261 2554 et
283 2528 435 2568 nongentis
447 2526 518 2568 fere
541 2525 679 2566 armatis]
717 2526 810 2562 Quae-

131 2565 171 2595 rit
192 2566 376 2605 Gronovius,
402 2579 442 2599 an
467 2580 528 2600 non
548 2568 668 2610 pedites
690 2577 813 2615 quoque

131 2607 241 2639 Achaei
255 2611 365 2642 armati
385 2618 498 2643 essent.
543 2611 605 2642 Sed
621 2609 815 2652 intelligendi

131 2656 204 2681 sunt
215 2653 328 2694 opponi
341 2654 469 2685 Achaeis
481 2654 650 2702 peditibus,
662 2665 715 2701 qm.
728 2658 816 2684 erant

133 2693 223 2724 unius
239 2696 350 2735 gentis,
367 2698 476 2728 armati
492 2708 529 2728 ex
545 2708 630 2729 vano
652 2696 813 2728 nationum

131 2741 163 2766 et
178 2737 359 2769 auxiliorum
375 2750 487 2781 genere
503 2740 636 2772 collecti.

176 2780 216 2810 78
242 2780 387 2820 Tamiani,
410 2789 436 2813 et
463 2784 549 2824 Arei]
582 2784 660 2814 Haec
688 2781 814 2813 nomina

130 2822 312 2863 populorum
343 2835 452 2865 parum
487 2832 560 2856 nota
587 2831 670 2856 sunt.
722 2826 814 2857 Cete-

131 2873 210 2903 tum,
228 2865 252 2896 si
267 2865 343 2898 nihil
365 2877 397 2898 m
411 2867 448 2899 iis
462 2868 601 2910 peccavit
622 2867 815 2901 librariorum

858 2276 980 2303 manus,
995 2263 1191 2296 existimandi
1207 2268 1278 2294 sunt
1290 2274 1329 2295 ex
1344 2262 1452 2295 Africa
1465 2274 1543 2300 esse,

858 2309 965 2341 itidem
994 2314 1029 2339 ut
1058 2307 1210 2344 Nisuetae,
1238 2306 1292 2348 qui
1317 2317 1378 2338 non
1407 2307 1498 2348 longe
1524 2318 1543 2338 a

860 2350 1048 2393 Carthagine
1063 2350 1204 2382 aberant.

900 2396 941 2426 79
965 2395 1168 2424 Pausistratus
1192 2393 1323 2423 Tendeba
1349 2413 1359 2422 .
1382 2414 1392 2423 .
1419 2403 1542 2431 occupa-

857 2438 916 2478 222]
948 2437 1011 2468 Hic
1027 2442 1059 2467 et
1079 2436 1173 2478 paulo
1195 2435 1286 2470 infra,
1303 2441 1400 2466 castra
1420 2437 1459 2465 ad
1482 2436 1542 2473 ipsa

861 2481 992 2511 Tendeba
1016 2481 1114 2514 mavit,
1139 2478 1262 2520 egregia
1284 2478 1414 2509 habetur
1435 2478 1460 2508 F
1462 2478 1540 2508 rein-

857 2523 966 2555 shemii
993 2522 1178 2554 emendatio.
1221 2521 1372 2552 Tendeba
1395 2520 1467 2551 urbs
1493 2524 1541 2550 est

858 2565 971 2598 Cariae.
1022 2565 1195 2606 Utrobique
1222 2564 1294 2594 olim
1318 2564 1479 2604 legebatur
1509 2563 1542 2593 in

857 2610 939 2640 sulse
955 2609 1098 2639 tendebat.

899 2653 942 2684 80
979 2651 1098 2699 Ignaris
1140 2651 1239 2691 regiis,
1275 2650 1326 2690 qui
1367 2645 1539 2686 tenuerant]

857 2696 932 2726 Non
952 2694 1105 2725 immerito
1126 2677 1270 2723 videntur
1294 2699 1419 2729 arguere
1433 2688 1541 2719 mendi

859 2738 938 2769 duas
973 2742 1144 2786 postremas
1179 2745 1271 2766 voces
1312 2731 1475 2763 Rubenius
1509 2736 1542 2761 et

859 2780 1045 2813 Gronovius.
1089 2779 1150 2810 Ille
1174 2776 1336 2808 emendat:
1368 2776 1417 2815 qni
1442 2775 1541 2804 Therae

857 2831 952 2855 erant.
997 2822 1099 2853 Thera
1117 2821 1191 2852 mbs
1205 2824 1251 2850 est
1266 2819 1382 2849 Peraeae
1396 2816 1541 2859 regioniS‚

859 2867 974 2898 Rhodo
987 2865 1096 2896 insulae
1111 2862 1263 2905 opposita.

928 2910 1008 2950 114
