1947 3222
310 98 333 133 8
836 91 983 130 T1T1
1030 91 1204 130 LIVII

207 209 280 241 552
312 203 481 245 Italiam
511 201 793 250 transmiserit,
815 178 1003 255 quietura
1031 207 1105 242 aut
1132 214 1321 242 mansura
1349 202 1393 242 in
1403 201 1499 254 fide
1527 201 1727 242 creditis?

205 253 281 286 ²⁰⁰
314 259 601 300 ³⁰Manserunt
629 259 734 299 enim
758 259 916 300 Punico
934 264 1079 311 postea
1099 258 1212 299 bello.
1243 272 1454 313 numquam
1475 259 1547 299 isti
1574 259 1727 310 populi,

316 317 399 356 nisi
418 329 535 381 quum
555 316 696 364 deerit,
718 316 776 354 ad
794 328 905 368 quem
926 316 1158 363 desciscant,
1179 330 1206 354 a
1227 315 1340 356 nobis
1358 329 1438 355 non
1460 316 1652 369 ‘iffi-‘²⁷¹²
1683 315 1732 355 Si

308 373 509 427 piguisset
527 387 591 413 vos
612 373 656 412 in
675 371 858 427 Africam
878 369 1080 425 trajicere,
1097 371 1216 411 hodie
1236 373 1278 411 in
1299 371 1431 412 Italia
1451 371 1733 411 Hannibalem

317 436 356 470 et
375 429 741 483 Karthaginienses
759 428 887 469 lzostes
906 427 1117 469 haberetis.
1176 429 1425 468 Macedonia
1439 430 1592 482 potius,
1615 442 1735 494 quam

317 487 464 535 Italia,
485 486 625 526 bellum
655 485 816 526 habeat.
845 485 1015 526 hostium
1034 485 1149 526 urbes
1177 487 1348 540 agrique
1358 486 1484 540 ferm
1505 493 1623 540 atque
1643 486 1735 539 igni

318 549 537 585 vastentur.
597 543 777 596 Experti
790 541 885 596 jam
913 555 1044 583 sumus
1054 543 1174 596 foris
1202 542 1331 593 nobis,
1352 556 1469 596 quam
1499 543 1734 597 domi‚jeli-

319 602 432 642 ciora
445 601 756 654 potentioraque
770 613 886 640 arma
901 613 992 640 esse.
1031 599 1097 640 Ite
1117 600 1162 640 in
1181 600 1431 655 srff‘agium,
1445 599 1737 653 benejuvanti-

320 658 390 699 bus
410 658 524 706 Diis,
546 663 598 705 et,
620 670 710 711 quce
741 657 889 697 Patres
909 662 1159 707 censuerunt,
1180 671 1244 698 vos
1259 656 1414 710 jubete.
1472 656 1612 711 Hujus
1631 657 1738 698 vohis

320 715 530 756 sententiae
550 727 629 754 non
648 714 784 754 consul
802 714 916 754 modo
944 719 1086 754 auctor
1104 719 1175 762 est,
1196 714 1266 754 sed
1284 715 1405 755 etiam
1427 715 1511 754 Dii
1538 715 1735 755 inmorta-

321 773 399 820 les,-
432 773 503 826 qui
521 771 626 812 mihi
642 771 890 824 sacrqficanti
909 771 1191 825 precantique,
1213 776 1257 810 ut
1284 771 1356 811 hoc
1376 770 1516 811 bellum
1543 772 1656 821 mihi,
1677 786 1738 813 se-

322 830 455 880 natui,
474 828 507 853 ³¹
515 828 711 882 vobisque,
729 835 768 868 et
785 828 902 869 sociis
921 842 970 868 ac
999 828 1155 868 nomini
1178 827 1350 876 Latine,
1371 827 1560 869 classibus
1588 830 1738 870 exerci-

323 886 503 941 tibusque
522 886 670 927 nostris
685 885 781 926 bene
801 898 848 926 ac
846 885 1033 940 feliciter
1053 885 1242 934 eveniret,
1260 885 1357 925 loeta
1373 885 1508 925 omnia
1520 899 1740 940 prospera-

323 957 398 998 que
413 944 667 997 portendere.

109 1009 148 1039 P.
164 1007 206 1038 R
220 1007 287 1038 bel·
381 1000 511 1041 VIII.
545 1001 618 1041 Ab
637 1000 715 1041 hac
735 999 920 1042 oratione
940 999 984 1040 in
1013 999 1260 1056 suffragium
1281 998 1409 1049 missi,
1429 998 1533 1040 ³²uti
1554 1008 1737 1062 rogarat,

108 1050 285 1124 {qumjlubetu
321 1057 478 1098 bellum
494 1058 723 1113 jusserunt.
787 1056 1047 1112 Supplicatio
1066 1056 1162 1097 inde
1183 1072 1208 1097 a
1227 1055 1494 1097 consulibus
1486 1071 1529 1096 in
1549 1055 1738 1098 triduum

107 1099 301 1171 ξῃᾚῗξῑὲεᾶοὲο
324 1129 375 1155 ex
417 1113 775 1155 senatusconsulto
814 1113 974 1155 indicta
1010 1121 1088 1163 est,
1129 1113 1415 1168 obsecratique
1455 1113 1564 1153 circa
1602 1114 1742 1155 omnia

109 1180 227 1210 bellum
244 1179 296 1209 de-
324 1170 559 1234 pulvinaria
591 1170 678 1220 Dii,
713 1169 817 1221 ³⁵ut,
854 1170 971 1225 quod
1004 1169 1162 1211 bellum
1196 1185 1292 1211 cum
1325 1169 1524 1226 Philippo
1558 1170 1743 1225 populus

108 1228 283 1295 cretumfrf
319 1227 524 1283 jussisset,
546 1227 590 1268 id
619 1228 724 1268 bene
754 1243 800 1268 ac
829 1186 1007 1268 feliciter
1030 1227 1229 1277 eveniret,
1249 1226 1551 1282 ³⁴consultique
1577 1226 1743 1268 feciales

110 1265 218 1340 ἓᾙὲξ,
231 1270 253 1295 u
281 1275 312 1295 ‘³
326 1284 379 1326 ab
408 1284 576 1347 consule
600 1283 800 1340 Sulpicio,
820 1283 993 1332 bellum,
1008 1283 1124 1338 quod
1143 1283 1395 1325 indiceretur
1415 1283 1503 1338 regi
1526 1283 1744 1346 Philippo,

326 1349 471 1383 utrum
492 1340 569 1404 ipsi
601 1341 750 1396 utique
770 1340 958 1381 nunciari
972 1340 1196 1396 juberent;
1229 1356 1281 1381 an
1312 1340 1410 1381 satis
1440 1348 1559 1389 esset,
1580 1355 1624 1380 m
1652 1340 1744 1381 fini-

327 1398 408 1439 bus
440 1413 557 1453 regm
587 1397 702 1453 quod
733 1398 974 1454 proximum
1005 1397 1247 1452 praesidium
1284 1405 1404 1446 esset,
1441 1412 1488 1437 eo
1522 1397 1742 1438 nunciari?

327 1454 492 1496 feciales
521 1454 810 1504 decreverunt,
834 1463 977 1495 utrum
1007 1469 1150 1494 eorum
1180 1453 1357 1504 fecisset,
1378 1462 1488 1494 recte
1518 1453 1742 1495 facturum.

329 1511 501 1552 Consuli
531 1526 556 1551 a
587 1511 787 1551 Patribus
816 1511 1079 1566 permissum,
1102 1517 1165 1559 ut,
1197 1525 1322 1565 quem
1349 1509 1467 1550 videi
1469 1519 1577 1559 etur,
1599 1526 1650 1551 ex
1678 1510 1743 1560 iis,

327 1568 402 1624 qui
423 1575 543 1609 extra
572 1576 762 1608 senatum
793 1574 941 1616 essent,
963 1566 1149 1621 legatum
1178 1567 1363 1607 mitteiet
1393 1565 1447 1606 ad
1473 1566 1631 1606 bellum
1657 1566 1746 1622 regi

112 1633 274 1664 Exercitus
326 1624 606 1665 indicendmum
669 1624 785 1663 Tum
815 1623 867 1663 de
897 1622 1149 1663 exercitibus
1185 1623 1402 1663 consulum
1432 1630 1747 1679 praetorumque

113 1686 293 1718 ⁰⁰¹¹¹P³s³¹¹
327 1690 479 1722 actum
521 1679 709 1721 consules
741 1679 859 1721 binas
891 1678 1073 1733 legiones
1109 1678 1284 1719 scribere
1314 1679 1446 1734 jussi;
1490 1688 1650 1720 veteres
1685 1680 1748 1720 di-

115 1724 175 1751 tur.
327 1739 493 1779 mittere
523 1737 741 1778 exercitus.
816 1734 1014 1797 Sulpicio,
1046 1734 1113 1776 cui
1143 1750 1223 1776 nov
1227 1750 1298 1775 um
1329 1751 1376 1775 ac
1400 1735 1539 1790 magni
1569 1736 1746 1777 nominis

327 1794 485 1836 bellum
510 1793 724 1834 deeietum
755 1800 858 1842 erat,
880 1807 1141 1847 permlssum,
1166 1800 1212 1833 ut
1243 1792 1294 1832 de
1325 1792 1524 1841 exercitu,
1547 1808 1671 1848 quem
1696 1794 1744 1834 P.

332 1850 470 1907 Scipio
500 1867 551 1892 ex
580 1849 728 1890 Africa
757 1849 1031 1904 deportasset,
1063 1848 1332 1898 voluntarios,
1355 1864 1461 1904 quos
1491 1858 1643 1904 posset,
1670 1849 1750 1890 du-

330 1915 464 1950 ceret:
496 1908 566 1948 inv
569 1908 677 1948 itum
698 1921 748 1946 ne
769 1921 894 1961 quem
916 1905 1087 1945 militem
1119 1913 1301 1946 veterem
1332 1905 1550 1946 ducendi
1542 1921 1608 1961 Jus
1628 1916 1746 1948 esset.

332 1964 592 2006 Praetoribus
614 1963 664 2003 L.
689 1964 724 2003 F
731 1963 820 2003 urio
843 1962 1107 2017 Purpureoni
1129 1970 1170 2003 et
1193 1963 1241 2012 Q.
1265 1963 1458 2003 Minucio
1483 1923 1600 2004 Rtifo
1621 1964 1752 2019 quina

332 2021 462 2063 millia
501 2021 657 2061 socium
701 2018 842 2060 Latini
883 2019 1060 2059 nomims
1095 2018 1236 2059 consul
1272 2019 1412 2060 daret:
1460 2020 1615 2075 quibus
1644 2035 1751 2076 prae-

334 2078 449 2120 sidiis
479 2076 584 2118 alter
626 2076 823 2125 Galliam,
856 2075 961 2116 alter
1002 2075 1193 2116 Bruttios
1232 2077 1488 2131 provinciam
1528 2077 1748 2118 obtineret.

335 2136 384 2186 Q.
421 2133 599 2175 Fulvius
633 2133 746 2174 Gillo
782 2140 823 2173 et
856 2132 943 2188 ipse
969 2132 1114 2187 jussus
1149 2147 1200 2172 ex
1231 2148 1279 2172 eo
1309 2134 1510 2183 exercitu,
1541 2149 1667 2196 quem
1699 2136 1748 2175 P

336 2191 477 2232 AElius
496 2190 639 2232 consul
658 2188 886 2239 habuisset,
909 2197 956 2230 ut
978 2204 1158 2244 quisque
1187 2189 1355 2230 minime
1384 2190 1518 2231 multa
1545 2190 1753 2246 stipendia

334 2249 521 2297 haberet,
543 2247 694 2303 legere,
716 2246 846 2287 donec
876 2254 917 2286 et
947 2245 1034 2302 ipse
1055 2261 1242 2301 qumque
1262 2246 1391 2287 millia
1421 2247 1577 2288 socium
1606 2263 1652 2288 ac
1679 2263 1751 2289 no-

336 2306 459 2347 minis
481 2304 623 2345 Latini
644 2303 867 2344 effecisset:
899 2301 981 2343 3⁵id
1002 2302 1197 2358 praesidio
1221 2302 1369 2344 Siciliae
1385 2304 1610 2359 provinciae
1631 2313 1749 2346 esset.

102 209 194 241 U..c

99 251 197 284 A.c.

385 2463 425 2492 30
454 2461 627 2491 Mamm-unt
665 2461 756 2501 cuim]
804 2459 923 2491 Ironice
959 2460 1024 2491 ‹lic-
1070 2461 1142 2491 Jac.
1158 2460 1332 2492 Gronovius
1347 2460 1490 2496 excussit,
1507 2466 1538 2491 et
1560 2467 1661 2491 nostro
1678 2460 1751 2492 'sic-

342 2512 417 2535 tum.
1071 2509 1124 2533 tor.
1138 2503 1204 2534 cod.

384 2548 420 2578 31
452 2546 596 2587 Vobisth,
622 2552 647 2576 et
673 2547 754 2576 >ociis
776 2557 810 2576 ac
834 2548 941 2576 nomini
966 2546 1024 2576 La-
1112 2547 1152 2576 34
1178 2547 1364 2586 consultique
1380 2546 1505 2587 feciales
1532 2568 1540 2576 .
1604 2547 1755 2588 .seci‹zles

345 2591 421 2631 tino]
457 2589 540 2621 Vici.
566 2588 681 2620 codex:
716 2590 854 2629 robisqtoe,
884 2589 1024 2624 Quirites,
1069 2589 1271 2630 dec-retenuit]
1318 2588 1435 2620 Odiosa
1468 2588 1618 2631 repetitio.
1677 2591 1753 2621 Pos-

283 2631 289 2638 ”
344 2635 423 2663 sociis
444 2644 478 2663 m:
499 2633 608 2663 nomini
632 2631 755 2661 Latino:
785 2631 895 2662 melius
921 2638 951 2662 et
975 2631 1027 2662 de-
1073 2630 1165 2662 terius
1193 2630 1270 2662 illud
1295 2631 1420 2672 feciales
1448 2631 1579 2663 libenter
1605 2632 1754 2664 deleveri-

345 2675 473 2706 centius.
1072 2685 1150 2705 mus.

388 2719 428 2748 32
440 2720 457 2737 ⁴*
473 2718 524 2748 Uei
535 2717 668 2759 rogarat]
684 2715 758 2747 Yid.
774 2722 835 2746 not.
849 2717 900 2747 52.
915 2717 953 2747 ad
968 2716 1028 2747 Vl.
1114 2718 1155 2748 35
1192 2717 1228 2747 Id
1255 2718 1406 2759 proesidu]
1447 2717 1620 2749 Gronovius
1647 2718 1756 2749 merito

346 2762 398 2791 38.
1072 2759 1234 2791 emendat:
1265 2763 1295 2791 id
1315 2763 1491 2800 prcrsuiium.
1538 2762 1653 2791 Censet
1677 2771 1753 2802 quo-

388 2803 429 2834 :33
456 2803 494 2833 Ue
511 2805 584 2843 qnod
599 2802 721 2844 bellum]
758 2801 944 2833 Addidimus
959 2812 1027 2843 par·
1072 2813 1133 2843 que
1155 2803 1317 2844 legendum
1341 2815 1405 2841 esse,
1427 2810 1459 2835 ut
1482 2802 1671 2845 intelligatur
1683 2806 1755 2844 ju:-

347 2845 471 2876 ticularn
496 2845 731 2886 ut,jul›entibus
752 2845 923 2880 Thuanaeo,
938 2854 1029 2885 quem
1072 2856 1145 2876 sum.
