1947 3222
17 2949 21 2963 -
3 2738 22 2944 ...amq—..—

454 102 578 141 LIB.
608 100 845 139 XXXVIII.
894 100 969 138 CA
982 101 1022 137 P.
1051 101 1246 139 XXXVI.
1491 98 1568 148 369

139 214 303 256 dedisse
334 213 580 270 inscriptum
609 219 682 252 est.
756 210 816 251 Et
846 208 1070 251 duodecim
1105 210 1278 267 ¹⁹clipca
1310 217 1478 255 atu-atad
1512 213 1566 255 ab
1581 223 1622 254 U.
1635 226 1670 255 c.
1687 224 1759 255 563.

139 272 333 313 aedilibus
372 270 605 318 curulibus,
642 268 691 308 P.
725 266 907 308 Claudio
937 265 1144 307 Pulchroe
1176 276 1217 308 et
1261 269 1345 309 Ser.
1381 269 1566 326 Sulpicio
1579 267 1620 298 A.
1633 267 1671 299 C.
1691 268 1762 298 189.

143 329 296 379 Galba,
320 336 416 370 sunt
438 326 573 383 posita
603 339 654 365 ex
682 323 875 380 pecunia,
904 338 990 379 qua
1010 323 1304 365 frumentarios
1325 325 1419 367 20οἱ)
1440 343 1566 369 anno-

139 401 235 426 nam
270 400 360 427 com
393 397 544 425 ressam
585 381 851 422 damnarunt.
894 389 936 422 et
976 379 1108 421 aedilis
1143 380 1276 437 plebis
1313 383 1361 432 Q.
1386 384 1565 426 Fulvius

141 443 318 484 Flaccus
374 455 429 481 uo
460 440 579 495 signa
599 446 762 488 aurata,
783 437 908 479 muno
928 452 999 478 reo
1020 437 1232 487 damnato,
1257 436 1372 489 (nam
1404 455 1565 496 separa-

139 499 215 541 tim
244 498 557 551 accusaverant)
589 495 743 552 posuit.
785 495 944 550 collega
973 494 1065 550 ejus
1095 495 1150 535 A.
1182 494 1377 536 Caecilius
1398 495 1565 539 2‘2nemi-

138 571 232 598 nem
253 553 555 597 condemnavit.
619 552 734 593 Ludi
756 552 938 593 Romani
959 559 1037 601 ter,
1059 551 1211 608 plebeii
1240 552 1465 608 quinquies
1487 555 1564 596 toti

138 611 369 654 instaurati.
402 611 466 651 M.
490 610 682 651 Valerius
704 608 903 651 Messalla
923 608 1020 649 inde
1046 616 1088 650 et
1112 610 1158 650 C.
1183 608 1333 650 Livius
1357 610 1564 652 Salinator
1579 625 1669 656 L'.C.
1684 624 1756 655 564,

137 668 400 711 consulatum
440 667 582 709 idibus
624 667 795 708 Martiis
835 681 970 722 quum
1009 664 1211 716 inissentf,
1245 666 1297 707 de
1331 667 1562 723 republica,
1578 668 1754 717 Α-Οςῑὸὃ·

137 726 274 781 deque
294 724 520 782 provinciis
547 733 589 766 et
619 723 872 765 exercitibus
903 732 1092 765 senatum
1122 723 1435 766 consuluerunt.
1498 726 1564 766 De
1579 712 1779 786 {I'Eissligno'

137 782 300 823 AEtolia
319 790 360 823 et
391 781 497 823 Asia
515 781 620 822 nihil
650 789 862 822 mutatum
883 789 958 822 est.
1021 779 1289 831 Consulibus,
1312 780 1431 823 alteri
1454 783 1564 826 Pisae
1579 777 1664 828 coss.
1729 779 1736 786 ’

137 854 234 880 cum
261 839 510 895 Liguribus,
532 839 651 880 alteri
685 837 825 879 Gallia
854 837 1068 894 provincia
1098 837 1265 878 decreta
1294 848 1367 879 est.
1400 854 1565 896 compa·
1579 853 1762 884 Provinciae.

137 911 229 937 rare
263 896 372 937 inter
413 912 469 946 se,
506 905 581 937 aut
615 894 752 937 sortiri
781 894 904 951 jussi,
941 903 983 936 et
1023 909 1152 935 novos
1188 895 1410 945 exercitus,
1445 896 1564 939 binas

137 952 334 1009 legiones.
371 953 563 1003 scribere,
599 960 640 994 et
675 961 725 994 ut
760 952 880 993 sociis
913 951 1057 992 Latini
1093 951 1269 993 nominis
1299 952 1428 1008 quina
1458 953 1566 995 dena

138 1010 270 1051 millia
297 1010 505 1065 peditum,
538 1010 806 1066 imperarent,
842 1018 883 1050 et
918 1008 1032 1050 mille
1062 1014 1124 1050 etg
1156 1008 1357 1050 ducentos
1388 1011 1561 1065 equites.

140 1067 351 1108 {Messallae
383 1067 578 1123 Ligures,
604 1066 825 1108 Salinatori
845 1065 999 1121 obtigit
1022 1064 1172 1107 Gallia.
1235 1067 1442 1107 Praetores
1466 1068 1563 1109 inde

139 1124 277 1166 sortiti
315 1132 426 1165 sunt.
504 1123 568 1165 M.
603 1122 782 1165 Claudio
823 1123 998 1172 urbana,
1041 1123 1089 1162 P.
1125 1122 1304 1163 Claudio
1344 1125 1564 1179 peregrina

131 1181 373 1237 jurisdictio
402 1180 554 1222 evenit.
616 1181 664 1230 Q.
690 1178 879 1220 Marcius
910 1178 1110 1230 Siciliam,
1140 1180 1187 1220 C.
1214 1179 1437 1221 Stertinius
1471 1182 1563 1222 Sar-

137 1237 309 1288 diniam,
333 1238 384 1278 L.
409 1237 598 1278 Manlius
619 1236 870 1292 Hispaniam
900 1236 1148 1288 citeriorem,
1182 1237 1229 1278 C.
1254 1236 1427 1279 Atinius
1457 1238 1563 1280 ulte-

138 1294 288 1335 riorem
310 1303 370 1336 est
393 1295 578 1336 sortitus.

196 1352 425 1392 XXXVI.
459 1352 525 1392 De
554 1351 808 1393 exercitibus
837 1351 897 1393 ita
924 1351 1095 1408 placuit.
1137 1367 1160 1393 e
1194 1351 1333 1394 Gallia
1364 1353 1560 1409 legiones,
1577 1368 1749 1399 Exercitus.

137 1424 235 1465 quae
256 1409 336 1450 sub
359 1410 407 1450 C.
432 1408 566 1449 Laelio
586 1409 769 1459 fuerant,
790 1408 845 1450 ad
868 1410 931 1449 M.
956 1410 1167 1450 Tuccium
1197 1419 1496 1466 propraetorem
1518 1413 1560 1453 in

139 1466 332 1508 Bruttios
352 1465 541 1507 traduci:
574 1474 630 1516 et,
653 1466 726 1521 qui
756 1466 800 1506 in
824 1465 964 1507 Sicilia
983 1474 1104 1516 esset,
1126 1466 1283 1507 dimitti
1304 1468 1558 1510 exercitum:

138 1530 181 1564 et
203 1522 388 1573 classem,
408 1538 506 1579 quae
526 1522 586 1563 ibi
616 1532 736 1573 esset,
759 1522 939 1563 Romam
959 1523 1158 1565 reducere
1180 1524 1244 1564 M.
1270 1524 1562 1580 Sempronium

139 1588 455 1636 propraetorem.
515 1579 734 1634 Hispaniis
763 1579 946 1635 legiones
976 1579 1166 1636 singulae,
1191 1596 1289 1636 quae
1318 1589 1411 1622 tum
1440 1581 1483 1622 in
1513 1584 1564 1623 iis

139 1636 363 1692 provinciis
392 1645 525 1687 erant,
556 1637 757 1678 decretae:
795 1644 836 1678 et
867 1644 916 1677 ut
946 1645 1065 1678 terna
1092 1637 1222 1677 millia
1250 1637 1458 1693 peditum,
1486 1639 1564 1680 du-

138 1707 260 1734 cenos
281 1694 443 1749 equites
463 1693 586 1734 ambo
615 1702 815 1750 praetores
844 1692 885 1735 in
917 1693 1255 1749 supplementum
1286 1694 1405 1736 sociis
1434 1695 1563 1752 impe-

137 1758 293 1800 rarent,
316 1765 541 1806 secumque
566 1758 909 1806 transportarent.
971 1750 1224 1806 Priusquam
1254 1751 1297 1792 in
1328 1753 1563 1808 provincias

137 1806 234 1847 novi
275 1807 545 1862 magistratus
583 1807 959 1864 proficiscerentur,
1001 1808 1253 1864 supplicatio
1292 1808 1334 1848 in
1371 1809 1560 1850 triduum

137 1862 256 1920 2³pro
295 1864 469 1920 collegio
513 1864 844 1906 decemvirorum
893 1864 1097 1921 imperata
1144 1864 1227 1906 fuit
1277 1865 1318 1905 in
1368 1866 1562 1908 omnibus

136 1920 344 1977 compitis,
376 1920 534 1978 ²¹qu0d
565 1921 658 1963 luce
690 1922 798 1963 inter
828 1921 975 1962 horam
1009 1921 1176 1963 tertiam
1205 1922 1336 1963 ferme
1366 1932 1406 1964 et
1438 1939 1563 1979 quar-

135 1987 222 2018 tam
263 1978 446 2019 tenebrae
485 1978 645 2020 obortae
689 1979 869 2020 fuerant.
914 1986 956 2020 et
1005 1978 1265 2020 novemdiale
1315 1980 1562 2021 sacrificium
1577 1991 1660 2021 Luce
1678 1996 1763 2021 tene-

178 2057 194 2080 d
208 2064 301 2089 oerata
317 2059 414 2090 Gron.
431 2060 520 2090 Crev.
619 2062 635 2080 e
650 2059 781 2090 Pulchro
795 2057 858 2090 del.
874 2058 962 2089 Eaed.
1061 2053 1077 2079 f
1090 2060 1219 2090 iniissent
1234 2058 1324 2091 Eaed.
1426 2062 1443 2088 ἔ
1457 2067 1484 2091 et
1499 2061 1561 2093 del.
1574 2034 1636 2064 brae
1651 2035 1776 2064 Obortae'

138 2099 227 2131 Eaed.

137 2173 317 2204 consulatus
341 2183 407 2205 esse
434 2173 642 2215 perfunctum,
670 2182 733 2204 non
757 2184 829 2204 vero

139 2221 214 2247 mne
240 2217 399 2248 consulem
429 2227 462 2248 se
493 2216 598 2253 fuisse,
624 2226 720 2258 quum
750 2216 829 2247 illud

139 2258 255 2290 donum
271 2259 370 2291 daret.

187 2302 227 2333 19
251 2302 363 2344 Clypea
390 2302 500 2343 oerata]
538 2302 592 2332 An
625 2311 688 2332 non
716 2301 829 2343 potius,

141 2346 270 2376 aurata?
306 2347 350 2377 Et
377 2346 422 2376 sic
449 2345 544 2377 habet
571 2355 652 2375 unus
684 2355 702 2375 e
734 2345 829 2375 MSS.

144 2386 285 2418 Heamii.

187 2430 230 2460 20
254 2430 296 2460 01>
337 2442 483 2461 annonam
527 2430 727 2471 compressam]
780 2430 832 2461 Ob

146 2479 352 2513 compressum
395 2479 427 2504 et
461 2479 613 2505 retentum
651 2473 734 2504 domi
769 2473 832 2504 fru-

147 2519 297 2550 mentum,
320 2515 402 2547 unde
424 2526 549 2547 annona
571 2515 682 2547 arctior
705 2526 740 2547 ac
763 2526 831 2558 pro-

148 2554 221 2587 inde
234 2557 330 2588 carior
343 2558 426 2590 facta
440 2559 552 2591 fuerat.

189 2599 230 2629 21
260 2599 324 2630 Uno
350 2611 398 2631 ‘reo
426 2603 575 2638 damnato,
603 2602 690 2644 (nam
717 2612 832 2641 separa-

146 2641 200 2671 tim
227 2644 449 2685 accusaverant]
492 2645 616 2676 AEdiles
645 2645 834 2676 accusabant

146 2682 188 2713 ad
204 2684 371 2726 populum:
393 2687 524 2728 populus
536 2687 632 2730 judex
647 2693 724 2719 erat.
767 2688 833 2718 Ita-

145 2735 207 2766 que
235 2737 328 2768 quem
353 2737 438 2758 reum
459 2729 571 2761 dicitur
596 2730 762 2761 damnasse
788 2732 831 2768 Q.

146 2768 287 2805 Fulvius,
302 2769 328 2800 is
349 2768 567 2812 intelligendus
588 2778 636 2803 est
658 2783 677 2804 a
700 2774 742 2810 Q.
758 2773 832 2804 Ful-

143 2810 194 2842 vio
205 2812 291 2843 aedili
311 2823 381 2843 reus
403 2813 514 2849 factus,
531 2825 549 2845 a
572 2816 684 2858 populo
700 2816 830 2846 damna-

142 2859 204 2886 tus.
258 2855 410 2887 Praeterea
437 2856 577 2889 solebant
607 2858 712 2891 aediles
738 2859 831 2890 ambo

205 2912 299 2939 VOL.
325 2911 394 2939 111.

872 2172 964 2203 simul
993 2182 1149 2204 accusare.
1197 2171 1259 2204 Hic
1290 2173 1383 2215 igitur
1418 2174 1561 2206 observat

873 2215 990 2251 Livius,
1007 2216 1063 2246 hos
1078 2215 1183 2246 aediles
1195 2222 1371 2258 separatum
1386 2227 1560 2254 accusasse,

874 2258 906 2288 id
935 2264 993 2296 est,
1025 2269 1086 2289 non
1114 2259 1272 2289 communi
1299 2260 1426 2291 consilio
1455 2262 1562 2292 ambos

873 2301 983 2332 iisdem
1013 2302 1083 2337 reis,
1114 2301 1168 2333 sed
1196 2302 1292 2333 alium
1320 2303 1373 2334 alii
1400 2303 1482 2334 diem
1521 2304 1561 2334 ad

873 2345 1023 2386 populum
1035 2344 1158 2376 dixisse.

918 2387 1153 2418 22¹·Neminem
1180 2388 1396 2429 cmzdemnavit]
1442 2389 1490 2420 Ex
1526 2389 1563 2420 iis

875 2439 953 2471 quos
989 2441 1057 2461 reos
1092 2430 1175 2467 fecit,
1213 2441 1303 2461 nemo
1340 2430 1563 2462 condemnatus

875 2478 931 2504 est.

919 2516 960 2546 23
991 2515 1052 2545 Pro
1079 2515 1197 2557 collegio
1224 2517 1466 2557 decemvirorum]
1505 2517 1562 2547 Vi-

877 2557 968 2588 detur
982 2557 1043 2588 dici
1057 2558 1241 2600 supplicatio
1257 2558 1409 2600 imperata
1429 2571 1482 2599 pro
1504 2561 1563 2589 col·

877 2602 951 2642 legio
977 2603 1214 2637 decemvirorum,
1242 2601 1274 2632 id
1297 2608 1353 2637 est,
1385 2612 1423 2632 ex
1446 2601 1562 2633 delibe-

877 2644 995 2676 ratione
1015 2649 1047 2675 et
1064 2643 1152 2685 jussu
1171 2644 1292 2685 collegii
1309 2644 1562 2680 decemvirorum,

877 2687 1139 2728 quemadmodum
1165 2687 1227 2718 fere
1252 2688 1274 2720 l.
1298 2688 1359 2718 IV.
1382 2697 1410 2717 c.
1435 2688 1486 2716 44.
1511 2698 1565 2726 pro

875 2731 989 2771 collegii
1003 2732 1155 2761 sententia.

919 2774 961 2803 24
986 2772 1070 2806 Quod
1096 2774 1160 2803 luce
1183 2795 1192 2803 .

1217 2795 1226 2803 .
1246 2793 1255 2802 .
1283 2793 1292 2802 .
1315 2773 1438 2801 tenebroe
1463 2773 1565 2801 obortoe

867 2815 1016 2857 fuerant]
1041 2816 1092 2846 Ob
1109 2814 1262 2845 defectum
1285 2814 1367 2844 solis.
1413 2813 1487 2845 Vid.
1502 2820 1566 2845 not.

880 2860 929 2888 13.
945 2858 1023 2941 acll'l.
1039 2858 1214 2889 XXXVII.
1231 2867 1257 2887 c.
1275 2857 1302 2886 4.
1321 2866 1424 2897 supra.

924 2915 947 2940 B
