1947 3222
516 135 640 172 LIB.
671 133 838 171 XXXV.
893 133 1026 171 CAP.
1054 135 1192 174 XVII.
1480 143 1554 176 203

151 246 188 280 et
210 240 439 291 Tarentini,
455 257 480 282 a
497 242 635 296 quibus
649 242 906 294 stipendium,
922 254 947 281 a
961 241 1100 294 quibus
1114 256 1235 284 naves
1249 247 1460 299 exfoedere
1475 249 1558 288 exi·
1571 252 1614 285 U.
1624 252 1660 285 C.
1674 253 1749 285 559.

143 299 272 350 gitis?
301 301 384 340 Cur
395 301 622 353 Syracusas,
638 304 758 351 atque
772 299 813 339 in
827 300 934 338 alias
946 299 1099 339 Siciliae
1108 299 1277 341 Graecas
1290 303 1403 344 urbes
1410 311 1559 356 pra‘to-
1570 297 1610 326 A·
1623 295 1662 328 C·
1675 296 1748 327 193.

149 369 232 395 rem
247 358 472 410 quotannis,
487 369 569 395 cum
585 356 753 408 imperio
766 361 803 395 et
816 357 943 409 virgis
960 362 997 395 et
1009 356 1222 405 securibus,
1238 359 1427 400 mittitis?
1455 362 1561 402 nihil

150 413 266 455 alind
276 414 455 467 projecto
475 413 637 462 dicatis,
655 426 772 465 quam
790 414 914 453 armis
929 413 1130 465 superatis
1145 427 1210 454 vos
1226 415 1278 454 iis
1292 415 1365 456 has
1380 418 1483 470 leges
1499 419 1561 458 in-

143 471 334 521 posuisse.
376 470 569 509 Eamdem
591 470 639 509 de
654 470 824 523 Smyrna
841 476 879 510 et
894 470 1120 522 Lampsaco
1135 471 1455 526 civitatibusque,
1473 488 1562 526 qua?

153 526 280 566 [onice
299 532 368 566 aut
390 527 573 566 AEolz'dis
591 532 697 575 sunt,
719 541 895 567 caussam
917 527 968 566 ab
989 526 1187 567 Antiocho
1208 529 1392 581 accipite.
1443 531 1562 571 Bello

151 589 361 637 superatas
387 598 413 622 a
442 582 670 636 majoribus,
694 589 731 623 et
752 583 1087 636 ⁵⁰stipendiarias
1107 599 1154 624 ac
1174 586 1386 639 vectigales
1397 586 1559 640 factas,

152 641 194 680 in
216 642 422 693 antiquum
436 639 510 694 jus
530 641 689 693 repetit.
723 641 860 694 itaque
880 642 936 680 ad
955 641 1038 681 hoec
1058 642 1097 681 ei
1117 644 1353 694 responderi
1373 644 1502 692 velim,
1525 645 1562 685 si

152 712 201 737 ex
215 711 328 751 cequo
349 698 607 750 disceptatur,
626 704 663 737 et
680 711 757 737 non
775 698 871 738 belli
889 711 1030 738 caussa
1047 700 1254 752 quaeritur.
1306 699 1378 740 Ad
1399 715 1447 740 ea
1469 700 1562 741 Sul-

153 753 301 810 picius,
323 754 478 795 ⁵¹Fecit
505 756 733 803 verecunde,
760 754 913 810 inquit,
939 755 1172 803 Antiochus,
1199 756 1280 810 qui,
1305 760 1342 796 si
1371 758 1458 797 alia
1480 772 1564 811 pro

150 825 289 852 caussa
311 811 394 864 ejus
414 826 492 852 non
514 818 644 860 erant,
663 825 751 865 quce
771 813 1012 861 dicerentur,
1030 813 1238 865 quemlibet
1259 814 1351 861 ista,
1371 828 1486 867 quam
1507 829 1560 865 se,

152 870 284 909 dicere
318 870 474 909 maluit.
550 868 662 917 Quid
701 870 803 908 enim
839 870 968 909 simile
999 869 1116 909 habet
1150 871 1375 910 civitatium
1411 885 1561 922 earum,

153 940 252 979 quas
281 927 537 978 comparasti,
569 929 737 966 caussa?
781 924 844 966 Ab
874 926 1090 979 Rheginis,
1122 932 1160 966 et
1191 926 1493 979 Neapolitanis,
1525 936 1564 970 et

160 984 410 1033 Tarentinis,
428 998 476 1023 ex
496 997 572 1036 quo
592 983 634 1022 in
657 989 830 1023 nostram
845 989 1035 1022 venerunt
1048 989 1301 1034 potestatem,
1318 998 1396 1023 uno
1418 992 1455 1025 et
1467 999 1564 1038 per-

143 1047 268 1093 petuo
289 1046 425 1080 tenore
430 1039 557 1093 juris,
579 1054 731 1092 semper
750 1045 953 1091 usurpato,
978 1053 1191 1092 numquam
1215 1042 1453 1092 intermisso,
1476 1056 1565 1095 qua?

151 1098 367 1150 exjeedere
388 1097 539 1145 debent,
563 1097 765 1150 exigimus.
827 1097 1000 1136 Potesne
1020 1097 1179 1136 tandem
1203 1098 1347 1146 dicere,
1370 1104 1414 1138 ut
1436 1100 1470 1138 ii
1484 1113 1562 1152 po-

143 1156 240 1207 puli
259 1169 338 1194 non
361 1169 440 1207 per
468 1168 520 1201 se,
543 1167 622 1193 non
649 1168 725 1206 per
746 1153 866 1193 alium
898 1167 1127 1206 quemquam
1142 1154 1285 1207 foedus
1305 1158 1561 1204 mutaverint,

151 1212 227 1252 sicy
257 1211 369 1251 Asia’
397 1211 590 1261 civitates,
623 1216 666 1250 ut
700 1212 816 1251 semel
847 1217 1039 1250 venerunt
1069 1211 1111 1250 in
1143 1210 1335 1263 majorum
1371 1214 1565 1254 Antiochi

142 1274 396 1321 potestatem,
422 1270 464 1308 in
489 1274 688 1320 peipetua
711 1268 958 1320 possessione
987 1268 1104 1321 regui
1132 1269 1255 1308 vestri
1277 1271 1560 1321 permansisse,

152 1331 189 1365 et
210 1339 289 1365 non
310 1327 417 1365 alias
437 1339 572 1365 earum
598 1325 641 1365 in
663 1325 866 1377 Philippi,
890 1326 997 1364 alias
1017 1326 1059 1364 in
1082 1325 1295 1365 Ptolemaei
1306 1327 1444 1379 fuisse
1469 1334 1562 1380 pot-

152 1389 289 1429 estate,
307 1383 415 1423 alias
430 1397 509 1435 per
529 1383 668 1422 multos
687 1396 815 1422 annos
835 1382 944 1422 nullo
964 1381 1187 1435 ambigente
1206 1383 1430 1423 libertatem
1452 1398 1564 1424 usur-

146 1442 296 1492 passe?
333 1440 437 1480 Nam
459 1440 510 1490 si,
532 1441 637 1492 quod
656 1440 878 1492 aliquando
902 1439 1138 1487 servierunt,
1161 1445 1378 1492 temporum
1410 1442 1564 1495 iniqui-

152 1503 236 1536 tate
249 1497 395 1549 pressi,
404 1495 478 1549 jus
492 1503 585 1548 post
605 1502 663 1535 tot
678 1495 847 1535 ⁵²secula
869 1497 1084 1535 adserendi
1105 1510 1168 1536 eos
1188 1497 1230 1536 in
1251 1499 1476 1537 servitutem
1482 1499 1563 1551 fa-

154 1555 267 1599 ciet²;
301 1554 397 1606 quid
416 1553 536 1601 abest,
560 1554 655 1606 quin
682 1560 809 1592 actum
840 1552 951 1592 nobis
980 1553 1086 1592 nihil
1104 1554 1172 1604 sit,
1195 1554 1300 1606 quod
1320 1569 1344 1593 a
1367 1555 1564 1608 Philippo

154 1610 409 1650 liberavimus
452 1610 670 1657 Graeciam,
708 1616 747 1650 et
781 1614 967 1662 repetant
999 1611 1156 1661 posteri
1189 1609 1271 1663 ejus
1313 1611 1562 1662 Corinthum,

157 1668 399 1715 Chalcidem,
426 1667 741 1716 Demetriadem,
764 1672 802 1706 et
829 1666 1106 1706 Thessalorum
1127 1673 1250 1717 totam
1267 1671 1455 1720 gentem?
1486 1669 1566 1709 Sed

154 1725 254 1778 quid
271 1738 343 1778 ego
362 1738 538 1764 caussam
559 1724 784 1764 civitatium
805 1738 897 1777 agO,
919 1736 1050 1776 quam,
1072 1724 1174 1777 ipsis
1192 1724 1416 1778 agentibus,
1439 1731 1475 1766 et
1496 1740 1566 1767 nos

156 1788 193 1821 et
213 1796 342 1834 regem
364 1782 490 1834 ipsum
511 1794 742 1835 cognoscere
763 1782 914 1834 sequius
933 1783 1017 1820 est?

215 1839 368 1879 XVII.
401 1839 549 1879 Vocari
584 1837 734 1878 deinde
767 1837 1000 1879 civitatium
1036 1836 1262 1893 legationes
1286 1838 1428 1895 jussit,
1460 1855 1568 1896 prae-

155 1904 321 1951 paratas
343 1895 432 1951 jam
460 1902 555 1936 ante
583 1902 624 1936 et
653 1895 878 1936 instructas
908 1894 961 1934 ab
993 1895 1197 1944 Eumene,
1229 1896 1318 1950 qui,
1341 1905 1566 1951 quantum-

156 1967 336 2007 cumque
375 1951 528 1992 virium
567 1951 779 1992 Antiocho
819 1950 1071 2001 decessisset,
1108 1967 1183 1992 suo
1220 1951 1264 1992 id
1303 1968 1564 1995 accessurum

155 2023 283 2063 regno
323 2007 513 2049 ducebat.
574 2007 760 2048 Admissi
800 2008 956 2064 plures,
987 2007 1088 2048 dum
1120 2023 1213 2049 suas
1244 2008 1422 2064 quisque
1453 2025 1564 2051 nunc

156 2064 359 2120 querelas,
382 2080 491 2105 nunc
519 2064 872 2120 expostulationes
901 2064 1059 2113 inserit,
1082 2072 1123 2105 et
1144 2079 1266 2120 aequa
1295 2065 1449 2121 iniquis
1470 2066 1565 2108 mis-

156 2129 284 2170 cent³,
306 2137 327 2161 e
348 2121 645 2176 disceptatione
673 2121 983 2162 altercationem
1013 2121 1213 2162 fecerunt.
1244 2121 1401 2177 itaque,
1426 2138 1564 2178 neque

155 2177 323 2218 remissa
343 2177 429 2218 ulla
449 2193 508 2228 re,
529 2193 664 2234 neque
685 2178 921 2233 impetrata,
940 2192 1060 2232 aeque
1081 2193 1128 2219 ac
1149 2187 1361 2228 venerant,
1378 2180 1562 2220 omnium

154 2233 303 2275 incerti
332 2234 458 2289 legati
490 2235 668 2275 Romam
697 2235 923 2275 redierunt.
992 2235 1101 2284 Rex,
1133 2234 1312 2276 dimissis
1342 2235 1406 2285 iis,
1437 2236 1566 2277 consi-
1578 2246 1648 2276 Rex
1666 2246 1766 2276 consi-

157 2291 261 2331 lium
282 2290 333 2331 de
353 2291 462 2332 bello
480 2292 670 2332 Romano
690 2291 851 2332 habuit.
895 2291 963 2332 lbi
983 2290 1129 2332 ⁵³alius
1149 2291 1231 2332 alio
1250 2291 1429 2332 ferocius
1447 2292 1567 2348 (quia
1578 2288 1779 2363 3ξὲξὲξῇ

197 2376 214 2401 Υ
230 2373 301 2403 add.
316 2379 343 2403 et
356 2373 453 2445 (ΣΕ-οη.
470 2373 562 2404 Crev.
676 2374 695 2391 ²¹
698 2371 781 2413 facit
797 2371 886 2402 Eaed.
1000 2374 1015 2392 ²
1030 2372 1235 2411 postulationes
1249 2373 1349 2403 inserit
1365 2383 1445 2413 aeqna
1461 2373 1568 2413 iniquis
1581 2374 1676 2405 bello.

158 2417 303 2446 miscentes
317 2417 371 2446 Eae
398 2439 405 2446 .

199 2485 490 2524 50⁸Stipendiarias
509 2495 544 2514 ac
563 2483 729 2525 vectigales]
765 2482 840 2514 Vid.
882 2493 949 2512 rum.
977 2482 1142 2522 increpare]
1200 2481 1356 2513 Posterius
1396 2481 1454 2513 hoc
1490 2484 1567 2513 alius

158 2530 220 2556 not.
235 2528 286 2557 92.
301 2527 340 2557 ad
354 2527 448 2557 XXI.
463 2528 513 2556 41.
882 2535 945 2555 non
960 2535 1025 2555 esse
1040 2524 1120 2555 Livii
1143 2523 1365 2560 existimamus,
1382 2525 1435 2555 sed
1450 2524 1565 2555 immis-

202 2570 240 2599 51
251 2570 270 2588 ’ἒ
282 2570 361 2600 Fecit
376 2570 550 2610 verecunde]
582 2569 734 2600 Pudorem
751 2579 840 2598 suum
884 2578 951 2598 sum
968 2568 1006 2598 ab
1021 2566 1058 2597 iis
1079 2566 1131 2608 qui
1145 2577 1206 2597 non
1229 2567 1371 2598 viderunt
1392 2567 1566 2609 parenthesi

162 2611 279 2651 probat.
322 2612 446 2642 Etenim
470 2611 657 2653 impudentis
677 2617 722 2642 est
745 2611 841 2642 futili·
874 2609 1073 2641 'includenda
1098 2620 1137 2640 ea
1164 2610 1268 2641 omnia
1291 2620 1360 2651 quae
1388 2609 1568 2650 interposita

162 2654 219 2683 bus
243 2655 432 2686 sermonibus
455 2655 535 2686 velle
557 2655 645 2686 alteri
668 2654 773 2685 fucum
795 2653 839 2684 sa·
884 2658 954 2684 sunt
985 2652 1064 2683 inter
1087 2652 1264 2683 adverbium
1282 2654 1427 2694 ferocias,
1453 2658 1483 2682 et
1509 2651 1566 2683 hoc

159 2705 238 2726 cere.
884 2696 1067 2729 membrum,
1094 2698 1255 2734 superbiam
1282 2696 1492 2734 postulatorum
1519 2696 1564 2724 in-

205 2739 245 2768 52
269 2738 386 2779 Secula]
412 2740 519 2774 rmoie.
563 2739 638 2771 Vid.
653 2745 717 2771 not.
732 2741 785 2771 67.
800 2738 840 2770 ad
883 2749 1010 2778 crepare.
1055 2739 1206 2778 *Itaque
1222 2748 1328 2768 sensus
1354 2736 1428 2767 erit.-
1461 2746 1567 2768 omnes

161 2781 221 2811 lx.
240 2781 287 2810 18·
882 2781 1040 2823 increpare
1063 2780 1216 2822 incipiunt
1236 2779 1410 2821 superbiam
1430 2779 1566 2821 postula-

205 2824 246 2854 53
269 2823 353 2853 Alius
373 2824 431 2853 alio
443 2824 589 2865 ferocius.-
612 2827 681 2864 quia
702 2847 710 2854 .
729 2847 736 2855 .
754 2847 762 2855 .
780 2836 840 2854 ma·
884 2830 996 2859 torum,
1020 2829 1171 2854 certantes
1196 2823 1274 2853 inter
1296 2832 1328 2852 se
1354 2820 1422 2862 quis
1444 2821 1564 2853 ferocis-

155 2868 207 2905 jor
244 2872 316 2896 erat.
370 2867 458 2897 Alius
491 2869 651 2908 superbiam
684 2869 840 2906 postulato·
886 2867 962 2898 sime
977 2872 1006 2897 et
1020 2865 1221 2897 audacissime
1237 2865 1420 2905 loqueretur.
