1947 3222
190 233 232 265 U.
244 233 280 265 C.
293 234 367 266 573.

189 277 230 307 Λ.
242 277 279 308 C.
299 278 368 309 179.

187 679 363 721 Antigonus

186 722 378 754 interficitur.

188 904 288 934 Fulvii
305 905 378 936 Cos.

188 947 369 990 triumphuS.

183 1359 333 1392 ,Comitia-

187 1696 344 1739 Prodigia.

400 116 476 152 508
627 113 775 151 TITI
813 112 994 151 LIVII
1033 112 1157 151 LIB.
1186 112 1274 151 XL.
1311 113 1444 151 CAP.
1473 113 1582 152 LIX.

400 221 570 278 quidem
591 221 790 279 perculsis
811 220 1019 264 Thraces:
1048 222 1120 264 sed
1140 221 1219 279 ipsi
1240 223 1353 264 Deos
1374 231 1562 265 auctores
1581 222 1695 279 fugae
1715 238 1817 275 esse,

400 278 636 334 coelumque
666 279 711 320 in
742 294 784 320 se
815 294 936 320 ruere
967 279 1145 320 aiebant.
1207 279 1409 334 Dissipati
1441 279 1635 335 procella,
1666 295 1814 336 quum,

400 343 615 391 tamquam
645 350 697 376 ex
725 335 959 391 naufragio,
980 335 1171 391 plerique
1201 335 1432 377 semiermes
1461 336 1504 376 in
1534 344 1681 387 castra,
1703 336 1815 377 unde

400 392 576 447 profecti
606 400 737 442 erant,
759 392 987 440 redissent;
1020 392 1245 433 consultari
1273 392 1376 448 quid
1397 401 1582 447 agerent,
1604 400 1812 448 coeptum:

399 448 497 489 inde
526 456 618 490 orta
646 448 869 495 dissensio;
903 448 995 489 aliis
1022 448 1299 498 redeundum,
1321 448 1411 490 aliis
1440 448 1744 505 penetrandum
1773 449 1816 490 in

401 505 659 546 Dardaniam
691 504 967 546 censentibus.
1041 504 1239 560 Triginta
1271 505 1402 546 ferme
1436 505 1566 546 millia
1600 505 1816 547 hominum

403 561 625 613 (Clondico
654 561 761 602 duce
794 560 971 617 profecti
1001 563 1138 615 erant)
1171 569 1461 617 pervenerunt.
1504 571 1641 604 cetera
1674 562 1817 604 multi-

401 618 506 659 tudo
531 626 658 667 retro,
680 632 765 672 qua
784 626 1020 667 venerantss,
1041 618 1435 659 transdanubianam
1461 619 1670 674 regionem
1700 634 1816 675 repe-

401 674 479 715 tiit.
540 675 732 724 Perseus,
768 674 929 730 potitus
967 689 1110 730 regno,
1146 674 1322 715 interfici
1362 675 1625 730 Antigonum
1660 675 1813 731 jussit:

400 739 456 780 et,
479 730 581 772 dum
602 730 785 772 firmaret
805 746 884 781 res,
902 731 1060 787 legatos
1082 732 1261 772 Romam
1282 730 1337 771 ad
1356 731 1580 772 amicitiam
1599 740 1816 788 paternam

399 787 694 838 renovandam,
715 787 1044 844 petendumque,
1076 796 1124 829 ut
1154 803 1228 829 rex
1258 788 1312 829 ab
1343 796 1488 829 senatu
1519 787 1814 844 adpellaretur,

399 844 523 885 misit.
586 845 693 885 Haec
713 860 761 884 eo
781 859 889 884 anno
909 844 951 885 in
974 844 1224 886 Macedonia
1243 852 1372 900 gesta.

458 900 587 940 LIX.
620 900 738 941 Alter
772 900 990 942 consulum
1026 902 1074 951 Q.
1108 901 1286 942 Fulvius
1321 917 1373 942 ex
1410 900 1641 957 Liguribus
1671 900 1818 942 trium-

399 956 556 1012 phavit.
588 973 715 1014 quem
750 957 1012 1014 triumphum
1047 957 1179 1013 magis
1213 958 1374 1014 gratiae,
1397 973 1524 1014 quam
1551 973 1690 999 rerum
1725 973 1816 1014 ges-

400 1021 538 1054 tarum
582 1014 876 1070 magnitudini,
918 1014 1063 1055 datum
1105 1015 1332 1056 constabat.
1413 1018 1640 1056 Armorum
1688 1014 1818 1056 hosti-

398 1069 503 1111 lium
542 1086 735 1126 magnam
779 1071 865 1111 vim
910 1071 1151 1119 transtulit;
1201 1071 1360 1112 nullam
1408 1072 1626 1128 pecuniam
1675 1070 1818 1112 admo-

398 1127 512 1167 dum.
564 1127 706 1169 divisit
756 1135 894 1168 tamen
943 1128 986 1168 in
1036 1127 1222 1183 singulos
1260 1128 1413 1170 milites
1451 1127 1666 1169 2⁶tricenos
1707 1127 1814 1177 aeris,

398 1183 556 1239 duplex
577 1183 903 1234 centurionibus,
925 1184 1078 1240 triplex
1099 1184 1243 1239 equiti.
1305 1185 1422 1225 Nihil
1452 1185 1493 1225 in
1524 1200 1572 1225 eo
1599 1184 1816 1240 triumpho

398 1240 529 1295 magis
558 1241 719 1296 insigne
748 1240 845 1291 fuit,
876 1256 1003 1296 quam
1033 1241 1149 1296 quod
1177 1241 1285 1282 forte
1314 1242 1467 1291 evenit,
1493 1250 1541 1282 ut
1571 1240 1714 1282 eodem
1746 1240 1814 1282 die

399 1296 691 1353 triumpharet,
728 1313 814 1353 quo
847 1297 985 1353 priore
1020 1312 1128 1338 anno
1162 1313 1213 1338 ex
1249 1306 1435 1353 praetura
1470 1297 1814 1353 triumphaverat.

402 1354 639 1395 Secundum
671 1353 933 1410 triumphum
964 1354 1133 1395 comitia
1159 1353 1305 1404 edixit,
1327 1354 1482 1409 quibus
1511 1354 1639 1394 creati
1669 1369 1816 1395 consu-

400 1409 456 1450 les
477 1419 574 1452 sunt
598 1412 660 1452 M.
684 1412 712 1451 J
718 1410 840 1451 unius
863 1411 1038 1460 Brutus,
1061 1411 1116 1450 A.
1141 1410 1328 1451 Manlius
1352 1410 1492 1465 Vulso.
1537 1410 1813 1451 ²⁷Praetorum

398 1466 508 1517 inde,
535 1467 669 1509 tribus
698 1468 860 1518 creatis,
892 1467 1058 1508 comitia
1087 1475 1310 1523 tempestas
1340 1467 1518 1508 diremit.
1549 1474 1716 1522 postero
1746 1466 1814 1507 die

397 1523 549 1579 reliqui
570 1532 654 1566 tres
674 1524 774 1565 facti
794 1532 889 1565 ante
909 1524 1019 1564 diem
1041 1533 1238 1579 quartum
1272 1524 1377 1565 Idus
1401 1523 1593 1570 Martias,
1616 1523 1680 1563 M.
1703 1521 1813 1564 Titi-

398 1580 491 1621 nius
514 1582 696 1631 Curvus,
720 1581 788 1622 Ti.
808 1581 1012 1622 Claudius
1034 1582 1160 1631 Nero,
1180 1580 1231 1620 T.
1254 1580 1450 1622 Fonteius
1473 1580 1636 1636 Capito.
1698 1579 1813 1621 Ludi

399 1637 578 1678 Romani
609 1638 828 1679 instaurati
863 1638 916 1678 ab
941 1637 1134 1679 aedilibus
1168 1637 1386 1679 curulibus
1415 1639 1490 1678 Cn.
1517 1636 1689 1677 Servilio
1723 1637 1814 1677 Cae-

397 1694 534 1749 pione,
553 1696 638 1750 Ap.
664 1695 841 1736 Claudio
873 1694 1103 1742 Centhone,
1125 1703 1296 1750 propter
1315 1694 1521 1749 prodigia,
1543 1709 1640 1749 quae
1669 1708 1814 1733 evene-

398 1758 503 1791 rant.
566 1752 701 1792 Terra
720 1751 873 1793 movit:
906 1751 948 1791 in
966 1751 1066 1791 foris
1087 1750 1278 1807 publicis,
1298 1751 1369 1792 ubi
1389 1750 1688 1792 lectisternium
1708 1757 1812 1800 erat,

398 1808 586 1848 Deorum
622 1808 773 1863 capita,
805 1823 901 1864 quae
930 1809 973 1848 in
1004 1807 1119 1848 lectis
1149 1816 1280 1857 erant,
1301 1814 1542 1849 averterunt
1563 1822 1630 1855 se3
1662 1805 1813 1846 ²⁸lana-

398 1879 480 1919 que
510 1879 605 1905 eum
635 1864 946 1919 integumentis,
974 1879 1070 1919 quae
1101 1863 1199 1904 Jovi
1223 1863 1414 1919 obposita
1440 1862 1538 1912 fuit,
1559 1862 1726 1904 decidit.
1759 1862 1812 1903 de

397 1935 538 1961 mensa
561 1921 671 1961 olcas
696 1937 865 1977 quoque
898 1929 1174 1976 praegustasse
1207 1935 1359 1971 mures,
1381 1920 1422 1960 in
1450 1918 1690 1975 prodigium
1720 1933 1811 1960 ver-

398 1992 489 2017 sum
519 1985 592 2018 est.
654 1979 727 2018 Ad
747 1993 796 2018 ea
815 1977 1022 2034 expianda
1045 1976 1148 2017 nihil
1172 1976 1298 2027 ultra,
1320 1991 1447 2033 quam
1471 1984 1519 2017 ut
1541 1975 1631 2017 ludi
1651 1976 1812 2017 instau-

398 2042 604 2085 rarentur,
626 2042 767 2076 actum
788 2042 861 2076 est.

979 2137 994 2155 ²
1009 2140 1126 2165 venerat
1142 2135 1230 2165 Crev.

440 2221 482 2250 26
508 2219 640 2250 'I'ricenos
661 2220 742 2260 τῆς]
776 2219 846 2250 Sive
861 2224 961 2250 ternos
983 2220 1078 2250 dena·
1124 2219 1334 2259 Obsequente‚
1364 2219 1486 2259 lanaque
1521 2228 1588 2248 cum
1624 2218 1806 2258 integumen-

398 2262 467 2297 rios,
485 2263 592 2303 quales
608 2268 676 2293 octo
692 2263 814 2293 unciam
840 2263 956 2303 argenti
980 2262 1078 2294 Paris.
1125 2264 1170 2297 tis,
1200 2272 1264 2302 quae
1299 2262 1365 2291 Jovi
1399 2267 1482 2292 erant
1517 2261 1656 2300 apposita.
1687 2260 1806 2289 decidit·

398 2305 544 2335 efficiunt.
597 2305 627 2335 Si
658 2305 708 2335 cui
732 2305 789 2335 hoc
818 2305 907 2335 nimis
935 2306 1080 2347 exiguum
1125 2304 1186 2335 Sed
1214 2314 1274 2335 non
1303 2304 1371 2334 ideo
1401 2315 1448 2334 res
1483 2303 1517 2333 fit
1553 2302 1650 2332 multo
1686 2301 1807 2332 clarior.

397 2347 562 2384 videbitur,
578 2347 853 2389 lcgat,utquidam
868 2348 981 2380 habent
994 2348 1079 2383 editi,
1125 2347 1297 2378 Schefl'erus
1322 2346 1494 2388 suspicatur
1520 2346 1605 2377 lerna.
1630 2354 1690 2384 quo
1716 2343 1809 2374 vesti-

398 2398 532 2421 trecenos.
1125 2395 1229 2420 mento
1244 2390 1407 2420 utebantur
1422 2388 1492 2419 ituri
1508 2387 1546 2418 ad
1561 2395 1684 2418 coenam
1701 2396 1717 2416 e
1741 2386 1810 2417 ba]-

439 2434 479 2462 27
505 2434 675 2463 I’raertmmm
721 2434 786 2462 inde
830 2434 922 2463 tribus
962 2433 1080 2474 creatis]
1126 2443 1194 2463 neo·
1240 2433 1307 2463 Nec
1332 2437 1415 2463 caret
1437 2431 1552 2461 ratione
1575 2429 1640 2459 haec
1662 2428 1808 2460 emenda-

398 2475 550 2506 Yidentur
579 2476 628 2505 hic,
656 2475 806 2506 excidisse
837 2476 963 2506 uomina
993 2476 1083 2506 trium
1127 2476 1179 2510 tio,
1209 2485 1303 2515 quum
1331 2474 1379 2505 hic
1410 2479 1517 2514 agatur
1548 2472 1585 2502 de
1613 2471 1808 2518 leetlssteffllffi

397 2518 516 2548 illorum
543 2524 718 2559 pactorum.
776 2519 884 2559 Neque
912 2519 994 2549 enim
1020 2518 1085 2549 ulla
1128 2518 1191 2548 sive
1220 2518 1310 2559 epulo
1337 2517 1464 2558 praebito
1490 2515 1561 2546 Jovi
1587 2520 1618 2545 et
1645 2514 1712 2544 alus
1739 2513 1809 2562 d¹¹.⁵·

396 2561 472 2590 ratio
500 2567 556 2595 est.
584 2572 638 2591 cur
666 2561 720 2591 hos
747 2561 847 2602 potius
875 2561 1080 2602 supersederit
1125 2561 1206 2591 llinc
1237 2561 1270 2590 tit
1307 2569 1428 2599 quoque
1462 2558 1576 2589 mentio
1605 2557 1741 2588 olearum
1769 2565 1808 2602 qe

398 2603 552 2633 nominare
571 2603 686 2638 Livius,
702 2614 794 2644 quam
810 2614 862 2634 eos
884 2604 936 2644 qui
960 2611 1080 2645 postero
1124 2613 1242 2638 mensa,
1265 2602 1335 2633 Jovi
1359 2601 1474 2631 scilicet
1499 2599 1650 2642 apposita,
1675 2608 1694 2628 a
1714 2608 1809 2628 mun-

395 2646 444 2675 «lie
462 2646 535 2676 facti
550 2651 632 2676 sunt.
1121 2646 1178 2675 bus
1193 2650 1459 2687 prmgustatarum.
1497 2642 1591 2680 Quid
1607 2642 1668 2672 sint
1690 2643 1808 2687 integu-

437 2690 476 2719 28
506 2689 641 2729 Lunaque
664 2700 729 2718 cum
751 2688 970 2728 integumentis]
1005 2689 1076 2718 Mo-
1121 2695 1216 2719 menta
1231 2688 1297 2717 Jove
1319 2689 1446 2725 opposita
1460 2686 1509 2717 vel
1524 2687 1665 2725 apposita,
1681 2682 1808 2713 definire

396 2736 445 2760 net
473 2731 614 2771 sigonius
644 2731 806 2772 legendum
835 2741 901 2761 csse
926 2741 964 2761 ex
993 2730 1078 2762 Julio
1123 2741 1182 2761 non
1199 2740 1368 2772 possumus.

825 2845 973 2883 FINIS
1003 2845 1148 2882 TOMI
1181 2844 1389 2882 TERTII.
