1947 3222
164 263 204 294 U.
218 264 253 294 C.
267 264 339 294 561.

162 304 201 335 A.
217 305 255 337 C.
272 307 340 338 191.

377 149 450 183 238
885 147 1257 186 .T1T1L1vl1

373 253 574 295 frumenti
594 254 803 310 exigeret:
836 256 879 298 id
900 257 953 298 ad
974 272 1086 309 mare
1108 255 1454 313 comportandum
1479 255 1786 297 devehendum-

373 309 518 364 quein
549 311 755 353 Graeciam
786 322 961 355 curaret.
1025 314 1147 355 Idem
1168 314 1218 355 L.
1243 313 1382 370 Oppio
1413 312 1465 353 de
1495 311 1635 352 alteris
1664 311 1788 355 decu-

372 366 450 407 mis
490 367 704 424 exigendis
743 370 785 410 in
830 370 1020 411 Sardinia
1058 371 1322 426 imperatum.
1385 371 1585 411 Ceterum
1623 383 1705 409 non
1745 368 1785 408 in

375 422 596 474 Graeciam,
628 425 699 466 sed
731 427 924 476 Romam,
957 426 1002 467 id
1030 427 1290 468 frumentum
1319 426 1476 483 portari
1501 425 1674 482 placere.
1738 426 1784 465 C.

375 478 523 535 Livius
543 490 714 537 praetor,
736 482 802 522 cui
824 482 963 523 classis
985 491 1193 534 evenerat,
1214 499 1310 525 cum
1331 483 1506 539 triginta
1519 481 1696 524 navibus
1716 497 1788 537 pa-

372 537 472 578 ratis
493 538 682 594 trajicere
703 538 744 579 iu
768 539 975 580 Graeeiam
1005 540 1142 595 primo
1164 555 1334 596 quoquc
1354 548 1541 596 tempore
1565 539 1723 595 jussus,
1745 547 1786 579 et

371 592 425 633 ab
456 594 590 635 Atilio
619 610 743 635 naves
774 596 971 651 accipere.
1011 604 1168 637 veteres
1198 612 1338 647 naves,
1370 613 1466 652 quae
1496 596 1539 638 in
1568 594 1788 637 navalibus

371 659 503 700 erant,
525 659 573 692 ut
588 651 775 692 reficeret
796 660 837 693 et
858 661 1051 703 armaret,
1070 654 1133 693 M.
1150 653 1179 693 J
1182 654 1282 694 unio
1298 653 1467 709 praetori
1483 653 1700 708 negotium
1714 651 1786 692 da-

371 713 462 748 tum
483 715 559 757 est,
583 715 625 749 et
645 707 688 748 in
709 723 798 748 eam
820 709 988 750 classem
1011 709 1141 750 socios
1160 710 1327 750 navales
1348 710 1562 751 libertinos
1582 709 1750 765 legeret.

430 764 519 804 III.
553 763 705 820 Legati
738 766 845 806 terni
881 766 924 806 in
958 765 1149 817 Africam
1180 766 1234 807 ad
1271 765 1641 822 Karthaginienses
1673 773 1712 806 et
1743 765 1784 805 in

371 819 617 862 Numidiam
657 821 711 862 ad
750 821 1009 864 frumentum
1050 822 1299 877 rogandum,
1341 823 1457 879 quod
1495 822 1538 863 in
1580 821 1786 863 Graeciam

368 884 622 932 portaretur,
644 877 782 926 missi;
815 894 892 935 pro
913 895 999 935 quo
1019 879 1202 936 pretium
1224 879 1401 920 solveret
1428 878 1611 936 populus
1632 880 1785 919 Roma-

369 946 460 973 nus.
521 933 729 990 Adeoque
761 936 804 976 in
839 936 1087 992 adparatum
1123 951 1350 992 curamque
1385 936 1476 992 ejus
1509 935 1608 976 belli
1642 934 1786 975 civitas

368 989 530 1031 intenta
558 991 656 1041 fuit,
677 1000 725 1033 ut
758 994 806 1033 P.
832 993 1051 1034 Cornelius
1080 993 1224 1034 consul
1253 993 1448 1043 ediceret,
1474 992 1557 1041 Qui
1584 998 1787 1033 senatores

369 1054 509 1097 essent,
531 1047 771 1102 ⁸quibzzsque
791 1051 835 1090 in
855 1056 996 1090 senatu
1016 1051 1254 1091 sententiam
1284 1051 1417 1091 dicere
1445 1051 1597 1097 liceret,
1620 1048 1789 1102 ⁹quz'que

369 1105 543 1146 minores
578 1108 841 1159 magistratus
874 1114 1013 1157 essent,
1049 1122 1098 1147 ne
1129 1108 1218 1160 quis
1252 1104 1383 1148 eorum
1419 1108 1580 1161 longius
1609 1106 1660 1146 ab
1692 1105 1788 1145 urhe

369 1161 502 1201 Roma
524 1162 668 1212 obiret,
691 1178 813 1217 quam
833 1165 938 1204 uncle
957 1179 1002 1204 eo
1029 1165 1096 1204 die
1121 1165 1258 1205 redire
1280 1170 1415 1217 posset
1422 1187 1436 1210 ;
1471 1179 1567 1205 neve
1585 1178 1664 1203 uno
1693 1169 1786 1203 tem-

363 1232 466 1270 pore
486 1220 660 1273 quinque
685 1227 889 1262 senatores
918 1221 969 1261 ab
999 1221 1095 1261 urbe
1125 1221 1259 1261 Roma
1287 1221 1476 1262 abessent.
1539 1221 1591 1261 In
1621 1235 1787 1275 compa-

369 1275 500 1316 rando
529 1276 691 1332 inpigre
721 1277 890 1318 classem
921 1279 969 1319 C.
993 1277 1164 1319 Livium
1193 1286 1416 1334 praetorem
1446 1277 1670 1326 contentio,
1693 1285 1786 1317 orta

369 1347 464 1373 cum
493 1332 647 1373 colonis
671 1333 904 1383 maritimis,
929 1335 1157 1390 paullisper
1187 1335 1334 1376 tenuit.
1396 1335 1521 1384 Nam,
1552 1348 1686 1389 quum
1717 1347 1785 1373 co-

368 1398 568 1444 gerentur
593 1389 635 1430 in
663 1391 847 1441 classem,
871 1388 1060 1432 tribunos
1085 1391 1245 1447 plebeid
1264 1391 1554 1447 adpellarunt:
1586 1390 1640 1430 ab
1661 1389 1710 1429 iis
1730 1389 1783 1430 ad

369 1455 559 1487 senatum
580 1447 721 1502 rejecti
743 1455 851 1489 sunt.
915 1450 1093 1494 Senatus
1113 1447 1185 1497 ita,
1207 1456 1257 1489 ut
1278 1448 1332 1489 ad
1362 1462 1494 1488 unum
1522 1461 1663 1487 omnes
1690 1461 1784 1486 con-

369 1503 583 1553 sentirent,
624 1503 823 1554 decrevit,
865 1506 1122 1546 vacationem
1170 1504 1230 1545 rei
1269 1504 1427 1546 navalis
1466 1503 1590 1544 ¹⁰his⁶
1632 1501 1786 1543 colonis

368 1573 449 1599 non
472 1575 569 1600 esse.
632 1560 763 1611 Ostia,
786 1569 827 1602 et
850 1562 1066 1617 Fregenae,
1089 1569 1130 1602 et
1163 1562 1358 1602 Castrum
1379 1576 1550 1611 novum,
1572 1568 1613 1601 et
1636 1559 1782 1615 Pyrgi,

368 1623 410 1657 et
430 1617 626 1666 Antium,
649 1625 688 1658 et
713 1618 956 1669 Tarracina,
977 1627 1018 1660 et
1044 1618 1294 1668 Minturnae,
1317 1627 1358 1660 et
1382 1619 1576 1659 Sinuessa
1594 1616 1782 1665 fuerunt,

368 1688 464 1727 quae
485 1689 580 1714 cum
601 1683 780 1729 praetore
801 1675 853 1716 de
878 1676 1092 1716 vacatione
1113 1683 1394 1716 certaverunt.
1455 1673 1613 1715 Consul
1633 1672 1782 1713 deinde

369 1728 446 1769 Μ’.
470 1730 632 1771 Acilius
662 1746 713 1771 cx
744 1732 1102 1773 senatusconsulto
1131 1732 1185 1773 ad
1220 1731 1440 1787 collegium
1476 1730 1685 1771 fecialium
1721 1745 1783 1770 re-

367 1786 490 1827 tulit:
524 1789 665 1840 Ipsine
695 1790 832 1842 utz'que
860 1790 950 1840 regi
970 1790 1168 1829 Antiocho
1189 1789 1436 1828 indiceretur
1465 1788 1619 1835 bellum,
1643 1801 1697 1825 an
1727 1787 1785 1825 ad

360 1845 598 1896 prcesidimn
629 1846 933 1885 nunciarem-f?
966 1852 1003 1885 et
1023 1860 1115 1886 num
1136 1846 1293 1886 AEtolis
1313 1859 1466 1898 quoque
1479 1844 1697 1897 separatim
1721 1844 1782 1883 in-

368 1902 452 1941 dici
466 1900 659 1955 juberent
689 1903 862 1943 bellum?
895 1909 932 1943 et
963 1917 1054 1943 num
1076 1904 1197 1957 prins
1226 1903 1394 1943 societas
1414 1901 1510 1942 ¹¹eis
1529 1907 1568 1941 et
1597 1901 1782 1940 amicitia

156 1957 325 2006 Fecialium
368 1960 647 1999 renuncianda
669 1967 778 2009 esset,
795 1974 911 2014 quam
934 1960 1075 2001 bellum
1097 1961 1382 2008 indicendum?
1417 1958 1600 2000 Feciales
1616 1972 1783 2013 respon-

154 2001 354 2032 sententxade
367 2015 537 2057 derunt:
569 2018 665 2057 Jam
687 2024 780 2057 ante
806 2032 899 2065 sese,
924 2032 1040 2071 qzczcm
1071 2019 1120 2058 (Ie
1152 2018 1350 2070 Philippo
1379 2016 1692 2064 consulerentur,
1714 2015 1782 2054 de·

154 2044 270 2074 ratione
287 2044 333 2074 in-

153 2085 276 2117 dicendi

154 2128 238 2161 belli.

366 2087 501 2120 cresse,
524 2075 631 2114 nilzil
649 2075 818 2127 referre,
838 2076 919 2127 ipsi
933 2089 1080 2124 coram,
1097 2089 1152 2116 an
1168 2076 1225 2114 ad
1236 2075 1491 2127 praesiclinm,
1507 2073 1781 2112 nunciaretur.

367 2128 399 2153 ¹²
411 2131 640 2171 Amicitiam
662 2132 941 2172 renunciatam
963 2133 1108 2182 videri,
1127 2146 1242 2186 quum
1258 2132 1422 2185 legalis,
1437 2131 1552 2171 toties
1567 2129 1783 2182 repetenti-

409 2215 424 2238 d
438 2215 525 2253 plebis
541 2215 637 2245 Gron.
655 2216 745 2246 Crev.
875 2219 889 2236 θ
906 2217 944 2246 eis
958 2216 1047 2247 Crev.
1186 2211 1199 2236 f
1214 2227 1251 2246 an
1268 2216 1337 2245 salis
1348 2221 1414 2245 esset
1430 2215 1468 2244 ml
1481 2215 1650 2254 proesidium
1664 2213 1780 2252 aliquod

365 2259 428 2297 ejus
442 2260 605 2288 nunciare?
629 2259 727 2289 Gron.
747 2259 839 2290 Crev.

366 2342 473 2374 Cicero
496 2343 518 2374 1.
536 2343 601 2374 III.
624 2343 655 2373 in
673 2344 811 2377 Verrem,
831 2355 861 2374 n.
886 2345 938 2375 42.
960 2354 1048 2375 sena·
1094 2343 1274 2374 centuriatis
1304 2343 1496 2375 creabantur.
1557 2339 1684 2380 Reliqui
1713 2349 1779 2369 mn-

365 2393 441 2421 tum,
468 2397 562 2427 quum
589 2387 775 2427 temporibus
798 2387 974 2429 reipublicae
998 2398 1048 2417 co·
1094 2386 1250 2427 gistratus,
1280 2392 1355 2428 puta
1384 2385 1498 2419 aediles,
1526 2388 1701 2424 quaestoreS,
1728 2381 1778 2411 Iri·

365 2435 496 2470 geretur,
525 2435 559 2459 ut
586 2429 774 2460 decerneret.
804 2437 837 2460 ut
865 2429 967 2460 altcrae
996 2430 1049 2461 de·
1094 2429 1179 2464 buni,
1217 2430 1347 2461 minores
1382 2427 1582 2461 vocabantur,
1621 2431 1652 2456 et
1692 2435 1778 2455 crea-

365 2482 462 2502 cumae
492 2472 694 2511 exigerentur,
724 2473 765 2503 ita
792 2473 953 2503 ‹lu-eruere
979 2473 1049 2503 soli·
1094 2473 1207 2502 bantur
1222 2472 1344 2502 tributis
1359 2469 1499 2501 comitiis.
1546 2468 1620 2500 vid.
1636 2468 1674 2498 A.
1693 2467 1778 2498 Gell.

366 2521 442 2550 tum,
467 2520 501 2544 ut
523 2515 655 2556 pecunia
683 2526 734 2556 pro
761 2515 807 2545 his
831 2515 968 2545 decumis
991 2516 1052 2546 sol·
1096 2515 1116 2545 l.
1133 2515 1231 2545 XIII.
1246 2526 1272 2545 c.
1293 2515 1341 2544 14.

366 2564 485 2588 veretur
512 2558 691 2592 aratoribus.
722 2566 765 2592 ut,
796 2559 877 2599 quud
906 2558 974 2599 plus
1000 2569 1050 2588 su-
1142 2559 1178 2587 10
1205 2558 1255 2587 Eis
1277 2555 1396 2596 colonis]
1429 2554 1479 2584 Sic.
1503 2553 1553 2584 edi
1571 2552 1718 2593 jussimus
1739 2562 1775 2582 ex

366 2601 516 2634 ruebatur,
540 2611 633 2641 quam
657 2600 829 2636 deberetur,
846 2601 876 2631 id
900 2601 970 2636 emi,
988 2612 1046 2631 non
1092 2600 1174 2630 vict.
1187 2600 1302 2635 codice,
1317 2604 1346 2628 et
1372 2597 1504 2628 Andrean
1520 2597 1775 2642 editione,·quu1n

366 2642 476 2674 auferri
491 2648 657 2685 putaretur.
1093 2643 1208 2683 vulgati
1221 2643 1369 2672 haberent
1385 2641 1444 2670 his.-
1467 2639 1568 2670 minus
1581 2648 1710 2684 proprie.

408 2688 427 2717 8
454 2688 618 2726 Qnilmsque
662 2687 689 2716 in
735 2692 833 2716 senatu
879 2688 1047 2715 sementiam
1139 2687 1205 2715 11*
1221 2685 1283 2726 llis]
1309 2685 1377 2714 IIoc
1397 2693 1563 2725 pronomen
1590 2691 1649 2712 non
1673 2691 1704 2711 ln
1728 2690 1775 2710 so-

364 2731 459 2759 ‹licere
489 2729 602 2769 liceret]
639 2728 713 2759 vid.
739 2739 842 2769 supra.
870 2728 890 2759 l.
919 2729 1048 2758 xxiii.
1092 2727 1137 2758 los
1162 2727 1282 2758 AEtolos
1306 2725 1474 2756 necessario
1498 2725 1592 2759 cadit,
1608 2723 1660 2754 sed
1683 2729 1713 2753 et
1736 2723 1775 2753 de

364 2782 392 2801 c.
408 2773 459 2802 32.
475 2779 505 2802 et
521 2778 581 2802 not.
596 2773 647 2802 46.
663 2772 701 2801 ad
717 2771 736 2801 1.
755 2772 864 2801 XXII.
882 2782 910 2802 c.
928 2771 979 2805 49.
1092 2770 1244 2800 Antiocho
1267 2769 1395 2809 intelligi
1419 2774 1527 2809 potest,
1552 2767 1604 2809 qui
1627 2766 1679 2797 ‹liu
1703 2771 1774 2796 ante

407 2815 426 2843 9
453 2816 566 2855 Quique
588 2817 709 2845 minares
730 2816 916 2853 nmbgisfralus
941 2813 1043 2853 cxsvnt]
1091 2816 1189 2843 socius
1213 2819 1243 2842 ct
1273 2812 1390 2842 amicus
1419 2812 1627 2842 Romanorum
1655 2818 1772 2839 nuncu-

366 2857 569 2897 Magistratus
605 2857 735 2898 majores
771 2863 858 2888 erant
895 2866 1045 2889 censores,
1091 2862 1191 2896 parur,
1207 2866 1299 2897 supra
1317 2856 1340 2885 Χ
1352 2855 1459 2885 xxm.
1477 2857 1506 2884 8.
1751 2894 1756 2899 .

365 2901 515 2935 ςοηςυΙῡς,
570 2907 723 2942 praetores,
779 2900 860 2940 iique
917 2898 1047 2928 comitiis
1137 2899 1172 2928 12>
1185 2899 1200 2913 “
1214 2900 1378 2928 Ann‘cin'mn
1420 2898 1619 2927 rmunciatam
1667 2892 1772 2931 vider-a]
