1947 3222
144 189 184 220 u.
199 188 235 218 c.
248 187 324 218 562.
357 174 516 217 statuit.

353 73 426 104 312
878 65 1026 103 ΤΙΤΙ
1075 67 1254 104 LIVII

578 174 756 216 Laevum
778 188 904 215 cornu
927 189 1008 215 non
1029 174 1252 217 videbatur
1273 178 1392 230 cgere
1413 174 1569 216 talibus
1589 175 1769 225 auxiliis,

145 232 186 262 A.
201 230 239 262 C·
255 230 326 260 190.
359 231 460 287 quia
478 230 635 272 fiumen
655 231 708 272 ab
729 246 777 271 ea
805 239 924 286 parte
954 232 1142 287 ripaeque
1163 231 1354 286 deruptae
1375 231 1637 273 claudebant.
1670 247 1773 287 qua-

154 802 269 844 Regia.

360 297 458 330 tuor
487 296 626 328 tamen
655 286 752 328 inde
782 295 932 328 turmae
969 288 1159 342 equitum
1194 288 1408 343 obpositae.
1470 289 1577 329 Haec
1611 303 1774 329 summa

363 345 576 400 copiarum
605 352 694 385 erat
725 342 939 392 Romanis,
968 351 1008 383 et
1040 343 1125 384 duo
1159 344 1289 384 millia
1316 344 1543 385 mixtorum
1575 344 1774 385 Macedo-

363 416 466 442 num
483 400 799 455 Thracumque,
820 399 894 454 qui
915 398 1130 440 voluntate
1152 400 1281 441 secuti
1301 410 1448 442 eranty.
1496 402 1557 442 Hi
1577 400 1775 457 praesidio

364 457 497 499 relicti
528 465 625 498 sunt
659 456 816 497 castris.
879 455 1097 496 Sexdecim
1131 455 1371 512 elephantos
1405 467 1500 513 post
1535 458 1698 498 triarios
1731 458 1777 498 in

367 513 552 556 subsidio
586 514 836 554 locaverunt.
870 526 981 561 nam,
1002 520 1282 568 praeterquam
1313 515 1427 568 quod
1462 513 1776 556 multitudinem

366 571 576 627 regiorum
608 569 924 625 elephantorum
948 567 1084 619 (erant
1115 578 1255 610 autem
1287 578 1468 625 quatuor
1500 579 1542 613 et
1571 572 1778 626 quinqua»

366 629 502 683 ginta)
527 625 727 668 sustinere
756 639 838 665 non
871 624 1119 667 videbantur
1148 640 1283 681 posse,
1303 641 1355 667 ne
1389 628 1480 683 pari
1501 627 1670 683 quidem
1701 642 1780 667 nu-

367 699 480 725 mero
504 682 659 723 Indicis
681 681 817 722 Africi
839 680 1063 729 resistunt;
1087 682 1172 722 sive
1193 683 1294 738 quia
1312 684 1616 738 magnitudine,
1635 684 1777 739 (longe

369 740 476 781 enim
496 738 557 780 illi
577 740 797 794 praestant)
821 738 904 778 sive
926 738 1072 779 robore
1094 739 1328 780 animorum
1347 740 1586 781 vincuntur.

427 797 528 836 XL.
563 794 697 851 Regia
725 795 832 836 acies
861 795 976 835 varia
1005 796 1137 851 magis
1167 796 1310 837 multis
1343 796 1554 852 gentibus,
1575 796 1782 837 dissimili-

371 853 516 895 tudine
550 867 761 893 armorum
791 851 1129 907 auxiliorumque
1163 862 1262 894 erat.
1305 853 1445 894 decem
1477 862 1518 895 et
1549 868 1620 894 sex
1649 853 1782 894 millia

369 909 560 966 peditum
592 924 706 950 more
742 908 1023 949 Macedonum
1058 910 1206 950 armati
1246 910 1378 960 fuere,
1414 911 1489 965 qui
1527 909 1783 966 phalangitae

369 966 702 1023 adpellabantur.
732 965 822 1006 haec
855 965 993 1005 media
1022 965 1127 1006 acies
1156 965 1239 1007 fuit
1270 966 1356 1007 ¹³in
1386 966 1538 1016 fronte,
1566 967 1610 1007 in
1639 966 1782 1007 decem

370 1032 509 1080 partes
530 1022 673 1063 divisa.
735 1023 881 1063 Partes
908 1038 975 1063 eas
997 1022 1027 1045 ¹4
1040 1022 1294 1078 interpositis
1322 1023 1430 1065 binis
1451 1023 1680 1079 elephantis
1701 1023 1783 1064 dis-

371 1080 616 1136 tinguebat:
659 1095 684 1120 a
712 1079 848 1120 fronte
883 1079 1086 1120 introrsus
1121 1079 1163 1120 in
1198 1079 1304 1121 duos
1333 1088 1373 1121 et
1410 1080 1582 1135 triginta
1616 1080 1784 1121 ordines

370 1145 626 1178 armatorum
666 1135 772 1176 acies
809 1136 992 1191 patebat.
1033 1135 1112 1175 hoc
1146 1144 1188 1177 et
1220 1136 1380 1178 roboris
1419 1138 1462 1177 in
1496 1136 1620 1192 regiis
1654 1137 1785 1193 copiis

371 1202 474 1244 erat,
497 1201 553 1243 et,
575 1192 607 1216 ¹⁵
619 1192 791 1248 perinde
818 1207 950 1248 quum
980 1192 1061 1233 alia
1091 1193 1239 1248 specie,
1262 1203 1354 1234 tum
1386 1194 1665 1234 eminentibus
1695 1202 1786 1235 tan-

371 1259 463 1291 tum
493 1251 601 1291 inter
621 1257 800 1290 armatos
830 1249 1076 1304 elephantis,
1098 1264 1296 1304 magnum
1327 1261 1526 1291 terrorem
1556 1250 1786 1306 praebebat.

374 1308 572 1363 Ingentes
602 1305 681 1362 ipsi
711 1314 840 1347 erant.
877 1305 1086 1346 addebant
1118 1307 1294 1362 speciem
1324 1306 1533 1357 frontalia,
1563 1317 1604 1348 et
1635 1306 1785 1358 cristae,

372 1372 412 1405 et
446 1372 564 1418 tergo
592 1363 785 1418 inpositae
815 1371 965 1413 turres,
998 1363 1272 1418 turribusque
1307 1371 1602 1419 superstantes,
1633 1372 1788 1419 praeter

372 1428 589 1470 rectorem,
611 1419 804 1474 quaterni
824 1420 984 1459 armati.
1044 1419 1118 1460 Ad
1148 1419 1258 1460 latus
1278 1419 1499 1461 dexterum
1528 1420 1791 1476 phalangita-

373 1492 467 1518 rum
490 1476 523 1500 ¹⁶
534 1476 647 1518 mille
672 1485 712 1518 et
733 1476 985 1531 quingentos
1015 1475 1176 1531 equites
1199 1476 1556 1532 Gallograecorum
1577 1477 1788 1532 obposuit.

373 1533 439 1575 his
468 1534 550 1575 tria
578 1533 708 1574 millia
726 1533 760 1560 ¹⁷
772 1533 963 1589 equitum
994 1532 1262 1574 loricatorum
1286 1533 1593 1590 (cataphractos
1617 1534 1698 1589 ipsi
1719 1533 1792 1575 ad-

375 1590 553 1646 pellant)
576 1590 782 1646 adjunxit.
813 1589 957 1630 addita
985 1588 1050 1630 his
1071 1589 1136 1630 ala
1164 1589 1275 1631 mille
1299 1590 1428 1631 ferme
1449 1589 1664 1646 equitum:
1697 1605 1793 1646 age-

375 1663 445 1688 ma
464 1662 552 1687 eam
575 1647 789 1688 vocabant.
851 1645 971 1686 Medi
1001 1654 1116 1686 erant
1147 1645 1243 1687 lecti
1267 1646 1357 1697 viri,
1379 1655 1419 1687 et
1441 1646 1627 1702 ejusdem
1656 1647 1792 1703 regio-

376 1704 439 1744 nis
475 1703 595 1744 mixti
628 1703 856 1744 multarum
895 1702 1083 1758 gentium
1119 1703 1293 1758 equites.
1335 1704 1548 1744 continens
1582 1702 1647 1744 his
1686 1719 1791 1758 grex

378 1760 552 1801 sedecim
574 1759 889 1815 elephantorum
917 1770 979 1800 est
1003 1759 1219 1814 obpositus
1248 1760 1291 1800 in
1312 1759 1530 1800 subsidiis:
1563 1760 1616 1800 ab
1646 1760 1791 1801 eadem

377 1826 510 1872 parte,
532 1816 768 1872 paullulum
800 1815 1004 1872 producto
1034 1830 1178 1866 cornu,
1206 1817 1322 1872 regia
1350 1816 1495 1857 cohors
1523 1824 1635 1857 erat:
1668 1816 1795 1858 18ΑΓ-

781 1909 798 1934 Y
811 1913 905 1943 erant,
921 1908 1056 1947 proesidio
1070 1908 1164 1937 relicti
1179 1907 1276 1938 Gron.
1294 1907 1387 1940 Crev-

427 1993 664 2036 13*1ns1·mite]
688 1993 786 2024 Inane
803 1993 1065 2025 additamentum:

381 2035 439 2066 nisi
449 2036 524 2067 forte
537 2037 651 2067 excidit
663 2047 805 2068 numerus
817 2037 1067 2079 phalangitarum

381 2079 413 2109 in
436 2079 533 2110 fronte
555 2085 750 2115 stmctorum,
767 2080 819 2121 qui
835 2080 950 2110 debent
973 2079 1067 2111 fuisse

1158 1995 1195 2025 16
1219 1993 1304 2024 Mille
1333 2001 1360 2026 et
1389 1996 1559 2036 quingentos
1587 1996 1694 2035 equites
1722 1995 1797 2026 Gal-

1112 2037 1314 2078 Iugroecvmim]
1355 2038 1440 2068 Olim
1476 2037 1536 2073 hic,
1566 2043 1597 2069 et
1629 2038 1708 2068 infra
1744 2038 1798 2069 ubi

1112 2090 1193 2110 nunc
1223 2079 1352 2121 legimus
1380 2082 1425 2110 Ab
1454 2081 1525 2110 liei-0
1553 2091 1644 2111 cornu
1671 2081 1797 2120 phalan—

381 2121 555 2162 quingenti.
598 2123 723 2153 Etenim
757 2133 794 2153 ex
827 2123 1004 2163 quingentis
1036 2123 1067 2153 in

382 2164 507 2199 lineam,
524 2170 554 2194 et
569 2164 688 2195 duobus
707 2175 742 2195 ac
766 2165 891 2206 triginta
913 2166 944 2196 in
964 2165 1067 2197 altitu-

383 2207 498 2243 dinem,
516 2207 645 2237 efficitur
667 2218 811 2238 numerus
830 2208 983 2239 sexdecim
1000 2208 1066 2238 mil-

383 2249 468 2280 lium.
515 2249 546 2279 Si
563 2250 739 2291 conjectura
755 2250 820 2281 haec
844 2256 956 2287 nostra,
975 2261 1068 2292 quam

384 2293 485 2322 iiimat
505 2292 680 2334 AppianuS,
700 2293 891 2329 admittatur,
914 2300 985 2324 tunc
1009 2305 1070 2325 non

385 2334 560 2365 redundans
596 2336 652 2366 hoc
685 2336 760 2371 loco,
792 2336 846 2367 sed
879 2336 980 2367 inanis
1013 2338 1070 2368 erit

384 2378 492 2412 oratio,
519 2383 549 2407 et
578 2378 621 2409 ita
647 2379 801 2420 explenda
830 2379 896 2414 erit,
928 2386 961 2410 ut
989 2379 1070 2410 frons

386 2420 477 2461 hujus
499 2420 607 2451 mvdiae
629 2421 706 2451 aciei
729 2421 819 2452 fuisse
835 2422 1071 2463 quingentorum

386 2469 571 2494 armatorum
585 2464 784 2505 intelligatur.

436 2507 471 2536 14
500 2505 679 2546 Interpositis
713 2509 786 2537 binis
819 2508 977 2546 elephantis
1013 2510 1071 2539 ‹Iis—

389 2549 556 2589 tingnebal]
589 2550 661 2580 Non
684 2550 758 2579 satis
781 2556 919 2591 apparet,
943 2561 1003 2591 quo
1026 2561 1071 2581 re-

392 2591 458 2621 ferri
482 2591 594 2622 debeat
609 2592 733 2622 verbum
752 2593 956 2632 distinguebat.
1001 2594 1072 2623 Mc-

392 2634 452 2664 lius
480 2634 576 2664 oratio
611 2635 798 2677 procederet,
829 2634 852 2664 si
882 2634 1067 2675 legeremus:

393 2678 551 2715 interpositi
565 2678 625 2707 In'ni
640 2678 783 2716 elephanti
797 2679 1024 2717 distinguebant.

441 2720 656 2762 15⁶1’iri2121e]
680 2719 949 2757 Quemadmodum
969 2719 1073 2760 magni

393 2763 505 2791 iohoris
518 2768 583 2792 erat
599 2763 651 2793 illa
669 2763 814 2804 phalanx,
830 2763 870 2794 itu
884 2768 912 2794 ct
929 2773 1073 2804 magnum

394 2810 532 2836 tenorem
551 2806 716 2846 pia-bebai.

1108 2124 1180 2163 gitis
1207 2125 1343 2162 adjuncti
1370 2130 1453 2153 erant
1484 2123 1662 2165 Gallogroeci
1691 2125 1799 2163 equites

1111 2166 1191 2196 mille
1213 2173 1237 2196 et
1265 2168 1429 2207 quingenti,
1446 2171 1516 2196 ante
1537 2165 1695 2206 Sigonium
1722 2165 1798 2196 editi

1113 2207 1270 2239 habebant
1303 2211 1410 2248 pedites
1444 2219 1505 2239 non
1536 2211 1660 2247 equites:
1697 2212 1727 2238 et
1762 2208 1800 2239 iis

1113 2252 1266 2282 consentit
1290 2252 1374 2282 x‘ict.
1395 2251 1503 2282 codex.
1547 2251 1687 2281 Mutavit
1710 2251 1799 2291 Sigo-

1113 2294 1194 2330 nius,
1219 2294 1305 2325 nulla
1331 2305 1368 2324 ex
1392 2293 1497 2335 scripti
1521 2292 1636 2324 codicis
1664 2295 1798 2325 auctori-

1113 2342 1188 2373 tate,
1209 2337 1264 2368 sed
1288 2347 1348 2367 non
1377 2337 1441 2367 sine
1470 2335 1680 2377 probabilibus
1708 2337 1801 2368 ratio-

1114 2390 1187 2410 num
1217 2379 1397 2410 momentis:
1436 2378 1519 2420 quod
1554 2389 1663 2420 nempe
1699 2385 1730 2409 et
1757 2379 1803 2411 ita

1114 2421 1225 2452 scribat
1243 2422 1417 2464 Appianus,
1433 2428 1464 2452 et
1485 2426 1547 2452 tota
1568 2421 1642 2452 aciei
1663 2421 1800 2464 descrip-

1115 2465 1157 2495 tio
1172 2476 1224 2506 ρει-
1247 2465 1326 2495 hanc
1342 2465 1588 2496 emendationem
1612 2464 1732 2506 planior
1746 2465 1799 2502 sit,

1115 2513 1145 2538 et
1161 2508 1270 2538 melius
1282 2507 1338 2537 sibi
1354 2512 1480 2538 constet.

1162 2551 1197 2580 17
1225 2550 1381 2590 Equitum]
1406 2551 1447 2580 Et
1467 2549 1516 2580 hic
1533 2559 1654 2590 quoque
1675 2550 1800 2592 legeba-

1116 2598 1165 2622 tur
1196 2595 1334 2631 pedicnm.
1379 2592 1439 2623 Sed
1469 2603 1564 2633 quum
1598 2593 1684 2623 nulla
1719 2593 1803 2635 apud

1117 2641 1233 2666 veteres
1273 2635 1387 2665 mentio
1430 2635 1483 2665 fiat
1527 2635 1664 2678 peditum
1705 2635 1802 2667 Cata-

1118 2678 1321 2719 phractorum,
1350 2678 1492 2718 Sigonius
1528 2678 1685 2710 substituit
1719 2680 1799 2720 equi-

1119 2728 1191 2750 tum.

1166 2764 1201 2792 18
1226 2763 1436 2803 :ir-giwiispides
1463 2777 1479 2794 a
1507 2776 1610 2806 genere
1641 2763 1805 2805 urniorum]

1122 2805 1149 2834 A
1167 2805 1282 2847 clypeis
1299 2806 1458 2847 argenteis,
