1947 3222
101 208 144 240 U.
156 208 193 239 C.

102 251 144 282 A.
160 251 198 283 C.

208 207 282 239 555.

211 251 281 282 197.

314 95 388 129 104
867 70 1029 127 ’ΤῙΤι
1074 88 1254 127 L1v11

313 198 442 256 pavit.
503 198 555 239 In
590 204 777 254 tempore
811 205 852 239 et
886 197 987 239 ⁸¹ad
1026 197 1071 239 id
1106 197 1244 254 ipsum
1279 197 1462 239 excitum
1501 197 1721 248 auxilium,

314 255 426 296 mille
447 255 597 296 Achaei
627 254 789 310 pedites
813 269 908 296 cum
936 263 1104 296 centum
1134 255 1348 311 equitibus
1379 263 1721 311 supervenerunt.

317 312 572 353 Theoxenus
601 311 651 352 iis
680 320 869 367 praeerat.
930 311 1190 362 Dinocrates,
1221 312 1360 368 regius
1391 311 1630 367 praefectus,
1662 325 1724 351 re-

316 368 542 424 cuperandi
577 368 732 409 castelli
768 382 926 417 caussa,
962 367 1097 423 primo
1137 376 1272 409 castra
1305 368 1359 409 ad
1393 370 1485 425 ipsa
1522 367 1727 409 Tendeba

315 424 461 476 movit,
482 424 579 466 inde
600 425 654 465 ad
683 424 859 465 alterum
891 423 1121 474 castellum,
1142 423 1240 465 item
1265 423 1580 467 Stratonicensis
1609 422 1724 479 agri:

315 483 531 537 Astragon
564 489 726 522 vocant.
766 480 1045 536 omnibusque
1076 496 1128 522 ex
1162 481 1381 537 praesidiis,
1414 497 1510 537 quae
1542 481 1727 522 multifa-

316 538 421 580 riam
451 538 625 593 disjecta
653 545 785 586 erant,
807 536 1032 587 devocatis,
1054 545 1095 579 et
1115 537 1168 578 ab
1192 538 1284 594 ipsa
1315 538 1571 579 Stratonicea
1593 537 1728 579 Thes-

318 595 500 636 salorum
534 593 822 643 auxiliaribuS,
857 592 1094 644 Alabanda,
1129 593 1203 635 ubi
1237 595 1377 636 hostes
1406 603 1538 645 erant,
1573 594 1727 636 ducere

317 651 466 707 pergit.
527 651 616 690 Nec
637 649 794 691 Rhodii
824 664 1010 705 pugnam
1039 649 1389 692 detrectaverunt.
1419 660 1563 707 atque,
1583 651 1728 693 castris

315 708 357 748 in
386 706 672 763 propinquum
702 705 888 757 conlatis,
911 706 1120 762 extemplo
1149 706 1191 747 in
1220 708 1350 748 aciem
1379 707 1621 748 descensum
1651 717 1725 751 est.

316 764 563 805 Dinocrates
612 763 863 818 quingentos
915 763 1171 804 Macedonas
1223 763 1373 804 dextro
1426 779 1570 815 cornu,
1619 764 1727 807 laevo

316 820 525 876 Agrianas
554 820 687 861 locat:
729 820 771 860 in
801 819 987 861 medium
1018 819 1168 875 accipit
1199 827 1431 861 contractos
1460 835 1512 861 ex
1541 821 1728 863 castello-

315 892 409 917 rum
447 876 596 929 (Cares
630 877 810 917 maxime
844 878 982 932 erant)
1017 876 1247 933 praesidiis:
1289 876 1323 900 ⁸²
1335 877 1498 932 equites
1532 878 1728 919 cornibus

317 933 562 984 circumdat,
584 941 625 974 et
653 933 914 975 Cretensium
945 933 1168 974 auxiliares
1196 933 1508 989 Thracumque.
1569 933 1727 976 Rhodji

317 990 519 1031 Achaeost
543 990 692 1031 dextro
722 1005 866 1040 cornu,
895 990 1062 1031 sinistro
1091 991 1362 1031 mercenarios
1391 990 1558 1040 milites,
1579 990 1728 1032 lectam

316 1046 506 1101 peditum
536 1062 721 1096 manum,
741 1047 952 1094 habuere;
985 1046 1142 1088 medios
1166 1047 1299 1088 mixta
1327 1062 1378 1088 ex
1408 1046 1601 1103 pluribus
1629 1063 1729 1104 gen-

316 1103 431 1144 tibus
452 1104 634 1144 auxilia:
668 1103 829 1159 equites
858 1103 1044 1160 levisque
1074 1112 1297 1145 armaturae
1327 1103 1442 1159 quod
1472 1112 1575 1154 erat,
1597 1104 1730 1146 corni-

317 1159 397 1200 bus
425 1161 752 1216 circumjectum.
813 1161 880 1201 Eo
900 1160 967 1201 die
987 1168 1192 1202 steterunt
1222 1168 1386 1202 tantum
1407 1161 1514 1201 acies
1534 1169 1727 1217 utraeque

318 1231 443 1272 super
466 1216 614 1273 ripam,
638 1217 711 1273 qui
742 1218 858 1259 tenui
879 1232 991 1273 aqua
1009 1216 1290 1267 interfluebat,
1312 1218 1532 1259 torrentis:
1565 1219 1728 1274 paucis-

318 1288 402 1328 que
435 1273 527 1315 telis
559 1274 731 1323 emissis,
764 1274 807 1314 in
843 1282 977 1316 castra
1010 1282 1256 1330 receperunt
1291 1289 1388 1315 sese.
1450 1275 1624 1316 Postero
1659 1275 1727 1316 die

317 1329 462 1371 eodem
483 1330 627 1371 ordine
647 1331 841 1372 instructi
868 1331 1004 1386 majus
1022 1330 1238 1386 aliquanto
1267 1331 1479 1387 proelium,
1501 1347 1628 1386 quam
1650 1347 1728 1388 pro

317 1401 502 1434 numero,
535 1387 716 1437 edidere,
747 1387 1040 1443 pugnantium.
1081 1403 1156 1429 nec
1186 1387 1295 1428 enim
1322 1387 1419 1444 plus
1449 1396 1570 1429 terna
1598 1388 1728 1430 millia

318 1443 508 1498 peditum
538 1444 670 1494 fuere,
693 1452 734 1485 et.
760 1444 921 1485 centeni
950 1444 1079 1485 ferme
1109 1444 1295 1499 equites:
1327 1452 1510 1485 ceterum
1539 1460 1621 1486 non
1651 1460 1728 1486 nu-

317 1514 432 1540 mero
462 1508 642 1550 tantum,
663 1515 738 1541 nec
758 1515 969 1541 armorum
997 1515 1162 1555 genere,
1185 1501 1257 1541 sed
1287 1500 1433 1541 animis
1462 1516 1631 1556 quoque
1656 1516 1730 1557 pa·-

318 1556 450 1606 ribus,
473 1565 514 1598 et
541 1571 665 1612 aequa
694 1572 766 1612 spe
794 1565 1051 1613 pugnarunt.
1112 1557 1258 1598 Achaei
1289 1557 1428 1613 primi,
1450 1565 1632 1599 torrente
1662 1573 1730 1599 su-

317 1622 477 1669 perato,
497 1614 538 1654 in
562 1614 771 1669 Agrianas
800 1615 989 1669 inpetum
1017 1614 1175 1662 fecere3
1208 1613 1357 1655 deinde
1378 1621 1466 1655 tota
1486 1629 1616 1670 prope
1637 1629 1731 1656 cur-

319 1685 368 1710 su
389 1677 644 1725 transgressa
672 1685 833 1710 amnem
859 1671 966 1712 acies
990 1678 1064 1712 est.
1125 1670 1212 1712 Diu
1243 1685 1393 1726 anceps
1422 1686 1567 1726 pugna.
1596 1671 1727 1713 stetit.

318 1725 531 1767 ⁸³numero
552 1726 697 1767 Achaei
727 1726 838 1767 mille
863 1735 905 1767 et
930 1726 1010 1782 ipsi
1040 1726 1368 1783 quadringentos
1398 1727 1487 1768 loco
1516 1728 1726 1783 expulere.

319 1781 539 1825 ⁸⁴Inclinat
574 1783 668 1824 dein
705 1783 900 1824 dextrum
936 1799 1056 1824 omne
1088 1799 1230 1825 cornu.
1291 1783 1559 1834 Macedones,
1594 1799 1726 1841 usque

649 1870 659 1890 t
680 1869 787 1900 Rhodii
801 1870 922 1900 Acheros
937 1869 957 1900 l.
976 1870 1089 1901 Rhodia
1104 1871 1199 1901 cohors
1215 1870 1311 1901 Gron.
1329 1871 1354 1901 C
1359 1881 1421 1901 rev.

363 1941 400 1970 81
427 1940 473 1970 Aa
495 1941 523 1969 id
547 1939 655 1979 ipsum]
686 1939 818 1980 Nempe,
842 1944 876 1969 ut
901 1938 1001 1970 vindi·
1045 1939 1194 1970 satisfacit
1232 1939 1379 1970 Gronovii
1418 1939 1613 1981 conjectura:
1660 1939 1727 1970 Nu·

320 1982 382 2013 cari
398 1982 552 2024 repetique
570 1983 675 2013 Peraea
695 1988 808 2024 posset,
825 1982 907 2023 quod
930 1992 1002 2013 con-

321 2026 423 2056 silium
437 2036 530 2067 supra
544 2025 688 2056 dicuntur
704 2025 818 2055 Rhodii
837 2024 967 2068 cepisse.

363 2069 404 2099 82
428 2068 546 2109 Equites
562 2070 694 2099 cornibus
713 2069 887 2099 circumdat.
932 2068 1001 2098 Cre-

321 2113 444 2141 tensium
485 2111 641 2142 auxiliares
682 2111 882 2152 Thracumque
920 2111 999 2141 Rho-

320 2156 371 2183 dia
399 2154 509 2194 cohors]
563 2154 656 2184 Hunc
683 2154 784 2184 locum
809 2154 1000 2196 corruptissi-

321 2206 405 2226 mum
421 2207 457 2227 ac
472 2197 563 2237 plane
587 2196 779 2239 deploratum
804 2197 932 2229 feliciter
955 2208 1000 2228 re-

321 2238 420 2269 stituit
446 2239 622 2270 Perizonius
652 2238 708 2270 hoc
735 2239 843 2271 modo:
881 2241 1001 2281 Equites

320 2283 453 2312 cornibus
474 2284 646 2317 circumdat,
663 2289 689 2312 et
715 2282 896 2314 Cretensium
917 2285 1000 2313 auxi-

322 2326 407 2355 liares
455 2325 665 2365 Thracumque.
733 2325 837 2356 Rhodii
884 2327 1002 2357 Achoos

321 2369 418 2398 deztro
451 2378 551 2402 cornu,
581 2370 696 2399 sinistro
724 2371 912 2399 mercenarios
947 2370 1001 2399 mi-

321 2411 383 2440 lites
406 2432 415 2441 .
442 2432 450 2439 .
475 2411 610 2442 habuere.
654 2410 879 2452 Antiquissima
906 2411 1000 2442 editio

319 2453 457 2484 habebat
487 2455 694 2489 circumdaret,
720 2453 802 2485 unde
831 2454 916 2485 nullo
945 2465 999 2486 ne-

320 2495 402 2537 gotio
429 2495 561 2527 efficitur
587 2498 748 2527 circumdat
778 2504 815 2527 et.
867 2497 1000 2529 Achaeos

321 2538 463 2569 dextrum
499 2549 592 2570 cornu
627 2539 761 2570 tenuisse
796 2540 828 2570 in
864 2541 999 2572 exercitu

323 2581 515 2612 Rhodiorum
540 2587 625 2623 patet
649 2593 685 2612 ex
714 2581 750 2612 iis
773 2593 841 2623 qnae
868 2588 1001 2624 sequun-

323 2628 383 2654 tur.
428 2624 539 2665 ltaque
562 2624 627 2655 haec
650 2624 738 2655 nobis
760 2625 926 2655 doctissimi
946 2626 1002 2657 viri

321 2666 497 2698 emendatio
519 2667 637 2699 videtur
660 2678 761 2698 veram
784 2667 927 2700 exhibere
951 2668 1001 2700 Li-

325 2708 364 2739 vii
381 2720 517 2740 manum.

366 2753 406 2782 83
431 2753 559 2783 Numero
583 2752 684 2783 Achm'
707 2753 784 2782 mille
804 2759 830 2782 vt
854 2754 907 2792 ipsi
929 2765 999 2794 qua-

324 2795 489 2833 aelre'ngvntos
502 2817 510 2824 .
527 2817 536 2826 .
549 2795 696 2836 espulere]
729 2796 776 2826 Ex
793 2795 840 2826 his
855 2795 903 2826 vix
920 2796 1002 2828 ullus

324 2846 430 2867 sensus
444 2838 562 2869 videtur
574 2838 652 2869 effici
669 2848 766 2881 posse.
792 2838 904 2880 Neque
919 2839 999 2870 enim

1045 1993 1121 2013 mero
1149 1983 1253 2013 Achaei
1286 1984 1366 2013 mille
1400 1989 1427 2013 et
1460 1985 1530 2022 ipsos
1553 1985 1741 2025 octingentos·

1047 2026 1104 2056 Ioco
1129 2026 1271 2065 expulere.
1323 2025 1432 2056 Achaei
1459 2025 1543 2057 mille
1570 2032 1601 2057 et
1629 2025 1727 2057 octin-

1045 2068 1131 2109 genti
1152 2075 1250 2104 eiant‚
1266 2074 1300 2099 ut
1313 2074 1434 2100 constat
1453 2080 1491 2100 ex
1505 2068 1541 2100 iis
1556 2079 1625 2111 quae
1647 2079 1726 2112 prae-

1043 2111 1169 2142 cedunt.
1224 2113 1320 2142 Putat
1349 2112 1442 2153 igitur
1472 2112 1647 2143 Gronovius
1675 2111 1725 2142 hic

1045 2154 1166 2185 Livium
1193 2154 1366 2195 slgnificare
1391 2154 1457 2197 pari
1481 2165 1607 2186 numero
1632 2154 1726 2185 fuisse

1045 2197 1138 2228 etiam
1162 2196 1328 2238 Agrianas
1373 2197 1434 2229 Sed
1460 2198 1564 2228 turbat
1585 2207 1643 2227 vox
1668 2209 1728 2227 uu·

1043 2251 1120 2271 mero
1143 2239 1236 2282 plane
1267 2240 1368 2271 alieno
1391 2240 1458 2271 loco
1483 2246 1514 2271 et
1541 2239 1646 2271 ordine
1673 2251 1727 2281 po-

1045 2283 1115 2314 sita.
1169 2282 1202 2313 Si
1236 2283 1303 2314 haec
1335 2283 1392 2314 fuit
1424 2293 1510 2313 mens
1535 2282 1626 2320 Livii,
1657 2283 1729 2324 plus

1046 2325 1224 2358 audendum
1252 2326 1318 2360 erit,
1348 2325 1595 2367 legendumque:
1635 2327 1727 2367 Agr-1·-

1045 2381 1118 2400 anas
1145 2370 1244 2399 Achaei
1277 2369 1357 2398 mille
1392 2374 1419 2399 et
1452 2370 1525 2408 ipsos
1550 2370 1727 2410 octingentos

1044 2413 1102 2443 loco
1123 2413 1266 2451 annitere.
1312 2409 1450 2441 *Achaei
1472 2410 1557 2442 mille
1576 2417 1607 2442 et
1627 2411 1726 2442 octin-

1043 2455 1127 2496 genti
1149 2460 1247 2490 erant,
1263 2459 1298 2484 ut
1311 2458 1430 2484 constat
1448 2463 1485 2484 ex
1501 2453 1538 2484 iis
1553 2463 1623 2495 quae
1645 2465 1723 2497 prae-

1043 2497 1168 2528 cedunt.
1219 2496 1382 2537 Agrianes,
1410 2495 1476 2538 pari
1513 2501 1544 2527 et
1579 2496 1636 2539 ipsi
1668 2508 1723 2527 nu-

1043 2549 1137 2577 mero,
1150 2540 1189 2571 ab
1204 2539 1241 2570 iis
1254 2539 1419 2582 pelluntur.
1448 2539 1541 2580 †Sed
1557 2539 1621 2571 haec
1635 2540 1725 2572 valde

1045 2584 1160 2614 incerta
1175 2588 1256 2613 sunt.

1089 2627 1129 2657 84
1155 2625 1282 2656 Inclinat
1296 2627 1363 2656 dein
1385 2627 1519 2656 dextrum
1531 2637 1611 2656 mnne
1624 2637 1727 2657 cornu.

1049 2668 1234 2710 Macedones]
1264 2669 1417 2700 Dextrum
1439 2678 1531 2699 cornu
1549 2674 1637 2700 erant
1652 2670 1726 2701 Ma-

1047 2711 1190 2743 cedones,
1234 2712 1346 2752 Itaque
1382 2711 1530 2759 quamdiu
1558 2717 1640 2743 stant
1667 2711 1725 2743 im-

1046 2754 1130 2789 moti,
1159 2764 1218 2785 non
1245 2759 1345 2796 potest
1373 2754 1433 2785 dici
1463 2754 1602 2785 dextrum
1630 2765 1724 2786 cornu

1044 2796 1201 2828 inclinare.
1240 2797 1414 2828 Gronovius
1429 2797 1547 2828 videtur
1562 2797 1639 2828 Livii
1655 2808 1723 2829 sen·

1045 2850 1110 2870 f-um
1137 2839 1285 2881 attigisse,
1309 2839 1380 2871 dum
1406 2840 1559 2872 rescribit:
1596 2841 1726 2871 Inclinat
