1947 3222
567 165 600 203 L
616 165 633 202 I
649 165 692 202 B.
720 164 916 203 XXXIX.
958 164 1026 203 CA
1042 164 1082 203 P.
1112 163 1208 205 V11.
1519 171 1593 206 403

171 274 330 331 quibus
349 274 450 331 quia
472 273 535 316 M.
559 272 773 322 AEmilius‚
795 272 917 328 cujus
939 272 1061 314 sortis
1087 287 1136 314 ea
1155 288 1256 316 cura
1276 283 1380 328 erat,
1400 275 1595 319 obcurre-
1607 288 1650 321 U.
1663 288 1702 320 C.
1712 289 1787 321 566.

170 347 215 372 re
250 347 332 374 non
372 331 525 388 potuit,
563 331 610 371 C.
644 329 877 371 Flaminius
908 330 1088 371 Romam
1124 329 1249 372 venit.
1291 332 1344 373 ab
1379 349 1428 374 eo
1467 336 1595 378 creati
1609 332 1787 364 A.c.187.

170 389 360 430 consules
402 390 471 444 Sp.
515 388 759 428 Postumius
801 385 997 436 Albinus,
1040 388 1088 436 Q.
1125 385 1315 428 Marcius
1357 390 1593 446 Philippus.

171 447 380 486 Praetores
408 443 504 485 inde
530 443 632 486 facti
655 443 707 484 T.
734 443 933 494 Maenius,
958 445 1005 485 P.
1030 443 1249 484 Cornelius
1274 444 1404 494 Sulla,
1429 449 1476 487 C.
1501 449 1594 489 Cal-

169 502 348 558 purnius
378 500 490 551 Piso,
524 501 587 541 M.
612 501 802 542 Licinius
834 500 1057 550 Lucullus,
1092 502 1138 541 C.
1162 500 1365 542 Aurelius
1398 503 1592 555 Scaurus,

170 560 221 600 L.
246 558 467 609 Quinctius
499 558 731 614 Crispinus.
792 559 999 601 Extremo
1029 557 1140 607 anni,
1169 557 1484 613 magistratibus
1504 558 1593 616 jam

166 615 326 665 creatis,
348 623 445 657 ante
475 615 585 657 diem
615 615 787 658 tertium
809 616 952 656 Nonas
976 616 1155 657 Martias
1179 615 1254 655 Cn.
1280 614 1471 657 Manlius
1494 617 1595 658 Vul-
1606 628 1720 660 Manlii
1734 631 1786 661 tri-

165 687 211 713 so
250 671 302 715 de
345 672 494 722 Gallis,
530 673 605 728 qui
641 673 791 713 Asiam
826 672 1029 722 incolunt,
1061 672 1351 727 triumphavit.
1384 674 1516 715 serius
1555 673 1738 719 eiumpl,lus
1751 673 1791 705 de

165 728 454 784 triumphandi
485 745 631 771 caussa
659 729 757 779 fuit,
778 745 844 780 ne,
868 730 916 779 Q.
943 730 1144 770 Terentio
1167 729 1366 770 Culleone
1396 739 1590 786 praetore,
1606 715 1718 747 Gallis.

160 800 350 827 caussam
381 786 473 842 lege
508 786 673 828 Petillia
702 786 873 836 diceret,
896 794 935 827 et
958 785 1149 827 incendio
1169 785 1291 827 alieni
1316 787 1483 843 judicii,
1505 803 1592 844 quo

163 842 216 883 L.
242 842 379 899 Scipio
410 844 633 886 damnatus
663 853 766 893 erat,
798 842 1098 898 conflagraret3
1142 859 1191 884 eo
1225 842 1519 886 infensioribus
1547 846 1592 887 in

161 915 220 950 se,
243 915 371 956 quam
391 901 436 942 in
456 900 592 951 illum,
608 901 841 957 judicibus,
857 900 974 956 quod
994 900 1257 956 disciplinam
1278 901 1515 953 militarem,
1532 917 1593 943 se-

162 972 259 998 vere
289 957 342 998 ab
372 973 421 998 eo
455 966 755 1008 conservatam,
787 972 997 999 successor
1026 957 1116 1013 ipse
1146 957 1258 998 omni
1287 973 1439 1013 genere
1469 958 1593 1001 licen-

161 1014 232 1056 tiae
271 1023 535 1071 conruperat.
609 1015 760 1071 Neque
799 1030 848 1056 ea
889 1014 976 1056 sola
1013 1014 1197 1055 infamiae
1237 1023 1370 1064 erant,
1411 1031 1509 1071 quae
1549 1016 1592 1058 in

160 1070 376 1127 provincia
405 1072 553 1128 procul
582 1072 636 1114 ab
666 1071 797 1113 oculis
821 1072 933 1112 facta
952 1071 1255 1112 narrabantur:
1290 1072 1362 1112 sed
1383 1073 1445 1113 eai
1465 1074 1591 1115 etiam

161 1129 310 1184 magiS,
332 1144 430 1184 quae
451 1129 494 1170 in
515 1128 720 1170 militibus
741 1129 831 1184 ejus
853 1127 1044 1183 quotidie
1064 1127 1440 1183 conspiciebantur.
1503 1131 1592 1172 Lu-
1603 1142 1709 1174 Luxus
1722 1143 1794 1176 inde

162 1185 298 1229 xuriae
318 1186 429 1227 enim
447 1186 679 1242 peregrinae
708 1186 828 1240 origo
857 1184 910 1225 ab
940 1183 1129 1226 exercitu
1152 1185 1342 1226 Asiatico
1362 1186 1528 1228 invecta
1547 1187 1590 1230 in
1603 1186 1739 1218 Romam
1752 1187 1799 1218 in-

163 1243 312 1284 urbem
347 1251 421 1284 est.
464 1243 494 1284 ii
529 1243 714 1299 primum
749 1241 918 1283 ‘²²lectos
957 1250 1122 1292 aeratOS,
1158 1250 1317 1283 vestem
1356 1244 1589 1299 stragulam
1602 1235 1718 1261 vectus.

161 1299 400 1355 pretiosam,
421 1299 668 1356 ²³plagulas,
692 1307 733 1341 et
763 1299 845 1340 alia
875 1298 1052 1349 textilia,
1075 1306 1132 1349 et,
1155 1314 1252 1354 quae
1277 1306 1370 1340 tum
1399 1302 1592 1357 magnifi-

159 1372 221 1399 cae
269 1356 538 1412 supellectilis
578 1357 856 1406 habebantur,
898 1355 1192 1411 2⁴monopodia
1230 1364 1272 1397 et
1312 1357 1462 1398 abacos
1502 1359 1590 1400 Ro-

160 1429 271 1455 mam
301 1413 576 1455 advexerunt.
609 1422 710 1454 tunc
739 1412 923 1469 psaltriae
947 1412 1390 1469 ²⁵sanibucistriaeque,
1421 1423 1463 1456 et
1493 1431 1589 1458 con-

161 1470 315 1512 vivalia
335 1470 555 1512 ludionum
575 1470 879 1512 oblectamenta
902 1469 1046 1510 addita
1066 1469 1224 1525 epulis:
1258 1471 1396 1527 epulae
1416 1486 1589 1528 quoque

164 1527 267 1583 ipsae
288 1535 330 1568 et
350 1542 452 1568 cura
472 1536 513 1568 et
535 1535 678 1568 sumtu
698 1527 854 1583 majore
875 1526 1069 1583 adparari
1090 1534 1263 1582 coeptae:
1297 1536 1389 1568 tum
1411 1544 1587 1584 coquus,

162 1584 411 1626 vilissimum
445 1584 631 1640 antiquis
665 1583 921 1639 mancipium
955 1592 996 1624 et
1032 1584 1306 1625 aestimatione
1338 1593 1379 1626 et
1415 1600 1510 1636 usu,
1544 1586 1588 1626 in

161 1642 298 1697 pretio
319 1656 431 1690 esse3
464 1650 520 1692 et,
543 1641 660 1697 quod
688 1640 966 1682 ministerium
995 1640 1149 1690 fuerat,
1171 1655 1238 1681 ars
1259 1641 1404 1682 haberi
1435 1650 1584 1698 coepta.

157 1698 230 1740 vix
265 1706 405 1740 tamen
439 1698 525 1748 illa,
561 1714 658 1755 quae
693 1707 785 1740 tum
819 1696 1235 1754 ‘²⁶conspiciebantur,
1273 1697 1428 1740 semina
1467 1708 1585 1741 erant

156 1754 317 1797 futurae
337 1753 532 1796 luxuriae.

215 1812 321 1853 VII.
354 1813 408 1853 In
443 1812 659 1868 triumpho
699 1812 799 1854 tulit
841 1811 916 1853 Cn.
945 1810 1134 1852 Manlius
1170 1811 1381 1853 ⁶2⁷coronas
1422 1828 1583 1863 aureas,

155 1868 360 1911 ducentas
380 1868 603 1910 duodecim
622 1868 788 1926 pondo:
820 1868 1023 1926 ²⁸a1·genti
1052 1867 1193 1924 pondo
1224 1868 1406 1911 ducenta
1431 1870 1583 1926 viginti

157 1926 311 1968 millia:
354 1927 446 1968 auri
476 1926 616 1982 pondo
649 1926 735 1967 duo
768 1926 900 1967 millia
929 1934 1099 1968 centum
1128 1925 1253 1967 tresk:
1285 1924 1584 1968 ²⁹tetradrach-

340 2017 351 2040 i
366 2030 399 2050 ea
411 2018 474 2050 del.
489 2019 581 2050 Crev.
710 2018 730 2042 k
743 2025 860 2049 centum
874 2024 931 2048 tres
943 2017 965 2048 l.
979 2019 1105 2049 ducenta
1119 2019 1180 2048 tria
1194 2018 1291 2050 Gron.
1309 2019 1399 2050 Crev-

200 2114 243 2144 22
272 2113 373 2146 Lectos
400 2113 517 2154 aeratos]
563 2112 710 2154 Inteuige
737 2113 847 2148 lectos,
892 2111 1020 2153 quidam
1034 2118 1146 2155 putant
1160 2112 1243 2144 idem
1265 2122 1332 2145 esse
1347 2123 1420 2144 cum
1435 2123 1482 2150 eo,
1499 2113 1582 2155 quod

159 2156 193 2187 in
235 2156 349 2198 quibus
400 2154 577 2199 epulaturi*
606 2155 848 2190 discumberent,
893 2164 1040 2186 vocamus
1055 2156 1153 2195 harpe.

159 2205 195 2230 ut
220 2205 307 2242 patet
331 2210 369 2231 ex
395 2200 508 2234 Plinio,
537 2199 560 2230 l.
583 2199 740 2231 XXXIV.
767 2210 795 2230 c.
818 2199 849 2230 3.
935 2199 976 2228 26
1003 2198 1276 2240 Conspiciebantur]
1308 2198 1450 2240 Insignia
1473 2205 1504 2231 et
1526 2209 1581 2231 no-

159 2243 212 2284 qui
242 2243 282 2274 de
310 2243 368 2274 hoc
396 2244 464 2285 ipso
489 2242 614 2273 Manlio
643 2252 747 2283 agenS,
775 2241 850 2272 dicit
892 2241 1003 2272 tabilia
1017 2241 1213 2272 videbantur.

157 2296 231 2316 eum
258 2286 393 2328 primum
420 2285 555 2317 triclinia
587 2290 684 2316 aerata
711 2285 847 2316 Romam
933 2285 973 2314 27
1000 2284 1125 2316 Coronas
1139 2295 1244 2315 aureas
1264 2286 1415 2320 ducentas,
1431 2287 1583 2317 duodecim

158 2328 322 2360 invexisse.
889 2327 999 2368 pondo]
1035 2328 1116 2368 Lege
1144 2329 1278 2358 duodena
1303 2329 1408 2367 pondo,
1432 2334 1468 2359 ut
1488 2339 1583 2370 supra

201 2373 242 2404 23
267 2372 427 2414 Piagulas]
460 2371 603 2413 Plagulae
629 2375 701 2401 sunt
724 2369 795 2400 vela
818 2375 851 2400 et
893 2380 922 2401 c.
958 2371 990 2400 5.
1048 2370 1176 2401 Pondus
1214 2370 1424 2402 universarum
1458 2371 1583 2402 illarum

159 2414 290 2451 textilia,
316 2415 430 2457 quibus
450 2414 570 2445 lecticae
591 2419 623 2445 et
649 2413 724 2446 lecti
749 2412 850 2444 inten-
893 2422 1074 2444 coronarum
1103 2418 1206 2455 aequat
1242 2423 1364 2444 marcas
1393 2413 1583 2446 Pan'sienses

162 2456 316 2490 debantur
343 2463 399 2489 aut
425 2457 674 2489 involvebantur.
726 2456 851 2487 Nonius
891 2456 988 2488 3750.

161 2501 265 2541 plagas
289 2500 505 2543 iuterpretatur
530 2500 661 2541 grandia
687 2499 794 2534 lintea,
818 2503 850 2530 et

163 2543 253 2578 toral,
282 2549 314 2574 et
348 2543 538 2575 lecticariam
566 2542 739 2579 sindonem,
767 2541 850 2574 unde

162 2596 218 2627 per
240 2585 474 2618 diminutionem
495 2586 644 2629 plagulae,
666 2585 778 2627 inquit,
803 2584 851 2615 di-

165 2634 287 2659 cuntur.
309 2628 406 2659 Turn.
418 2630 442 2661 1.
457 2630 486 2661 I.
499 2629 636 2661 Advers.
651 2640 678 2661 c.
694 2630 747 2660 29.

166 2714 180 2744 s
208 2673 250 2702 24
281 2671 469 2713 Monopodia]
515 2673 646 2704 Mensas
675 2682 739 2704 uno
774 2670 854 2713 pede

178 2715 269 2746 ultas.

211 2758 254 2789 25
278 2756 508 2796 sambucistriae]
545 2756 697 2788 Mulieres
722 2757 855 2789 Sambu·

167 2810 238 2832 cam
267 2800 438 2842 pulsantes.
495 2800 652 2831 Sambuca
678 2805 783 2831 autem
811 2804 858 2830 est

169 2842 323 2874 musicum
351 2852 512 2882 organum,
538 2842 721 2883 triangulari
747 2842 857 2877 forma,

168 2885 251 2926 quod
276 2895 314 2916 ex
337 2884 544 2925 inaequalibus
557 2884 761 2925 longitudine,
778 2885 859 2916 sicut

170 2935 200 2958 ex
225 2927 438 2963 crassitudine,
463 2926 564 2959 nervis
589 2927 730 2959 efficitur.
775 2926 860 2957 Illud

934 2499 976 2529 28
1008 2498 1135 2539 Argenti
1173 2500 1269 2538 pondo
1305 2500 1433 2530 ducenta
1475 2500 1585 2540 viginti

893 2541 1005 2581 millia]
1030 2542 1158 2572 Marcas
1173 2547 1325 2573 nostrates
1339 2542 1479 2574 343750.
1506 2543 1586 2572 Auri

891 2587 986 2624 pondo
1000 2586 1058 2615 duo
1078 2585 1174 2614 millia
1194 2586 1321 2615 ducenta
1344 2586 1414 2617 tria.
1458 2585 1588 2617 Marcas

897 2632 1049 2659 nostrates
1060 2628 1157 2658 3442.
1173 2627 1348 2661 semuncias
1362 2629 1394 2658 3.

940 2671 982 2701 29
1011 2671 1271 2701 Tetradrachmzim
1299 2670 1432 2702 Atticam
1459 2670 1586 2699 ducenta

898 2714 1007 2755 viginti
1030 2719 1135 2753 septem
1163 2713 1274 2753 millia]
1312 2713 1439 2743 Marcas
1465 2711 1585 2752 argenti

901 2757 1016 2787 14187.
1032 2756 1139 2788 uncias
1154 2757 1184 2786 4.
1230 2756 1378 2786 Ceterum
1399 2753 1450 2784 hic
1464 2762 1588 2795 quoquo

901 2799 1046 2831 Andreas
1067 2799 1162 2830 habet
1184 2799 1378 2828 taracinam.-
1403 2795 1488 2828 Vict.
1509 2796 1587 2827 liber

902 2842 1094 2884 tetragmfcm.
1160 2838 1334 2871 Gronovius
1369 2839 1401 2870 in
1438 2844 1512 2869 nota
1549 2839 1589 2870 ad

903 2884 986 2916 hunc
1001 2885 1104 2916 locum
1118 2883 1224 2913 multis
1240 2882 1350 2925 probat
1363 2881 1408 2912 sic
1422 2881 1590 2922 legendum

905 2937 985 2962 esse,
1013 2937 1075 2957 non
1111 2925 1327 2957 let›·adrachm‹z
1363 2925 1473 2955 Attica.
1530 2924 1591 2954 Sed

970 2969 1086 3008 ndss
