<?xml version="1.0" encoding="UTF-8"?>
<!DOCTYPE html PUBLIC "-//W3C//DTD XHTML 1.0 Transitional//EN"
    "http://www.w3.org/TR/xhtml1/DTD/xhtml1-transitional.dtd">
<html xmlns="http://www.w3.org/1999/xhtml" xml:lang="en" lang="en">
 <head>
  <title>
</title>
<meta http-equiv="Content-Type" content="text/html;charset=utf-8" />
  <meta name='ocr-system' content='tesseract 3.04.00' />
  <meta name='ocr-capabilities' content='ocr_page ocr_carea ocr_par ocr_line ocrx_word'/>
</head>
<body>
  <div class='ocr_page' id='page_1' title='image "./historiarumaburb03livyuoft_0347.png"; bbox 0 0 1947 3222; ppageno 0'>
   <div class='ocr_carea' id='block_1_1' title="bbox 486 193 1515 240">
    <p class='ocr_par' dir='ltr' id='par_1_1' title="bbox 486 193 1515 240">
     <span class='ocr_line' id='line_1_1' title="bbox 486 193 1515 240; baseline -0.005 -9"><span class='ocrx_word' id='word_1_1' title='bbox 486 196 608 232; x_wconf 84' lang='lat' dir='ltr'>LIB.</span> <span class='ocrx_word' id='word_1_2' title='bbox 639 193 875 231; x_wconf 80' lang='lat' dir='ltr'>XXXVIII.</span> <span class='ocrx_word' id='word_1_3' title='bbox 923 194 1054 231; x_wconf 85' lang='lat' dir='ltr'>CAI&#39;.</span> <span class='ocrx_word' id='word_1_4' title='bbox 1088 197 1138 231; x_wconf 85' lang='lat'>11.</span> <span class='ocrx_word' id='word_1_5' title='bbox 1444 202 1515 240; x_wconf 74' lang='lat'>337</span> 
     </span>
    </p>
   </div>
   <div class='ocr_carea' id='block_1_2' title="bbox 90 302 1721 2461">
    <p class='ocr_par' dir='ltr' id='par_1_2' title="bbox 93 302 1705 470">
     <span class='ocr_line' id='line_1_2' title="bbox 98 302 1705 360; baseline 0.002 -18"><span class='ocrx_word' id='word_1_6' title='bbox 98 302 301 343; x_wconf 78' lang='lat' dir='ltr'>traditum</span> <span class='ocrx_word' id='word_1_7' title='bbox 336 303 610 360; x_wconf 84' lang='lat' dir='ltr'>Amynandro</span> <span class='ocrx_word' id='word_1_8' title='bbox 640 309 717 351; x_wconf 80' lang='lat' dir='ltr'>est,</span> <span class='ocrx_word' id='word_1_9' title='bbox 739 309 779 342; x_wconf 77' lang='lat' dir='ltr'>et</span> <span class='ocrx_word' id='word_1_10' title='bbox 800 302 934 342; x_wconf 89' lang='lat' dir='ltr'>omnis</span> <span class='ocrx_word' id='word_1_11' title='bbox 966 302 1220 343; x_wconf 81' lang='lat' dir='ltr'>Athamania</span> <span class='ocrx_word' id='word_1_12' title='bbox 1246 303 1284 343; x_wconf 87' lang='lat' dir='ltr'>in</span> <span class='ocrx_word' id='word_1_13' title='bbox 1308 313 1514 359; x_wconf 78' lang='lat' dir='ltr'>potestate</span> <span class='ocrx_word' id='word_1_14' title='bbox 1528 314 1567 344; x_wconf 89' lang='lat' dir='ltr'>U.</span> <span class='ocrx_word' id='word_1_15' title='bbox 1582 317 1617 344; x_wconf 85' lang='lat' dir='ltr'>c.</span> <span class='ocrx_word' id='word_1_16' title='bbox 1632 315 1705 346; x_wconf 65' lang='lat'>563.</span> 
     </span>
     <span class='ocr_line' id='line_1_3' title="bbox 99 357 1703 414; baseline 0.004 -16"><span class='ocrx_word' id='word_1_17' title='bbox 99 367 203 408; x_wconf 82' lang='lat' dir='ltr'>crat,</span> <span class='ocrx_word' id='word_1_18' title='bbox 226 368 376 414; x_wconf 79' lang='lat' dir='ltr'>praetcr</span> <span class='ocrx_word' id='word_1_19' title='bbox 407 360 661 400; x_wconf 86' lang='lat' dir='ltr'>Athenaeum</span> <span class='ocrx_word' id='word_1_20' title='bbox 692 358 921 408; x_wconf 82' lang='lat' dir='ltr'>castellum,</span> <span class='ocrx_word' id='word_1_21' title='bbox 944 359 1097 399; x_wconf 85' lang='lat' dir='ltr'>finibus</span> <span class='ocrx_word' id='word_1_22' title='bbox 1130 359 1387 402; x_wconf 81' lang='lat' dir='ltr'>Macedoniae</span> <span class='ocrx_word' id='word_1_23' title='bbox 1417 357 1617 404; x_wconf 56' lang='lat' dir='ltr'>SUb-AAE.</span> <span class='ocrx_word' id='word_1_24' title='bbox 1636 359 1703 388; x_wconf 75' lang='lat'>189.</span> 
     </span>
     <span class='ocr_line' id='line_1_4' title="bbox 93 415 267 470; baseline 0.006 -15"><span class='ocrx_word' id='word_1_25' title='bbox 93 415 267 470; x_wconf 79' lang='lat' dir='ltr'>jectum.</span> 
     </span>
    </p>

    <p class='ocr_par' dir='ltr' id='par_1_3' title="bbox 90 472 1721 2461">
     <span class='ocr_line' id='line_1_5' title="bbox 159 472 1685 530; baseline 0.005 -18"><span class='ocrx_word' id='word_1_26' title='bbox 159 473 221 512; x_wconf 92' lang='grc' dir='ltr'>ΙΙ.</span> <span class='ocrx_word' id='word_1_27' title='bbox 246 473 480 528; x_wconf 86' lang='lat' dir='ltr'>Philippus,</span> <span class='ocrx_word' id='word_1_28' title='bbox 498 473 643 514; x_wconf 87' lang='lat' dir='ltr'>audita</span> <span class='ocrx_word' id='word_1_29' title='bbox 662 472 892 514; x_wconf 89' lang='lat' dir='ltr'>defectione</span> <span class='ocrx_word' id='word_1_30' title='bbox 914 472 1195 522; x_wconf 84' lang='lat' dir='ltr'>Athamaniae,</span> <span class='ocrx_word' id='word_1_31' title='bbox 1213 488 1307 514; x_wconf 86' lang='lat' dir='ltr'>cum</span> <span class='ocrx_word' id='word_1_32' title='bbox 1329 490 1399 515; x_wconf 82' lang='lat' dir='ltr'>sex</span> <span class='ocrx_word' id='word_1_33' title='bbox 1421 476 1510 516; x_wconf 90' lang='lat' dir='ltr'>mil-</span> <span class='ocrx_word' id='word_1_34' title='bbox 1523 488 1685 530; x_wconf 74' lang='lat' dir='ltr'>Philippus</span> 
     </span>
     <span class='ocr_line' id='line_1_6' title="bbox 100 528 1671 587; baseline 0.003 -18"><span class='ocrx_word' id='word_1_35' title='bbox 100 528 209 569; x_wconf 86' lang='lat' dir='ltr'>libus</span> <span class='ocrx_word' id='word_1_36' title='bbox 229 538 482 570; x_wconf 85' lang='lat' dir='ltr'>armatorum</span> <span class='ocrx_word' id='word_1_37' title='bbox 513 530 740 585; x_wconf 87' lang='lat' dir='ltr'>profectus,</span> <span class='ocrx_word' id='word_1_38' title='bbox 762 530 921 585; x_wconf 77' lang='lat' dir='ltr'>ingenti</span> <span class='ocrx_word' id='word_1_39' title='bbox 942 530 1151 571; x_wconf 87' lang='lat' dir='ltr'>celeritate</span> <span class='ocrx_word' id='word_1_40' title='bbox 1174 530 1391 586; x_wconf 77' lang='lat' dir='ltr'>Gomphos</span> <span class='ocrx_word' id='word_1_41' title='bbox 1419 548 1509 587; x_wconf 85' lang='lat' dir='ltr'>per-</span> <span class='ocrx_word' id='word_1_42' title='bbox 1521 531 1671 586; x_wconf 49' lang='lat' dir='ltr'>athama-</span> 
     </span>
     <span class='ocr_line' id='line_1_7' title="bbox 100 583 1721 647; baseline 0.004 -22"><span class='ocrx_word' id='word_1_43' title='bbox 100 586 223 627; x_wconf 87' lang='lat' dir='ltr'>venit.</span> <span class='ocrx_word' id='word_1_44' title='bbox 268 586 325 627; x_wconf 92' lang='lat' dir='ltr'>ibi</span> <span class='ocrx_word' id='word_1_45' title='bbox 358 586 500 627; x_wconf 85' lang='lat' dir='ltr'>relicta</span> <span class='ocrx_word' id='word_1_46' title='bbox 530 587 686 642; x_wconf 80' lang='lat' dir='ltr'>majore</span> <span class='ocrx_word' id='word_1_47' title='bbox 716 595 834 642; x_wconf 89' lang='lat' dir='ltr'>parte</span> <span class='ocrx_word' id='word_1_48' title='bbox 865 587 1086 636; x_wconf 79' lang='lat' dir='ltr'>exercitus,</span> <span class='ocrx_word' id='word_1_49' title='bbox 1125 586 1280 642; x_wconf 86' lang='lat' dir='ltr'>(neque</span> <span class='ocrx_word' id='word_1_50' title='bbox 1311 588 1418 628; x_wconf 88' lang='lat' dir='ltr'>enim</span> <span class='ocrx_word' id='word_1_51' title='bbox 1456 583 1601 647; x_wconf 52' lang='lat' dir='ltr'>adffiffl</span> <span class='ocrx_word' id='word_1_52' title='bbox 1623 585 1721 615; x_wconf 63' lang='lat' dir='ltr'>¹¹³g¹⁶‘</span> 
     </span>
     <span class='ocr_line' id='line_1_8' title="bbox 99 641 1611 697; baseline 0.003 -15"><span class='ocrx_word' id='word_1_53' title='bbox 99 651 215 683; x_wconf 85' lang='lat' dir='ltr'>tanta</span> <span class='ocrx_word' id='word_1_54' title='bbox 262 642 410 684; x_wconf 88' lang='lat' dir='ltr'>itinera</span> <span class='ocrx_word' id='word_1_55' title='bbox 446 642 768 697; x_wconf 80' lang='lat' dir='ltr'>⁵subfecisscnt)</span> <span class='ocrx_word' id='word_1_56' title='bbox 806 659 901 684; x_wconf 89' lang='lat' dir='ltr'>cum</span> <span class='ocrx_word' id='word_1_57' title='bbox 945 644 1112 684; x_wconf 86' lang='lat' dir='ltr'>duobus</span> <span class='ocrx_word' id='word_1_58' title='bbox 1151 644 1335 686; x_wconf 89' lang='lat' dir='ltr'>millibus</span> <span class='ocrx_word' id='word_1_59' title='bbox 1376 647 1509 687; x_wconf 83' lang='lat' dir='ltr'>Athe-</span> <span class='ocrx_word' id='word_1_60' title='bbox 1604 641 1611 647; x_wconf 56' lang='lat'>¹</span> 
     </span>
     <span class='ocr_line' id='line_1_9' title="bbox 98 700 1508 758; baseline 0.004 -20"><span class='ocrx_word' id='word_1_61' title='bbox 98 713 251 749; x_wconf 87' lang='lat' dir='ltr'>naeum,</span> <span class='ocrx_word' id='word_1_62' title='bbox 272 700 389 754; x_wconf 90' lang='lat' dir='ltr'>quod</span> <span class='ocrx_word' id='word_1_63' title='bbox 419 715 550 741; x_wconf 90' lang='lat' dir='ltr'>unum</span> <span class='ocrx_word' id='word_1_64' title='bbox 576 717 601 741; x_wconf 92' lang='lat' dir='ltr'>a</span> <span class='ocrx_word' id='word_1_65' title='bbox 623 700 818 757; x_wconf 80' lang='lat' dir='ltr'>praesidio</span> <span class='ocrx_word' id='word_1_66' title='bbox 848 716 923 741; x_wconf 73' lang='lat' dir='ltr'>suo</span> <span class='ocrx_word' id='word_1_67' title='bbox 953 708 1163 742; x_wconf 88' lang='lat' dir='ltr'>retentum</span> <span class='ocrx_word' id='word_1_68' title='bbox 1194 701 1344 752; x_wconf 85' lang='lat' dir='ltr'>fuerat,</span> <span class='ocrx_word' id='word_1_69' title='bbox 1366 717 1508 758; x_wconf 89' lang='lat' dir='ltr'>perve-</span> 
     </span>
     <span class='ocr_line' id='line_1_10' title="bbox 97 755 1507 813; baseline 0.005 -18"><span class='ocrx_word' id='word_1_70' title='bbox 97 755 171 795; x_wconf 88' lang='lat' dir='ltr'>nit.</span> <span class='ocrx_word' id='word_1_71' title='bbox 215 756 327 805; x_wconf 86' lang='lat' dir='ltr'>inde,</span> <span class='ocrx_word' id='word_1_72' title='bbox 359 758 561 812; x_wconf 78' lang='lat' dir='ltr'>proximis</span> <span class='ocrx_word' id='word_1_73' title='bbox 596 758 780 807; x_wconf 88' lang='lat' dir='ltr'>tentatis,</span> <span class='ocrx_word' id='word_1_74' title='bbox 817 773 947 813; x_wconf 89' lang='lat' dir='ltr'>quum</span> <span class='ocrx_word' id='word_1_75' title='bbox 982 757 1101 798; x_wconf 82' lang='lat' dir='ltr'>facilc</span> <span class='ocrx_word' id='word_1_76' title='bbox 1136 757 1507 810; x_wconf 84' lang='lat' dir='ltr'>animadvertisset,</span> 
     </span>
     <span class='ocr_line' id='line_1_11' title="bbox 95 813 1508 871; baseline 0.004 -19"><span class='ocrx_word' id='word_1_77' title='bbox 95 820 233 853; x_wconf 86' lang='lat' dir='ltr'>cetera</span> <span class='ocrx_word' id='word_1_78' title='bbox 271 813 439 855; x_wconf 87' lang='lat' dir='ltr'>hostilia</span> <span class='ocrx_word' id='word_1_79' title='bbox 477 831 578 865; x_wconf 89' lang='lat' dir='ltr'>esse,</span> <span class='ocrx_word' id='word_1_80' title='bbox 622 815 839 870; x_wconf 85' lang='lat' dir='ltr'>Gomphos</span> <span class='ocrx_word' id='word_1_81' title='bbox 882 830 1106 871; x_wconf 79' lang='lat' dir='ltr'>regressus,</span> <span class='ocrx_word' id='word_1_82' title='bbox 1148 816 1341 857; x_wconf 88' lang='lat' dir='ltr'>omnibus</span> <span class='ocrx_word' id='word_1_83' title='bbox 1381 818 1508 868; x_wconf 89' lang='lat' dir='ltr'>copiis</span> 
     </span>
     <span class='ocr_line' id='line_1_12' title="bbox 93 868 1509 921; baseline 0.004 -12"><span class='ocrx_word' id='word_1_84' title='bbox 93 868 219 910; x_wconf 82' lang='lat' dir='ltr'>simul</span> <span class='ocrx_word' id='word_1_85' title='bbox 258 869 299 910; x_wconf 90' lang='lat' dir='ltr'>in</span> <span class='ocrx_word' id='word_1_86' title='bbox 338 871 635 912; x_wconf 80' lang='lat' dir='ltr'>Athamaniam</span> <span class='ocrx_word' id='word_1_87' title='bbox 674 872 810 913; x_wconf 88' lang='lat' dir='ltr'>rediit.</span> <span class='ocrx_word' id='word_1_88' title='bbox 855 871 1080 912; x_wconf 87' lang='lat' dir='ltr'>·Zenonem</span> <span class='ocrx_word' id='word_1_89' title='bbox 1116 871 1226 921; x_wconf 87' lang='lat' dir='ltr'>inde,</span> <span class='ocrx_word' id='word_1_90' title='bbox 1262 888 1357 914; x_wconf 88' lang='lat' dir='ltr'>cum</span> <span class='ocrx_word' id='word_1_91' title='bbox 1397 870 1509 915; x_wconf 73' lang='lat' dir='ltr'>niille</span> 
     </span>
     <span class='ocr_line' id='line_1_13' title="bbox 94 925 1507 986; baseline 0.005 -21"><span class='ocrx_word' id='word_1_92' title='bbox 94 925 308 980; x_wconf 87' lang='lat' dir='ltr'>peditibus</span> <span class='ocrx_word' id='word_1_93' title='bbox 327 930 603 983; x_wconf 84' lang='lat' dir='ltr'>praemissum,</span> <span class='ocrx_word' id='word_1_94' title='bbox 621 928 872 984; x_wconf 61' lang='lat' dir='ltr'>*Ethopiam</span> <span class='ocrx_word' id='word_1_95' title='bbox 893 944 1096 985; x_wconf 86' lang='lat' dir='ltr'>occupare</span> <span class='ocrx_word' id='word_1_96' title='bbox 1111 928 1249 984; x_wconf 70' lang='lat' dir='ltr'>jubet,</span> <span class='ocrx_word' id='word_1_97' title='bbox 1271 939 1507 986; x_wconf 83' lang='lat' dir='ltr'>opportune</span> 
     </span>
     <span class='ocr_line' id='line_1_14' title="bbox 96 983 1505 1041; baseline 0.006 -20"><span class='ocrx_word' id='word_1_98' title='bbox 96 983 316 1037; x_wconf 84' lang='lat' dir='ltr'>Argitheae</span> <span class='ocrx_word' id='word_1_99' title='bbox 346 985 637 1027; x_wconf 87' lang='lat' dir='ltr'>inminentem:</span> <span class='ocrx_word' id='word_1_100' title='bbox 671 1001 796 1041; x_wconf 88' lang='lat' dir='ltr'>quem</span> <span class='ocrx_word' id='word_1_101' title='bbox 818 985 891 1026; x_wconf 91' lang='lat' dir='ltr'>ubi</span> <span class='ocrx_word' id='word_1_102' title='bbox 911 985 1041 1027; x_wconf 88' lang='lat' dir='ltr'>teneri</span> <span class='ocrx_word' id='word_1_103' title='bbox 1069 1001 1094 1026; x_wconf 88' lang='lat' dir='ltr'>a</span> <span class='ocrx_word' id='word_1_104' title='bbox 1122 986 1207 1026; x_wconf 90' lang='lat' dir='ltr'>suis</span> <span class='ocrx_word' id='word_1_105' title='bbox 1229 986 1363 1027; x_wconf 90' lang='lat' dir='ltr'>locum</span> <span class='ocrx_word' id='word_1_106' title='bbox 1386 988 1505 1037; x_wconf 81' lang='lat' dir='ltr'>vidit,</span> 
     </span>
     <span class='ocr_line' id='line_1_15' title="bbox 93 1038 1505 1098; baseline 0.003 -18"><span class='ocrx_word' id='word_1_107' title='bbox 93 1038 181 1094; x_wconf 87' lang='lat' dir='ltr'>ipse</span> <span class='ocrx_word' id='word_1_108' title='bbox 214 1041 321 1082; x_wconf 87' lang='lat' dir='ltr'>circa</span> <span class='ocrx_word' id='word_1_109' title='bbox 355 1042 558 1098; x_wconf 89' lang='lat' dir='ltr'>templum</span> <span class='ocrx_word' id='word_1_110' title='bbox 594 1043 715 1083; x_wconf 80' lang='lat' dir='ltr'>Jovis</span> <span class='ocrx_word' id='word_1_111' title='bbox 750 1043 889 1083; x_wconf 82' lang='lat' dir='ltr'>Acraei</span> <span class='ocrx_word' id='word_1_112' title='bbox 923 1042 1064 1098; x_wconf 79' lang='lat' dir='ltr'>posuit</span> <span class='ocrx_word' id='word_1_113' title='bbox 1099 1051 1244 1083; x_wconf 84' lang='lat' dir='ltr'>castra.</span> <span class='ocrx_word' id='word_1_114' title='bbox 1287 1042 1344 1084; x_wconf 89' lang='lat' dir='ltr'>ibi</span> <span class='ocrx_word' id='word_1_115' title='bbox 1377 1060 1505 1086; x_wconf 85' lang='lat' dir='ltr'>unum</span> 
     </span>
     <span class='ocr_line' id='line_1_16' title="bbox 92 1095 1508 1157; baseline 0.001 -22"><span class='ocrx_word' id='word_1_116' title='bbox 92 1095 204 1137; x_wconf 89' lang='lat' dir='ltr'>diem</span> <span class='ocrx_word' id='word_1_117' title='bbox 224 1097 338 1139; x_wconf 82' lang='lat' dir='ltr'>foeda</span> <span class='ocrx_word' id='word_1_118' title='bbox 368 1107 613 1155; x_wconf 83' lang='lat' dir='ltr'>tempestate</span> <span class='ocrx_word' id='word_1_119' title='bbox 637 1107 838 1149; x_wconf 85' lang='lat' dir='ltr'>retentus,</span> <span class='ocrx_word' id='word_1_120' title='bbox 861 1108 1026 1154; x_wconf 87' lang='lat' dir='ltr'>postero</span> <span class='ocrx_word' id='word_1_121' title='bbox 1047 1098 1114 1139; x_wconf 89' lang='lat' dir='ltr'>die</span> <span class='ocrx_word' id='word_1_122' title='bbox 1135 1099 1285 1140; x_wconf 85' lang='lat' dir='ltr'>(lucere</span> <span class='ocrx_word' id='word_1_123' title='bbox 1306 1100 1358 1140; x_wconf 88' lang='lat' dir='ltr'>ad</span> <span class='ocrx_word' id='word_1_124' title='bbox 1381 1102 1508 1157; x_wconf 84' lang='lat' dir='ltr'>Argi-</span> 
     </span>
     <span class='ocr_line' id='line_1_17' title="bbox 95 1152 1505 1212; baseline 0.004 -19"><span class='ocrx_word' id='word_1_125' title='bbox 95 1152 234 1194; x_wconf 84' lang='lat' dir='ltr'>theam</span> <span class='ocrx_word' id='word_1_126' title='bbox 255 1155 447 1196; x_wconf 83' lang='lat' dir='ltr'>intendit.</span> <span class='ocrx_word' id='word_1_127' title='bbox 508 1156 722 1197; x_wconf 86' lang='lat' dir='ltr'>Euntibus</span> <span class='ocrx_word' id='word_1_128' title='bbox 749 1156 958 1211; x_wconf 81' lang='lat' dir='ltr'>extemplo</span> <span class='ocrx_word' id='word_1_129' title='bbox 980 1156 1210 1212; x_wconf 86' lang='lat' dir='ltr'>adparuere</span> <span class='ocrx_word' id='word_1_130' title='bbox 1231 1156 1505 1209; x_wconf 82' lang='lat' dir='ltr'>Athamanes,</span> 
     </span>
     <span class='ocr_line' id='line_1_18' title="bbox 93 1208 1507 1268; baseline 0.005 -19"><span class='ocrx_word' id='word_1_131' title='bbox 93 1208 136 1249; x_wconf 91' lang='lat' dir='ltr'>in</span> <span class='ocrx_word' id='word_1_132' title='bbox 167 1212 351 1253; x_wconf 90' lang='lat' dir='ltr'>tumulos</span> <span class='ocrx_word' id='word_1_133' title='bbox 386 1212 630 1254; x_wconf 88' lang='lat' dir='ltr'>inminentes</span> <span class='ocrx_word' id='word_1_134' title='bbox 665 1212 744 1253; x_wconf 89' lang='lat' dir='ltr'>viae</span> <span class='ocrx_word' id='word_1_135' title='bbox 778 1212 1067 1253; x_wconf 83' lang='lat' dir='ltr'>discurrentes.</span> <span class='ocrx_word' id='word_1_136' title='bbox 1111 1212 1161 1253; x_wconf 87' lang='lat' dir='ltr'>ad</span> <span class='ocrx_word' id='word_1_137' title='bbox 1199 1228 1380 1268; x_wconf 86' lang='lat' dir='ltr'>quorum</span> <span class='ocrx_word' id='word_1_138' title='bbox 1413 1231 1507 1256; x_wconf 85' lang='lat' dir='ltr'>con-</span> 
     </span>
     <span class='ocr_line' id='line_1_19' title="bbox 94 1269 1505 1326; baseline 0.006 -20"><span class='ocrx_word' id='word_1_139' title='bbox 94 1276 282 1322; x_wconf 88' lang='lat' dir='ltr'>spectum</span> <span class='ocrx_word' id='word_1_140' title='bbox 318 1269 537 1310; x_wconf 87' lang='lat' dir='ltr'>constitere</span> <span class='ocrx_word' id='word_1_141' title='bbox 568 1269 703 1325; x_wconf 89' lang='lat' dir='ltr'>prima</span> <span class='ocrx_word' id='word_1_142' title='bbox 733 1269 862 1325; x_wconf 89' lang='lat' dir='ltr'>signa,</span> <span class='ocrx_word' id='word_1_143' title='bbox 895 1277 1068 1325; x_wconf 88' lang='lat' dir='ltr'>totoque</span> <span class='ocrx_word' id='word_1_144' title='bbox 1103 1270 1267 1324; x_wconf 80' lang='lat' dir='ltr'>agmine</span> <span class='ocrx_word' id='word_1_145' title='bbox 1303 1286 1433 1326; x_wconf 82' lang='lat' dir='ltr'>pavor</span> <span class='ocrx_word' id='word_1_146' title='bbox 1465 1282 1505 1314; x_wconf 86' lang='lat' dir='ltr'>ct</span> 
     </span>
     <span class='ocr_line' id='line_1_20' title="bbox 95 1324 1504 1382; baseline 0.003 -17"><span class='ocrx_word' id='word_1_147' title='bbox 95 1324 320 1379; x_wconf 80' lang='lat' dir='ltr'>trepidatio</span> <span class='ocrx_word' id='word_1_148' title='bbox 341 1334 452 1366; x_wconf 85' lang='lat' dir='ltr'>erat:</span> <span class='ocrx_word' id='word_1_149' title='bbox 485 1335 526 1367; x_wconf 92' lang='lat' dir='ltr'>et</span> <span class='ocrx_word' id='word_1_150' title='bbox 547 1342 624 1382; x_wconf 85' lang='lat' dir='ltr'>pro</span> <span class='ocrx_word' id='word_1_151' title='bbox 645 1342 686 1367; x_wconf 86' lang='lat' dir='ltr'>se</span> <span class='ocrx_word' id='word_1_152' title='bbox 714 1328 907 1382; x_wconf 88' lang='lat' dir='ltr'>quisque,</span> <span class='ocrx_word' id='word_1_153' title='bbox 930 1326 1132 1381; x_wconf 82' lang='lat' dir='ltr'>quidnam</span> <span class='ocrx_word' id='word_1_154' title='bbox 1160 1327 1352 1368; x_wconf 79' lang='lat' dir='ltr'>futurum</span> <span class='ocrx_word' id='word_1_155' title='bbox 1384 1339 1504 1380; x_wconf 88' lang='lat' dir='ltr'>esset,</span> 
     </span>
     <span class='ocr_line' id='line_1_21' title="bbox 90 1381 1506 1439; baseline 0.004 -19"><span class='ocrx_word' id='word_1_156' title='bbox 90 1381 289 1436; x_wconf 87' lang='lat' dir='ltr'>cogitare,</span> <span class='ocrx_word' id='word_1_157' title='bbox 312 1382 345 1423; x_wconf 89' lang='lat' dir='ltr'>si</span> <span class='ocrx_word' id='word_1_158' title='bbox 372 1383 414 1423; x_wconf 91' lang='lat' dir='ltr'>in</span> <span class='ocrx_word' id='word_1_159' title='bbox 445 1383 571 1424; x_wconf 82' lang='lat' dir='ltr'>valles</span> <span class='ocrx_word' id='word_1_160' title='bbox 602 1384 808 1439; x_wconf 84' lang='lat' dir='ltr'>subjectas</span> <span class='ocrx_word' id='word_1_161' title='bbox 838 1384 1015 1439; x_wconf 87' lang='lat' dir='ltr'>rupibus</span> <span class='ocrx_word' id='word_1_162' title='bbox 1042 1399 1190 1438; x_wconf 87' lang='lat' dir='ltr'>agmen</span> <span class='ocrx_word' id='word_1_163' title='bbox 1221 1384 1327 1425; x_wconf 85' lang='lat' dir='ltr'>foret</span> <span class='ocrx_word' id='word_1_164' title='bbox 1358 1385 1506 1427; x_wconf 82' lang='lat' dir='ltr'>demis-</span> 
     </span>
     <span class='ocr_line' id='line_1_22' title="bbox 93 1440 1700 1497; baseline 0.002 -20"><span class='ocrx_word' id='word_1_165' title='bbox 93 1452 197 1478; x_wconf 85' lang='lat' dir='ltr'>sum.</span> <span class='ocrx_word' id='word_1_166' title='bbox 260 1440 367 1480; x_wconf 85' lang='lat' dir='ltr'>Haec</span> <span class='ocrx_word' id='word_1_167' title='bbox 397 1440 671 1481; x_wconf 87' lang='lat' dir='ltr'>tumultuatio</span> <span class='ocrx_word' id='word_1_168' title='bbox 701 1456 854 1495; x_wconf 88' lang='lat' dir='ltr'>regem,</span> <span class='ocrx_word' id='word_1_169' title='bbox 877 1440 1127 1496; x_wconf 80' lang='lat' dir='ltr'>cupientem,</span> <span class='ocrx_word' id='word_1_170' title='bbox 1151 1441 1182 1480; x_wconf 86' lang='lat' dir='ltr'>si</span> <span class='ocrx_word' id='word_1_171' title='bbox 1214 1456 1255 1481; x_wconf 88' lang='lat' dir='ltr'>se</span> <span class='ocrx_word' id='word_1_172' title='bbox 1288 1457 1506 1497; x_wconf 84' lang='lat' dir='ltr'>sequeren-</span> <span class='ocrx_word' id='word_1_173' title='bbox 1518 1451 1700 1492; x_wconf 69' lang='lat' dir='ltr'>Repellitur.</span> 
     </span>
     <span class='ocr_line' id='line_1_23' title="bbox 92 1496 1503 1552; baseline 0.004 -18"><span class='ocrx_word' id='word_1_174' title='bbox 92 1504 178 1545; x_wconf 89' lang='lat' dir='ltr'>tur,</span> <span class='ocrx_word' id='word_1_175' title='bbox 209 1496 362 1551; x_wconf 87' lang='lat' dir='ltr'>raptim</span> <span class='ocrx_word' id='word_1_176' title='bbox 393 1497 567 1538; x_wconf 81' lang='lat' dir='ltr'>evadere</span> <span class='ocrx_word' id='word_1_177' title='bbox 596 1497 823 1552; x_wconf 85' lang='lat' dir='ltr'>angustias,</span> <span class='ocrx_word' id='word_1_178' title='bbox 854 1513 1045 1538; x_wconf 79' lang='lat' dir='ltr'>revocare</span> <span class='ocrx_word' id='word_1_179' title='bbox 1074 1497 1243 1552; x_wconf 86' lang='lat' dir='ltr'>primos,</span> <span class='ocrx_word' id='word_1_180' title='bbox 1275 1506 1314 1538; x_wconf 89' lang='lat' dir='ltr'>et</span> <span class='ocrx_word' id='word_1_181' title='bbox 1346 1500 1503 1551; x_wconf 85' lang='lat' dir='ltr'>eadem,</span> 
     </span>
     <span class='ocr_line' id='line_1_24' title="bbox 92 1553 1503 1610; baseline 0.003 -17"><span class='ocrx_word' id='word_1_182' title='bbox 92 1566 180 1606; x_wconf 88' lang='lat' dir='ltr'>qua</span> <span class='ocrx_word' id='word_1_183' title='bbox 199 1561 382 1603; x_wconf 88' lang='lat' dir='ltr'>venerat,</span> <span class='ocrx_word' id='word_1_184' title='bbox 404 1554 473 1594; x_wconf 73' lang='lat' dir='ltr'>via</span> <span class='ocrx_word' id='word_1_185' title='bbox 492 1554 645 1594; x_wconf 84' lang='lat' dir='ltr'>referre</span> <span class='ocrx_word' id='word_1_186' title='bbox 666 1555 801 1608; x_wconf 84' lang='lat' dir='ltr'>co&#39;e’git</span> <span class='ocrx_word' id='word_1_187' title='bbox 823 1553 950 1609; x_wconf 85' lang='lat' dir='ltr'>signa.</span> <span class='ocrx_word' id='word_1_188' title='bbox 1011 1554 1268 1594; x_wconf 82' lang='lat' dir='ltr'>Athamanes</span> <span class='ocrx_word' id='word_1_189' title='bbox 1299 1555 1433 1610; x_wconf 89' lang='lat' dir='ltr'>primo</span> <span class='ocrx_word' id='word_1_190' title='bbox 1454 1573 1503 1598; x_wconf 82' lang='lat' dir='ltr'>ex</span> 
     </span>
     <span class='ocr_line' id='line_1_25' title="bbox 92 1607 1505 1668; baseline 0.004 -20"><span class='ocrx_word' id='word_1_191' title='bbox 92 1607 310 1650; x_wconf 80' lang='lat' dir='ltr'>intervallo</span> <span class='ocrx_word' id='word_1_192' title='bbox 340 1610 473 1666; x_wconf 88' lang='lat' dir='ltr'>quieti</span> <span class='ocrx_word' id='word_1_193' title='bbox 504 1611 807 1666; x_wconf 85' lang='lat' dir='ltr'>sequebantur:</span> <span class='ocrx_word' id='word_1_194' title='bbox 845 1619 1067 1666; x_wconf 86' lang='lat' dir='ltr'>postquam</span> <span class='ocrx_word' id='word_1_195' title='bbox 1100 1610 1232 1664; x_wconf 76' lang='lat' dir='ltr'>AEtoli</span> <span class='ocrx_word' id='word_1_196' title='bbox 1265 1627 1306 1652; x_wconf 85' lang='lat' dir='ltr'>se</span> <span class='ocrx_word' id='word_1_197' title='bbox 1335 1614 1505 1668; x_wconf 85' lang='lat' dir='ltr'>conjun-</span> 
     </span>
     <span class='ocr_line' id='line_1_26' title="bbox 95 1666 1503 1725; baseline 0.004 -20"><span class='ocrx_word' id='word_1_198' title='bbox 95 1674 262 1716; x_wconf 79' lang='lat' dir='ltr'>xerunt,</span> <span class='ocrx_word' id='word_1_199' title='bbox 283 1666 374 1717; x_wconf 90' lang='lat' dir='ltr'>hos,</span> <span class='ocrx_word' id='word_1_200' title='bbox 398 1676 444 1708; x_wconf 92' lang='lat' dir='ltr'>ut</span> <span class='ocrx_word' id='word_1_201' title='bbox 469 1668 522 1708; x_wconf 88' lang='lat' dir='ltr'>ab</span> <span class='ocrx_word' id='word_1_202' title='bbox 543 1676 661 1723; x_wconf 88' lang='lat' dir='ltr'>tergo</span> <span class='ocrx_word' id='word_1_203' title='bbox 685 1667 839 1722; x_wconf 81' lang='lat' dir='ltr'>agmini</span> <span class='ocrx_word' id='word_1_204' title='bbox 870 1668 1085 1717; x_wconf 83' lang='lat' dir='ltr'>instarent,</span> <span class='ocrx_word' id='word_1_205' title='bbox 1107 1668 1392 1723; x_wconf 84' lang='lat' dir='ltr'>reliquerunt;</span> <span class='ocrx_word' id='word_1_206' title='bbox 1426 1671 1503 1725; x_wconf 87' lang='lat' dir='ltr'>ipsi</span> 
     </span>
     <span class='ocr_line' id='line_1_27' title="bbox 93 1721 1499 1780; baseline 0.004 -19"><span class='ocrx_word' id='word_1_207' title='bbox 93 1738 119 1761; x_wconf 89' lang='lat' dir='ltr'>a</span> <span class='ocrx_word' id='word_1_208' title='bbox 139 1721 338 1764; x_wconf 83' lang='lat' dir='ltr'>lateribus</span> <span class='ocrx_word' id='word_1_209' title='bbox 360 1739 401 1764; x_wconf 88' lang='lat' dir='ltr'>se</span> <span class='ocrx_word' id='word_1_210' title='bbox 428 1724 799 1765; x_wconf 84' lang='lat' dir='ltr'>circumfuderunt.</span> <span class='ocrx_word' id='word_1_211' title='bbox 830 1724 1016 1780; x_wconf 90' lang='lat' dir='ltr'>quidam,</span> <span class='ocrx_word' id='word_1_212' title='bbox 1038 1739 1113 1780; x_wconf 91' lang='lat' dir='ltr'>per</span> <span class='ocrx_word' id='word_1_213' title='bbox 1132 1733 1251 1765; x_wconf 88' lang='lat' dir='ltr'>notos</span> <span class='ocrx_word' id='word_1_214' title='bbox 1272 1725 1393 1765; x_wconf 87' lang='lat' dir='ltr'>calles</span> <span class='ocrx_word' id='word_1_215' title='bbox 1413 1727 1499 1767; x_wconf 86' lang='lat' dir='ltr'>bre-</span> 
     </span>
     <span class='ocr_line' id='line_1_28' title="bbox 94 1778 1506 1836; baseline 0.004 -18"><span class='ocrx_word' id='word_1_216' title='bbox 94 1778 207 1819; x_wconf 88' lang='lat' dir='ltr'>viore</span> <span class='ocrx_word' id='word_1_217' title='bbox 227 1779 295 1820; x_wconf 88' lang='lat' dir='ltr'>via</span> <span class='ocrx_word' id='word_1_218' title='bbox 314 1782 545 1836; x_wconf 62' lang='lat' dir='ltr'>praegressi,</span> <span class='ocrx_word' id='word_1_219' title='bbox 568 1782 767 1823; x_wconf 85' lang='lat' dir='ltr'>transitus</span> <span class='ocrx_word' id='word_1_220' title='bbox 787 1781 994 1822; x_wconf 87' lang='lat' dir='ltr'>insedere:</span> <span class='ocrx_word' id='word_1_221' title='bbox 1028 1789 1276 1836; x_wconf 87' lang='lat' dir='ltr'>tantumque</span> <span class='ocrx_word' id='word_1_222' title='bbox 1296 1783 1506 1824; x_wconf 79' lang='lat' dir='ltr'>tumultus</span> 
     </span>
     <span class='ocr_line' id='line_1_29' title="bbox 95 1836 1507 1894; baseline 0.002 -18"><span class='ocrx_word' id='word_1_223' title='bbox 95 1836 401 1878; x_wconf 85' lang='lat' dir='ltr'>Macedonibus</span> <span class='ocrx_word' id='word_1_224' title='bbox 421 1846 482 1879; x_wconf 87' lang='lat' dir='ltr'>est</span> <span class='ocrx_word' id='word_1_225' title='bbox 504 1838 717 1894; x_wconf 84' lang='lat' dir='ltr'>injectum,</span> <span class='ocrx_word' id='word_1_226' title='bbox 740 1847 787 1879; x_wconf 89' lang='lat' dir='ltr'>ut</span> <span class='ocrx_word' id='word_1_227' title='bbox 809 1838 923 1893; x_wconf 84' lang='lat' dir='ltr'>fugae</span> <span class='ocrx_word' id='word_1_228' title='bbox 944 1838 1075 1893; x_wconf 86' lang='lat' dir='ltr'>magis</span> <span class='ocrx_word' id='word_1_229' title='bbox 1105 1838 1261 1887; x_wconf 78' lang='lat' dir='ltr'>effusae,</span> <span class='ocrx_word' id='word_1_230' title='bbox 1284 1854 1410 1894; x_wconf 88' lang='lat' dir='ltr'>quam</span> <span class='ocrx_word' id='word_1_231' title='bbox 1442 1840 1507 1881; x_wconf 89' lang='lat' dir='ltr'>iti-</span> 
     </span>
     <span class='ocr_line' id='line_1_30' title="bbox 95 1893 1503 1950; baseline 0.004 -18"><span class='ocrx_word' id='word_1_232' title='bbox 95 1893 203 1933; x_wconf 90' lang='lat' dir='ltr'>neris</span> <span class='ocrx_word' id='word_1_233' title='bbox 231 1893 411 1936; x_wconf 85' lang='lat' dir='ltr'>ordinati</span> <span class='ocrx_word' id='word_1_234' title='bbox 438 1895 577 1945; x_wconf 91' lang='lat' dir='ltr'>modo,</span> <span class='ocrx_word' id='word_1_235' title='bbox 599 1895 741 1936; x_wconf 85' lang='lat' dir='ltr'>multis</span> <span class='ocrx_word' id='word_1_236' title='bbox 772 1895 896 1935; x_wconf 87' lang='lat' dir='ltr'>armis</span> <span class='ocrx_word' id='word_1_237' title='bbox 927 1895 1109 1950; x_wconf 85' lang='lat' dir='ltr'>virisque</span> <span class='ocrx_word' id='word_1_238' title='bbox 1139 1895 1306 1945; x_wconf 87' lang='lat' dir='ltr'>relictis,</span> <span class='ocrx_word' id='word_1_239' title='bbox 1328 1895 1503 1937; x_wconf 80' lang='lat' dir='ltr'>5flumen</span> 
     </span>
     <span class='ocr_line' id='line_1_31' title="bbox 95 1950 1505 2007; baseline 0.003 -17"><span class='ocrx_word' id='word_1_240' title='bbox 95 1950 344 2005; x_wconf 83' lang='lat' dir='ltr'>trajecerint.</span> <span class='ocrx_word' id='word_1_241' title='bbox 380 1951 448 1992; x_wconf 92' lang='lat' dir='ltr'>hic</span> <span class='ocrx_word' id='word_1_242' title='bbox 478 1953 571 1992; x_wconf 87' lang='lat' dir='ltr'>finis</span> <span class='ocrx_word' id='word_1_243' title='bbox 602 1952 800 2007; x_wconf 90' lang='lat' dir='ltr'>sequendi</span> <span class='ocrx_word' id='word_1_244' title='bbox 832 1951 926 1992; x_wconf 80' lang='lat' dir='ltr'>fuit.</span> <span class='ocrx_word' id='word_1_245' title='bbox 990 1951 1094 1992; x_wconf 80' lang='lat' dir='ltr'>Inde</span> <span class='ocrx_word' id='word_1_246' title='bbox 1129 1960 1223 1993; x_wconf 85' lang='lat' dir='ltr'>tuto</span> <span class='ocrx_word' id='word_1_247' title='bbox 1254 1953 1505 1994; x_wconf 85' lang='lat' dir='ltr'>Macedones</span> 
     </span>
     <span class='ocr_line' id='line_1_32' title="bbox 95 2007 1506 2064; baseline 0.003 -17"><span class='ocrx_word' id='word_1_248' title='bbox 95 2007 328 2062; x_wconf 87' lang='lat' dir='ltr'>Gomphos,</span> <span class='ocrx_word' id='word_1_249' title='bbox 350 2017 391 2049; x_wconf 90' lang='lat' dir='ltr'>et</span> <span class='ocrx_word' id='word_1_250' title='bbox 412 2024 437 2048; x_wconf 87' lang='lat' dir='ltr'>a</span> <span class='ocrx_word' id='word_1_251' title='bbox 458 2009 665 2064; x_wconf 87' lang='lat' dir='ltr'>Gomphis</span> <span class='ocrx_word' id='word_1_252' title='bbox 692 2008 733 2048; x_wconf 90' lang='lat' dir='ltr'>in</span> <span class='ocrx_word' id='word_1_253' title='bbox 764 2008 1052 2048; x_wconf 59' lang='lat' dir='ltr'>hlacedoniam</span> <span class='ocrx_word' id='word_1_254' title='bbox 1085 2008 1310 2050; x_wconf 86' lang='lat' dir='ltr'>redierunt.</span> <span class='ocrx_word' id='word_1_255' title='bbox 1372 2011 1506 2051; x_wconf 84' lang='lat' dir='ltr'>Atha-</span> 
     </span>
     <span class='ocr_line' id='line_1_33' title="bbox 94 2063 1505 2121; baseline 0.003 -18"><span class='ocrx_word' id='word_1_256' title='bbox 94 2074 233 2104; x_wconf 85' lang='lat' dir='ltr'>manes</span> <span class='ocrx_word' id='word_1_257' title='bbox 265 2063 485 2120; x_wconf 69' lang='lat' dir='ltr'>}Etolique</span> <span class='ocrx_word' id='word_1_258' title='bbox 514 2066 759 2121; x_wconf 87' lang='lat' dir='ltr'>Ethopiam,</span> <span class='ocrx_word' id='word_1_259' title='bbox 781 2065 835 2105; x_wconf 85' lang='lat' dir='ltr'>ad</span> <span class='ocrx_word' id='word_1_260' title='bbox 862 2065 1066 2106; x_wconf 88' lang='lat' dir='ltr'>Zenonem</span> <span class='ocrx_word' id='word_1_261' title='bbox 1098 2081 1144 2105; x_wconf 90' lang='lat' dir='ltr'>ac</span> <span class='ocrx_word' id='word_1_262' title='bbox 1175 2065 1286 2105; x_wconf 89' lang='lat' dir='ltr'>mille</span> <span class='ocrx_word' id='word_1_263' title='bbox 1310 2067 1505 2107; x_wconf 44' lang='lat' dir='ltr'>R&#39;Iacedo-</span> 
     </span>
     <span class='ocr_line' id='line_1_34' title="bbox 93 2121 1504 2178; baseline 0.002 -18"><span class='ocrx_word' id='word_1_264' title='bbox 93 2135 167 2160; x_wconf 89' lang='lat' dir='ltr'>nas</span> <span class='ocrx_word' id='word_1_265' title='bbox 195 2121 504 2176; x_wconf 83' lang='lat' dir='ltr'>obprimendos,</span> <span class='ocrx_word' id='word_1_266' title='bbox 534 2122 723 2177; x_wconf 90' lang='lat' dir='ltr'>undique</span> <span class='ocrx_word' id='word_1_267' title='bbox 758 2129 1067 2162; x_wconf 85' lang='lat' dir='ltr'>concurrerunt.</span> <span class='ocrx_word' id='word_1_268' title='bbox 1132 2122 1398 2171; x_wconf 84' lang='lat' dir='ltr'>Macedones,</span> <span class='ocrx_word' id='word_1_269' title='bbox 1435 2139 1504 2178; x_wconf 80' lang='lat' dir='ltr'>pa-</span> 
     </span>
     <span class='ocr_line' id='line_1_35' title="bbox 93 2177 1506 2234; baseline 0.003 -18"><span class='ocrx_word' id='word_1_270' title='bbox 93 2192 184 2217; x_wconf 87' lang='lat' dir='ltr'>rum</span> <span class='ocrx_word' id='word_1_271' title='bbox 209 2177 298 2218; x_wconf 89' lang='lat' dir='ltr'>loco</span> <span class='ocrx_word' id='word_1_272' title='bbox 317 2178 429 2228; x_wconf 85' lang='lat' dir='ltr'>freti,</span> <span class='ocrx_word' id='word_1_273' title='bbox 446 2179 498 2219; x_wconf 88' lang='lat' dir='ltr'>ab</span> <span class='ocrx_word' id='word_1_274' title='bbox 521 2179 707 2234; x_wconf 85' lang='lat' dir='ltr'>Ethopia</span> <span class='ocrx_word' id='word_1_275' title='bbox 726 2179 767 2219; x_wconf 92' lang='lat' dir='ltr'>in</span> <span class='ocrx_word' id='word_1_276' title='bbox 789 2178 976 2218; x_wconf 88' lang='lat' dir='ltr'>altiorem</span> <span class='ocrx_word' id='word_1_277' title='bbox 997 2177 1364 2234; x_wconf 85' lang='lat' dir='ltr'>deruptioremque</span> <span class='ocrx_word' id='word_1_278' title='bbox 1386 2181 1506 2220; x_wconf 83' lang='lat' dir='ltr'>undi-</span> 
     </span>
     <span class='ocr_line' id='line_1_36' title="bbox 92 2234 1503 2291; baseline 0.001 -17"><span class='ocrx_word' id='word_1_279' title='bbox 92 2249 176 2288; x_wconf 92' lang='lat' dir='ltr'>que</span> <span class='ocrx_word' id='word_1_280' title='bbox 198 2235 409 2276; x_wconf 85' lang='lat' dir='ltr'>tumulum</span> <span class='ocrx_word' id='word_1_281' title='bbox 440 2251 684 2276; x_wconf 84' lang='lat' dir='ltr'>concessere.</span> <span class='ocrx_word' id='word_1_282' title='bbox 716 2251 802 2291; x_wconf 87' lang='lat' dir='ltr'>quo</span> <span class='ocrx_word' id='word_1_283' title='bbox 822 2235 1015 2290; x_wconf 87' lang='lat' dir='ltr'>pluribus</span> <span class='ocrx_word' id='word_1_284' title='bbox 1044 2235 1143 2275; x_wconf 88' lang='lat' dir='ltr'>locis</span> <span class='ocrx_word' id='word_1_285' title='bbox 1173 2234 1290 2276; x_wconf 86' lang='lat' dir='ltr'>aditu</span> <span class='ocrx_word' id='word_1_286' title='bbox 1321 2236 1503 2286; x_wconf 84' lang='lat' dir='ltr'>invento,</span> 
     </span>
     <span class='ocr_line' id='line_1_37' title="bbox 94 2291 1504 2348; baseline 0.002 -18"><span class='ocrx_word' id='word_1_287' title='bbox 94 2291 291 2346; x_wconf 81' lang='lat' dir='ltr'>expulere</span> <span class='ocrx_word' id='word_1_288' title='bbox 311 2307 380 2332; x_wconf 87' lang='lat' dir='ltr'>eos</span> <span class='ocrx_word' id='word_1_289' title='bbox 400 2293 681 2333; x_wconf 84' lang='lat' dir='ltr'>Athamanes:</span> <span class='ocrx_word' id='word_1_290' title='bbox 714 2293 1021 2348; x_wconf 86' lang='lat' dir='ltr'>dispersosque,</span> <span class='ocrx_word' id='word_1_291' title='bbox 1043 2300 1084 2332; x_wconf 89' lang='lat' dir='ltr'>et</span> <span class='ocrx_word' id='word_1_292' title='bbox 1111 2307 1186 2347; x_wconf 88' lang='lat' dir='ltr'>per</span> <span class='ocrx_word' id='word_1_293' title='bbox 1215 2292 1346 2332; x_wconf 88' lang='lat' dir='ltr'>invias</span> <span class='ocrx_word' id='word_1_294' title='bbox 1377 2303 1504 2348; x_wconf 89' lang='lat' dir='ltr'>atque</span> 
     </span>
     <span class='ocr_line' id='line_1_38' title="bbox 94 2347 1501 2404; baseline 0.002 -18"><span class='ocrx_word' id='word_1_295' title='bbox 94 2347 257 2402; x_wconf 87' lang='lat' dir='ltr'>ignotas</span> <span class='ocrx_word' id='word_1_296' title='bbox 283 2364 408 2404; x_wconf 87' lang='lat' dir='ltr'>rupes</span> <span class='ocrx_word' id='word_1_297' title='bbox 437 2350 517 2390; x_wconf 90' lang='lat' dir='ltr'>iter</span> <span class='ocrx_word' id='word_1_298' title='bbox 544 2349 657 2403; x_wconf 86' lang='lat' dir='ltr'>fugae</span> <span class='ocrx_word' id='word_1_299' title='bbox 684 2364 765 2388; x_wconf 90' lang='lat' dir='ltr'>non</span> <span class='ocrx_word' id='word_1_300' title='bbox 795 2348 1076 2404; x_wconf 82' lang='lat' dir='ltr'>expedientes,</span> <span class='ocrx_word' id='word_1_301' title='bbox 1104 2349 1255 2403; x_wconf 85' lang='lat' dir='ltr'>partim</span> <span class='ocrx_word' id='word_1_302' title='bbox 1288 2360 1501 2404; x_wconf 82' lang='lat' dir='ltr'>ceperunt,</span> 
     </span>
     <span class='ocr_line' id='line_1_39' title="bbox 95 2405 1500 2461; baseline 0.002 -18"><span class='ocrx_word' id='word_1_303' title='bbox 95 2405 246 2457; x_wconf 86' lang='lat' dir='ltr'>partim</span> <span class='ocrx_word' id='word_1_304' title='bbox 276 2406 599 2446; x_wconf 88' lang='lat' dir='ltr'>interfecerunt:</span> <span class='ocrx_word' id='word_1_305' title='bbox 631 2405 753 2446; x_wconf 87' lang='lat' dir='ltr'>multi</span> <span class='ocrx_word' id='word_1_306' title='bbox 785 2420 935 2460; x_wconf 84' lang='lat' dir='ltr'>pavore</span> <span class='ocrx_word' id='word_1_307' title='bbox 965 2405 1005 2445; x_wconf 92' lang='lat' dir='ltr'>in</span> <span class='ocrx_word' id='word_1_308' title='bbox 1027 2405 1207 2460; x_wconf 83' lang='lat' dir='ltr'>derupta</span> <span class='ocrx_word' id='word_1_309' title='bbox 1236 2407 1500 2461; x_wconf 77' lang='lat' dir='ltr'>praecipitati,</span> 
     </span>
    </p>
   </div>
   <div class='ocr_carea' id='block_1_3' title="bbox 96 2556 1503 2816">
    <p class='ocr_par' dir='ltr' id='par_1_4' title="bbox 96 2556 1503 2816">
     <span class='ocr_line' id='line_1_40' title="bbox 144 2556 1500 2601; baseline 0.003 -16"><span class='ocrx_word' id='word_1_310' title='bbox 144 2556 164 2586; x_wconf 87' lang='lat'><strong>3</strong></span> <span class='ocrx_word' id='word_1_311' title='bbox 193 2556 390 2600; x_wconf 79' lang='lat' dir='ltr'>suffecissent]</span> <span class='ocrx_word' id='word_1_312' title='bbox 436 2559 568 2601; x_wconf 86' lang='lat' dir='ltr'>Aliquot</span> <span class='ocrx_word' id='word_1_313' title='bbox 601 2561 695 2590; x_wconf 79' lang='lat' dir='ltr'>MSS.</span> <span class='ocrx_word' id='word_1_314' title='bbox 725 2559 779 2589; x_wconf 80' lang='lat' dir='ltr'>ha-</span> <span class='ocrx_word' id='word_1_315' title='bbox 824 2564 888 2589; x_wconf 88' lang='lat' dir='ltr'>tum</span> <span class='ocrx_word' id='word_1_316' title='bbox 905 2563 960 2588; x_wconf 86' lang='lat' dir='ltr'>est.</span> <span class='ocrx_word' id='word_1_317' title='bbox 1005 2557 1132 2588; x_wconf 79' lang='lat' dir='ltr'>Medius</span> <span class='ocrx_word' id='word_1_318' title='bbox 1155 2562 1284 2589; x_wconf 77' lang='lat' dir='ltr'>testatur</span> <span class='ocrx_word' id='word_1_319' title='bbox 1302 2558 1333 2589; x_wconf 88' lang='lat' dir='ltr'>in</span> <span class='ocrx_word' id='word_1_320' title='bbox 1351 2560 1500 2590; x_wconf 79' lang='lat' dir='ltr'>membra-</span> 
     </span>
     <span class='ocr_line' id='line_1_41' title="bbox 96 2599 1501 2644; baseline 0.001 -15"><span class='ocrx_word' id='word_1_321' title='bbox 96 2599 183 2634; x_wconf 88' lang='lat' dir='ltr'>bent,</span> <span class='ocrx_word' id='word_1_322' title='bbox 208 2605 286 2630; x_wconf 83' lang='lat' dir='ltr'>teste</span> <span class='ocrx_word' id='word_1_323' title='bbox 314 2602 384 2632; x_wconf 86' lang='lat' dir='ltr'>Jac.</span> <span class='ocrx_word' id='word_1_324' title='bbox 412 2602 579 2639; x_wconf 83' lang='lat' dir='ltr'>Gronovio,</span> <span class='ocrx_word' id='word_1_325' title='bbox 606 2603 801 2644; x_wconf 65' lang='lat' dir='ltr'>sufficerent.⁴</span> <span class='ocrx_word' id='word_1_326' title='bbox 825 2602 873 2631; x_wconf 86' lang='lat' dir='ltr'>nis</span> <span class='ocrx_word' id='word_1_327' title='bbox 899 2601 961 2631; x_wconf 85' lang='lat' dir='ltr'>suis</span> <span class='ocrx_word' id='word_1_328' title='bbox 987 2602 1044 2631; x_wconf 93' lang='lat' dir='ltr'>sub</span> <span class='ocrx_word' id='word_1_329' title='bbox 1070 2601 1161 2631; x_wconf 82' lang='lat' dir='ltr'>finem</span> <span class='ocrx_word' id='word_1_330' title='bbox 1190 2600 1282 2642; x_wconf 81' lang='lat' dir='ltr'>hujus</span> <span class='ocrx_word' id='word_1_331' title='bbox 1310 2602 1419 2644; x_wconf 79' lang='lat' dir='ltr'>capitis</span> <span class='ocrx_word' id='word_1_332' title='bbox 1443 2603 1501 2640; x_wconf 67' lang='lat' dir='ltr'>legi</span> 
     </span>
     <span class='ocr_line' id='line_1_42' title="bbox 102 2641 1503 2687; baseline 0.003 -17"><span class='ocrx_word' id='word_1_333' title='bbox 102 2641 234 2671; x_wconf 83' lang='lat' dir='ltr'>Accedit</span> <span class='ocrx_word' id='word_1_334' title='bbox 259 2642 296 2673; x_wconf 87' lang='lat' dir='ltr'>iis</span> <span class='ocrx_word' id='word_1_335' title='bbox 321 2649 422 2675; x_wconf 84' lang='lat' dir='ltr'>noster</span> <span class='ocrx_word' id='word_1_336' title='bbox 448 2645 635 2676; x_wconf 76' lang='lat' dir='ltr'>Victorinus.</span> <span class='ocrx_word' id='word_1_337' title='bbox 680 2645 783 2686; x_wconf 87' lang='lat' dir='ltr'>Atque</span> <span class='ocrx_word' id='word_1_338' title='bbox 827 2646 964 2683; x_wconf 78' lang='lat' dir='ltr'>Alopam:</span> <span class='ocrx_word' id='word_1_339' title='bbox 1001 2644 1089 2685; x_wconf 83' lang='lat' dir='ltr'>cujus</span> <span class='ocrx_word' id='word_1_340' title='bbox 1118 2643 1251 2674; x_wconf 87' lang='lat' dir='ltr'>nominis</span> <span class='ocrx_word' id='word_1_341' title='bbox 1279 2644 1381 2687; x_wconf 84' lang='lat' dir='ltr'>plures</span> <span class='ocrx_word' id='word_1_342' title='bbox 1414 2645 1503 2674; x_wconf 77' lang='lat' dir='ltr'>urbes</span> 
     </span>
     <span class='ocr_line' id='line_1_43' title="bbox 101 2683 1500 2729; baseline 0.001 -16"><span class='ocrx_word' id='word_1_343' title='bbox 101 2684 134 2714; x_wconf 87' lang='lat' dir='ltr'>id</span> <span class='ocrx_word' id='word_1_344' title='bbox 160 2683 280 2714; x_wconf 84' lang='lat' dir='ltr'>videtur</span> <span class='ocrx_word' id='word_1_345' title='bbox 305 2687 385 2717; x_wconf 86' lang='lat' dir='ltr'>male</span> <span class='ocrx_word' id='word_1_346' title='bbox 407 2693 559 2718; x_wconf 81' lang='lat' dir='ltr'>mutatum</span> <span class='ocrx_word' id='word_1_347' title='bbox 586 2689 625 2719; x_wconf 78' lang='lat' dir='ltr'>ab</span> <span class='ocrx_word' id='word_1_348' title='bbox 651 2688 699 2723; x_wconf 78' lang='lat' dir='ltr'>iis,</span> <span class='ocrx_word' id='word_1_349' title='bbox 724 2688 777 2729; x_wconf 87' lang='lat' dir='ltr'>qui</span> <span class='ocrx_word' id='word_1_350' title='bbox 821 2687 1269 2722; x_wconf 73' lang='lat' dir='ltr'>memoranturastrabone,l.</span> <span class='ocrx_word' id='word_1_351' title='bbox 1287 2688 1343 2717; x_wconf 78' lang='lat' dir='ltr'>[X.</span> <span class='ocrx_word' id='word_1_352' title='bbox 1358 2686 1500 2717; x_wconf 76' lang='lat' dir='ltr'>Meminit</span> 
     </span>
     <span class='ocr_line' id='line_1_44' title="bbox 98 2726 1502 2772; baseline 0.001 -16"><span class='ocrx_word' id='word_1_353' title='bbox 98 2726 252 2757; x_wconf 82' lang='lat' dir='ltr'>nescirent</span> <span class='ocrx_word' id='word_1_354' title='bbox 275 2727 330 2758; x_wconf 81' lang='lat' dir='ltr'>has</span> <span class='ocrx_word' id='word_1_355' title='bbox 353 2733 522 2772; x_wconf 78' lang='lat' dir='ltr'>temporum</span> <span class='ocrx_word' id='word_1_356' title='bbox 545 2731 577 2761; x_wconf 86' lang='lat' dir='ltr'>in</span> <span class='ocrx_word' id='word_1_357' title='bbox 599 2731 701 2762; x_wconf 84' lang='lat' dir='ltr'>verbis</span> <span class='ocrx_word' id='word_1_358' title='bbox 724 2742 776 2761; x_wconf 83' lang='lat' dir='ltr'>va-</span> <span class='ocrx_word' id='word_1_359' title='bbox 821 2740 942 2771; x_wconf 86' lang='lat' dir='ltr'>quoque</span> <span class='ocrx_word' id='word_1_360' title='bbox 959 2729 1079 2760; x_wconf 79' lang='lat' dir='ltr'>Plinius</span> <span class='ocrx_word' id='word_1_361' title='bbox 1101 2731 1203 2769; x_wconf 80' lang='lat' dir='ltr'>Alopes</span> <span class='ocrx_word' id='word_1_362' title='bbox 1225 2730 1256 2759; x_wconf 86' lang='lat' dir='ltr'>in</span> <span class='ocrx_word' id='word_1_363' title='bbox 1272 2730 1387 2763; x_wconf 77' lang='lat' dir='ltr'>Locris,</span> <span class='ocrx_word' id='word_1_364' title='bbox 1406 2729 1425 2758; x_wconf 84' lang='lat'>1.</span> <span class='ocrx_word' id='word_1_365' title='bbox 1443 2729 1502 2758; x_wconf 76' lang='lat' dir='ltr'>IV.</span> 
     </span>
     <span class='ocr_line' id='line_1_45' title="bbox 97 2769 1502 2816; baseline 0 -17"><span class='ocrx_word' id='word_1_366' title='bbox 97 2769 240 2801; x_wconf 81' lang='lat' dir='ltr'>riationes</span> <span class='ocrx_word' id='word_1_367' title='bbox 267 2770 306 2800; x_wconf 85' lang='lat' dir='ltr'>ab</span> <span class='ocrx_word' id='word_1_368' title='bbox 334 2771 455 2813; x_wconf 82' lang='lat' dir='ltr'>optimis</span> <span class='ocrx_word' id='word_1_369' title='bbox 484 2774 656 2816; x_wconf 86' lang='lat' dir='ltr'>quibusque</span> <span class='ocrx_word' id='word_1_370' title='bbox 682 2774 778 2815; x_wconf 86' lang='lat' dir='ltr'>scrip·</span> <span class='ocrx_word' id='word_1_371' title='bbox 822 2784 849 2803; x_wconf 91' lang='lat' dir='ltr'>c.</span> <span class='ocrx_word' id='word_1_372' title='bbox 879 2774 909 2804; x_wconf 94' lang='lat'>7.</span> <span class='ocrx_word' id='word_1_373' title='bbox 954 2773 992 2803; x_wconf 91' lang='lat' dir='ltr'>In</span> <span class='ocrx_word' id='word_1_374' title='bbox 1018 2773 1137 2803; x_wconf 80' lang='lat' dir='ltr'>Victor.</span> <span class='ocrx_word' id='word_1_375' title='bbox 1165 2772 1270 2803; x_wconf 84' lang='lat' dir='ltr'>codice</span> <span class='ocrx_word' id='word_1_376' title='bbox 1299 2771 1502 2801; x_wconf 80' lang='lat' dir='ltr'>deformatum</span> 
     </span>
    </p>
   </div>
   <div class='ocr_carea' id='block_1_4' title="bbox 95 2812 1506 2940">
    <p class='ocr_par' dir='ltr' id='par_1_5' title="bbox 95 2812 1506 2940">
     <span class='ocr_line' id='line_1_46' title="bbox 100 2812 1503 2857; baseline 0.001 -16"><span class='ocrx_word' id='word_1_377' title='bbox 100 2812 217 2842; x_wconf 84' lang='lat' dir='ltr'>toribus</span> <span class='ocrx_word' id='word_1_378' title='bbox 231 2813 336 2843; x_wconf 85' lang='lat' dir='ltr'>crebro</span> <span class='ocrx_word' id='word_1_379' title='bbox 350 2815 500 2856; x_wconf 80' lang='lat' dir='ltr'>usurpari.</span> <span class='ocrx_word' id='word_1_380' title='bbox 821 2821 951 2857; x_wconf 82' lang='lat' dir='ltr'>utroque</span> <span class='ocrx_word' id='word_1_381' title='bbox 982 2815 1048 2845; x_wconf 84' lang='lat' dir='ltr'>loco</span> <span class='ocrx_word' id='word_1_382' title='bbox 1077 2825 1188 2845; x_wconf 86' lang='lat' dir='ltr'>nomen</span> <span class='ocrx_word' id='word_1_383' title='bbox 1216 2814 1364 2845; x_wconf 75' lang='lat' dir='ltr'>occurrit:</span> <span class='ocrx_word' id='word_1_384' title='bbox 1406 2813 1503 2854; x_wconf 84' lang='lat' dir='ltr'>primo</span> 
     </span>
     <span class='ocr_line' id='line_1_47' title="bbox 142 2855 1215 2898; baseline 0.002 -14"><span class='ocrx_word' id='word_1_385' title='bbox 142 2856 161 2884; x_wconf 74' lang='lat'><strong>4</strong></span> <span class='ocrx_word' id='word_1_386' title='bbox 192 2855 342 2894; x_wconf 76' lang='lat' dir='ltr'>Ethopiam</span> <span class='ocrx_word' id='word_1_387' title='bbox 370 2858 524 2898; x_wconf 71' lang='lat' dir='ltr'>occupare]</span> <span class='ocrx_word' id='word_1_388' title='bbox 561 2858 708 2889; x_wconf 84' lang='lat' dir='ltr'>Similiter</span> <span class='ocrx_word' id='word_1_389' title='bbox 733 2858 778 2888; x_wconf 86' lang='lat' dir='ltr'>in-</span> <span class='ocrx_word' id='word_1_390' title='bbox 828 2859 989 2897; x_wconf 61' lang='lat' dir='ltr'>Ethr&#39;apam,</span> <span class='ocrx_word' id='word_1_391' title='bbox 1006 2857 1077 2887; x_wconf 89' lang='lat' dir='ltr'>dein</span> <span class='ocrx_word' id='word_1_392' title='bbox 1095 2857 1215 2896; x_wconf 68' lang='lat' dir='ltr'>Rapum.</span> 
     </span>
     <span class='ocr_line' id='line_1_48' title="bbox 95 2897 1506 2940; baseline 0 -13"><span class='ocrx_word' id='word_1_393' title='bbox 95 2897 142 2927; x_wconf 81' lang='lat' dir='ltr'>fra</span> <span class='ocrx_word' id='word_1_394' title='bbox 187 2899 361 2929; x_wconf 72' lang='lat' dir='ltr'>Athamanes</span> <span class='ocrx_word' id='word_1_395' title='bbox 415 2900 559 2940; x_wconf 79' lang='lat' dir='ltr'>AElnliqne</span> <span class='ocrx_word' id='word_1_396' title='bbox 614 2902 779 2940; x_wconf 77' lang='lat' dir='ltr'>Ethopiam.</span> <span class='ocrx_word' id='word_1_397' title='bbox 867 2903 886 2931; x_wconf 81' lang='grc'><em>5</em></span> <span class='ocrx_word' id='word_1_398' title='bbox 912 2901 1035 2930; x_wconf 75' lang='lat' dir='ltr'>Flumen</span> <span class='ocrx_word' id='word_1_399' title='bbox 1059 2901 1245 2939; x_wconf 40' lang='lat' dir='ltr'>trajecerint]</span> <span class='ocrx_word' id='word_1_400' title='bbox 1275 2898 1443 2934; x_wconf 81' lang='lat' dir='ltr'>Quodnam</span> <span class='ocrx_word' id='word_1_401' title='bbox 1467 2898 1506 2928; x_wconf 76' lang='lat' dir='ltr'>sit</span> 
     </span>
    </p>
   </div>
   <div class='ocr_carea' id='block_1_5' title="bbox 104 2940 1505 3024">
    <p class='ocr_par' dir='ltr' id='par_1_6' title="bbox 104 2940 1505 3024">
     <span class='ocr_line' id='line_1_49' title="bbox 104 2940 1505 2984; baseline -0.001 -14"><span class='ocrx_word' id='word_1_402' title='bbox 104 2940 163 2970; x_wconf 87' lang='lat' dir='ltr'>Sed</span> <span class='ocrx_word' id='word_1_403' title='bbox 193 2941 250 2970; x_wconf 82' lang='lat' dir='ltr'>hoc</span> <span class='ocrx_word' id='word_1_404' title='bbox 280 2951 390 2971; x_wconf 88' lang='lat' dir='ltr'>nomen</span> <span class='ocrx_word' id='word_1_405' title='bbox 425 2942 616 2984; x_wconf 69' lang='lat' dir='ltr'>Geographis</span> <span class='ocrx_word' id='word_1_406' title='bbox 644 2943 780 2983; x_wconf 81' lang='lat' dir='ltr'>incogni-</span> <span class='ocrx_word' id='word_1_407' title='bbox 827 2943 903 2973; x_wconf 85' lang='lat' dir='ltr'>illud</span> <span class='ocrx_word' id='word_1_408' title='bbox 928 2943 1051 2977; x_wconf 56' lang='lat' dir='ltr'>flumen,</span> <span class='ocrx_word' id='word_1_409' title='bbox 1069 2942 1204 2973; x_wconf 84' lang='lat' dir='ltr'>indicare</span> <span class='ocrx_word' id='word_1_410' title='bbox 1227 2941 1371 2971; x_wconf 80' lang='lat' dir='ltr'>debuerat</span> <span class='ocrx_word' id='word_1_411' title='bbox 1389 2940 1505 2971; x_wconf 70' lang='lat' dir='ltr'>Livius.</span> 
     </span>
     <span class='ocr_line' id='line_1_50' title="bbox 156 2997 901 3024; baseline 0.004 -3"><span class='ocrx_word' id='word_1_412' title='bbox 156 2997 249 3023; x_wconf 54' lang='lat' dir='ltr'>YOL.</span> <span class='ocrx_word' id='word_1_413' title='bbox 275 2997 343 3023; x_wconf 78' lang='grc' dir='ltr'><strong>ΙΙΙ.</strong></span> <span class='ocrx_word' id='word_1_414' title='bbox 882 3000 901 3024; x_wconf 87' lang='lat' dir='ltr'>Z</span> 
     </span>
    </p>
   </div>
  </div>
 </body>
</html>
