1947 3222
513 138 630 175 LIB.
661 134 897 174 XXXVIII.
936 136 1067 172 CAP.
1097 135 1213 172 XIII.
1494 141 1567 179 347

154 253 244 287 autn
266 247 389 287 armis
408 246 575 295 subacti,
597 251 669 286 aut
689 245 908 294 voluntate,
932 244 976 283 in
1006 243 1196 283 ditionem
1221 245 1367 297 populi
1387 245 1569 287 Romani
1582 251 1622 283 U.
1635 251 1672 283 C.
1684 253 1760 283 563.

154 311 357 352 venerunt,
373 318 422 343 ne
441 317 550 357 quem
571 316 702 343 eorum
719 301 858 341 AEtoli
877 302 1070 353 recepisse
1084 302 1220 340 velint.
1283 302 1470 342 OEniadce
1484 318 1568 343 cum
1581 294 1619 326 Α·
1634 294 1672 327 C·
1689 296 1760 327 189.

155 361 250 401 urhe
269 363 456 414 agrisque
483 360 746 400 Acarnanum
774 365 902 399 sunto.
964 357 1046 398 His
1075 357 1240 412 legibus
1270 358 1408 399 foedus
1438 360 1569 401 ictum

157 433 249 459 cum
273 417 424 458 AEtolis
444 424 517 457 est.

215 475 327 515 XII.
361 473 519 514 Eadem
550 488 632 514 non
662 481 805 514 aestate
833 472 982 521 solum,
1009 472 1078 513 sed
1110 471 1233 512 etiam
1264 471 1411 512 iisdem
1441 487 1569 529 prope

157 531 318 580 diebus,
351 529 506 585 quibus
536 530 626 571 haec
660 546 684 571 a
720 530 783 570 M.
815 529 967 570 Fulvio
997 528 1164 569 consule
1195 529 1236 568 in
1268 527 1425 569 sEtolia
1454 538 1571 584 gesta

157 596 266 636 sunt,
289 587 432 627 consul
462 586 566 628 alter
599 588 674 628 Cn.
699 586 887 627 Manlius
917 586 960 627 in
993 585 1270 641 Gallograecia
1293 585 1451 626 bellum
1481 602 1570 641 ges·
1584 593 1783 624 Bellumcum

155 644 223 694 sit,
245 643 359 699 quod
380 659 490 685 nunc
510 644 638 685 ordiri
659 659 842 700 pergam.
905 644 1010 683 Vere
1031 642 1166 698 primo
1188 642 1405 697 Ephesum
1427 643 1570 683 consul
1584 636 1755 695 Gallograe-

154 701 281 750 venit,
303 701 567 757 acceptisque
597 701 726 764 copiis
747 716 771 741 a
792 701 842 740 L.
864 699 1067 755 Scipione,
1090 707 1131 740 et
1162 699 1347 740 exercitu
1377 699 1569 749 lustrato,
1583 690 1637 710 ⁰¹⁵⁸

152 755 386 798 concionem
424 758 538 813 apud
580 758 730 799 milites
768 756 942 798 habuit:
989 772 1089 812 qua,
1125 755 1375 797 conlaudata
1412 755 1570 797 virtute

151 829 310 864 eorum,
332 814 447 869 quod
469 830 565 855 cum
586 815 798 856 Antiocho
831 829 912 854 uno
941 813 1090 869 proelio
1111 813 1399 863 debellassent,
1421 813 1572 854 adhor-

153 878 266 912 tatus
296 887 364 911 eos
395 871 449 912 ad
478 887 634 912 novum
664 887 760 912 cum
793 870 926 912 Gallis
957 870 1266 926 suscipiendum
1296 869 1467 920 bellum,
1496 870 1570 925 qui

151 936 192 968 et
223 927 389 969 auxiliis
410 929 670 970 Antiochum
695 928 917 984 juvissent,
940 937 980 968 et
1012 927 1114 967 adeo
1141 926 1344 967 indomita
1370 927 1572 968 haberent

152 984 332 1040 ingenia,
355 993 403 1026 ut
424 985 710 1041 nequidquam
732 984 969 1026 Antiochus
989 992 1152 1024 emotus
1173 983 1284 1024 ultra
1308 984 1415 1039 juga
1437 984 1572 1025 Tauri

153 1041 305 1082 montis
335 1050 454 1092 esset,
486 1042 563 1083 nisi
593 1043 886 1097 frangerentur
919 1057 1018 1097 opes
1051 1041 1285 1089 Gallorum,
1317 1040 1369 1081 de
1400 1056 1441 1080 se
1472 1057 1575 1096 quo-

154 1113 238 1154 que
268 1113 415 1154 pauca,
438 1115 511 1139 nec
541 1099 658 1149 falsa,
681 1114 755 1139 nec
785 1098 1006 1147 inmodica,
1033 1097 1196 1152 adjecit.
1260 1097 1370 1138 Laeti
1400 1097 1574 1138 militesx

153 1170 249 1195 cum
270 1155 479 1210 frequenti
510 1156 687 1196 adsensu
709 1155 917 1196 consulem
940 1153 1208 1203 audiverunt,
1230 1162 1391 1210 partem
1423 1154 1573 1195 virium

153 1212 353 1252 Antiochi
392 1212 520 1253 fuisse
557 1212 701 1254 Gallos
739 1212 978 1259 credentes3
1025 1227 1122 1265 rege
1164 1219 1373 1267 superato,
1410 1211 1574 1252 nullum

155 1277 411 1310 momentum
432 1270 474 1310 in
497 1269 592 1310 solis
619 1285 694 1325 per
724 1285 765 1310 se
789 1268 1009 1310 Gallorum
1030 1268 1157 1324 copiis
1178 1268 1278 1308 fore.
1340 1269 1574 1309 Eumenem

153 1325 269 1367 haud
298 1326 341 1366 in
372 1333 558 1382 tempore
588 1327 729 1367 abesse
760 1326 928 1377 (Romae
956 1334 1056 1366 tunc
1087 1327 1195 1377 erat)
1219 1325 1385 1366 credere
1413 1325 1572 1376 consul,

154 1397 331 1437 gnarum
372 1382 555 1424 locorum
592 1384 908 1438 hominumque,
944 1391 985 1423 et
1025 1382 1146 1438 cujus
1179 1382 1396 1424 interesset
1436 1382 1572 1438 frangi

155 1439 375 1480 Gallorum
410 1455 523 1495 opes.
598 1440 794 1481 Attalum
834 1440 965 1494 igitur
1005 1439 1175 1480 fratrem
1218 1440 1307 1495 ejus
1347 1439 1513 1480 arcessit
1549 1456 1574 1480 a

156 1497 376 1551 Pergamo,
397 1496 674 1552 hortatusque
694 1497 747 1537 ad
777 1495 1075 1552 capessendum
1101 1511 1239 1536 secum
1262 1495 1432 1545 bellum,
1454 1496 1575 1552 polli-

154 1561 315 1594 centem
346 1569 461 1594 suam
494 1569 748 1609 suorumque
777 1568 945 1609 operam
977 1553 1146 1593 domum
1169 1552 1223 1593 ad
1244 1553 1570 1609 comparandum

152 1609 340 1651 dimittit.
402 1611 563 1651 Paucos
594 1619 687 1666 post
716 1610 803 1651 dies
830 1610 1018 1666 profecto
1046 1610 1098 1650 ab
1131 1610 1302 1664 Epheso
1329 1610 1487 1650 consuli
1518 1610 1571 1650 ad

156 1666 418 1722 Magnesiam
439 1668 625 1708 obcurrit
646 1667 820 1708 Attalus
841 1682 937 1707 cum
966 1666 1077 1706 mille
1107 1665 1336 1722 peditibus,
1358 1666 1572 1722 equitibus

155 1722 359 1773 ducentis,
385 1724 589 1765 Athenaeo
613 1725 742 1765 fratre
767 1724 884 1780 jusso
914 1739 1010 1764 cum
1040 1722 1185 1764 ceteris
1206 1723 1334 1779 copiis
1357 1724 1571 1779 subsequi,

155 1781 444 1822 commendata
463 1781 512 1822 iis
533 1781 722 1822 custodia
745 1781 953 1836 Pergami,
971 1796 1077 1836 quos
1097 1779 1217 1821 fratri
1238 1796 1451 1836 regnoque
1467 1781 1573 1821 fidos

155 1836 362 1879 credebat.
425 1838 597 1887 Consul,
619 1837 868 1879 conlaudato
893 1838 1065 1893 juvene,
1095 1852 1190 1877 cum
1220 1838 1414 1878 omnibus
1444 1837 1573 1893 copiis

154 1893 207 1934 ad
231 1895 498 1936 Maeandrum
520 1910 778 1951 progressus,
801 1903 936 1935 castra
956 1893 1111 1950 posuit,
1135 1893 1235 1949 quia
1254 1894 1363 1935 vado
1384 1894 1571 1950 superari

153 1950 284 1991 amnis
304 1966 386 1992 non
407 1960 586 2008 poterat,
609 1960 650 1993 et
671 1951 963 1992 contrahendae
984 1966 1108 1991 naves
1129 1959 1245 1992 erant
1268 1951 1320 1992 ad
1342 1952 1571 1992 exercitum

153 2007 456 2063 trajiciendum.
520 2008 789 2064 Transgressi
825 2008 1092 2048 Maeandrum
1131 2007 1183 2048 ad
1221 2007 1381 2049 Hieran
1414 2009 1571 2049 Comen

151 2074 443 2119 pervenerunt.

211 2121 354 2162 XIII.
388 2121 549 2163 Fanum
571 2121 628 2163 ibi
649 2132 876 2177 augustum
912 2121 1118 2178 Apollinis
1148 2130 1189 2163 et
1215 2121 1454 2162 oraculum:
1489 2137 1570 2163 sor-

153 2185 215 2218 tes
249 2178 438 2220 versibus
472 2178 586 2219 haud
627 2178 848 2219 inconditis
888 2178 986 2219 dare
1021 2186 1136 2220 vates
1171 2178 1382 2220 dicuntur.
1459 2179 1573 2219 Hinc

153 2233 294 2275 alteris
314 2236 458 2277 castris
477 2236 531 2276 ad
560 2237 802 2291 Harpasum
823 2235 980 2276 flumen
1008 2244 1178 2277 ventum
1211 2243 1296 2276 est:
1330 2251 1415 2291 quo
1445 2235 1571 2291 legati

155 2290 208 2330 ab
238 2291 465 2333 Alabandis
495 2300 712 2341 venerunt,
741 2300 790 2333 ut
820 2292 1049 2342 castellum,
1081 2292 1197 2348 quod
1227 2293 1280 2333 ab
1310 2292 1409 2348 ipsis
1438 2307 1574 2348 nuper

157 2346 365 2400 descisset,
397 2358 470 2390 aut
501 2349 763 2399 auctoritate,
795 2358 869 2390 aut
899 2349 1038 2399 armis,
1070 2358 1236 2405 cogeret
1265 2350 1365 2405 jura
1399 2350 1574 2404 antiqua

453 2452 468 2469 Π
482 2455 535 2479 aut
549 2447 610 2478 del.
627 2448 725 2479 Gron.
742 2447 836 2479 Crev.
958 2452 975 2471 Χ
991 2450 1093 2479 milites
1108 2448 1170 2479 del.
1187 2448 1276 2479 Eaed.

160 2546 243 2576 Vict.
285 2549 422 2581 codicem
465 2551 579 2582 habere
625 2550 843 2592 comperimus.
887 2562 955 2581 sum
971 2551 1075 2587 fuisse,
1091 2557 1121 2582 et
1143 2551 1369 2592 imprudentem
1394 2561 1411 2581 a
1431 2551 1572 2592 Polybio,

164 2589 242 2636 Eam
284 2589 387 2632 itaque
429 2604 609 2634 germanam
652 2604 718 2624 esse
764 2594 844 2624 Livii
887 2604 980 2634 quem
1009 2594 1057 2624 hic
1081 2594 1234 2630 exscribit,
1258 2594 1290 2624 in
1312 2604 1442 2624 errorem
1465 2593 1573 2623 induc-

162 2637 341 2680 scrlpturarn
369 2635 544 2667 Perizonius
568 2636 732 2668 existimat.
779 2638 843 2668 Ve-
888 2642 952 2666 tum
971 2637 1074 2668 fuisse.
1122 2637 1209 2667 Idem
1230 2637 1311 2667 enim
1334 2647 1414 2667 error
1437 2642 1467 2666 et
1489 2635 1573 2676 apud

163 2684 229 2721 ΠΨ]
246 2674 316 2721 ¹{1de
333 2686 412 2707 nova
433 2680 566 2710 exoritur
588 2680 763 2710 difficultas.
807 2680 845 2710 T.
889 2680 1038 2711 Graecum
1066 2679 1243 2721 scriptorem
1271 2679 1430 2720 reperitur.
1490 2679 1572 2708 Eum

163 2718 310 2752 Quintius
330 2718 411 2748 enim
434 2730 494 2751 non
521 2733 589 2753 cum
615 2723 675 2753 Cn.
692 2721 843 2758 Domitio,
887 2722 948 2752 vid.
966 2724 1040 2763 Leg.
1063 2724 1114 2753 28.
1139 2722 1288 2764 Polybius
1310 2721 1402 2761 igitur
1425 2721 1573 2751 memoria

160 2759 214 2789 sed
244 2770 314 2790 cum
343 2761 380 2791 P.
398 2762 482 2793 AElio
508 2765 702 2795 consulatum
728 2765 841 2805 gessit:
886 2765 992 2806 lapsus
1018 2772 1082 2796 est:
1120 2771 1272 2795 errantem
1301 2770 1422 2794 secutus
1447 2769 1493 2793 est
1520 2764 1571 2793 Li-

163 2802 224 2848 ιοη.
248 2802 403 2834 Domitius
425 2815 496 2836 vero
518 2807 555 2837 L.
578 2807 698 2844 Quintii
722 2807 843 2848 collega
885 2808 962 2838 vius.
1008 2809 1088 2839 Haec
1117 2807 1212 2837 fusius
1235 2806 1371 2848 disputat
1397 2806 1573 2837 Perizonius

163 2853 194 2890 in
221 2845 383 2876 consulatu
407 2846 474 2877 fuit.
519 2849 699 2890 Respondet
721 2850 841 2881 Perizo-
886 2851 954 2882 loco
968 2861 1060 2892 supra
1077 2855 1252 2881 memorato.

163 2896 232 2917 mus
260 2887 379 2919 Livium
402 2888 450 2920 hic
478 2889 604 2922 humani
629 2892 745 2933 aliquid
773 2902 841 2934 pas-
