1947 3222
391 164 467 202 346
918 163 1064 202 TITI
1104 164 1275 202 LIVII

172 280 216 312 U.
230 279 267 311 c.
281 280 355 312 563.
386 273 479 313 dolo
493 274 608 314 malo.
669 272 737 314 Ne
754 286 866 327 quem
886 275 1115 324 exercitum,
1136 275 1207 328 qui
1228 275 1417 315 adversus
1437 274 1563 315 socios
1581 276 1801 330 amicosque

174 322 202 356 A
229 323 354 355 c.189.
385 344 519 370 eorum
548 331 724 380 ducetur,
747 344 825 383 per
834 331 950 384 fines
977 345 1066 372 suos
1093 333 1273 373 transire
1300 332 1447 377 sinito,·
1489 345 1585 372 neve
1611 333 1697 372 ulla
1726 347 1800 386 ope

370 385 532 440 juvato.
591 388 743 428 Hostes
763 389 913 428 eosdem
932 388 1089 438 habeto,
1111 402 1207 441 quos
1230 390 1402 441 populus
1422 389 1642 439 Romanus,
1663 404 1797 430 arma-

384 459 459 497 que
488 445 528 485 in
562 459 626 485 eos
641 445 778 499 serto,
812 444 1046 497 bellumque·
1071 446 1237 496 pariter
1264 447 1411 499 gerito.
1444 447 1657 500 perfugas,
1677 444 1797 501 fugi-

383 502 498 550 tivos,
520 503 774 556 captivosque
802 502 961 540 reddito
991 501 1190 542 Romanis
1217 503 1410 556 sociisque
1417 525 1432 549 ;
1458 510 1730 557 proeterquam
1759 505 1797 544 si

383 559 455 611 qui
473 560 597 613 capti,
621 573 735 612 quum
758 559 890 598 domos
916 558 1125 605 redissent,
1149 559 1290 598 iterum
1311 561 1423 612 capti
1441 567 1531 600 sunt
1539 583 1553 606 ;
1587 566 1657 600 aut
1671 561 1708 601 si
1727 562 1798 614 qui

382 629 428 654 co
456 621 631 669 tempore
660 630 707 654 ex
737 615 790 654 iis
818 615 931 666 capti
955 621 1061 665 sunt,
1082 616 1153 668 qui
1180 621 1261 655 tum
1280 616 1407 657 hostes
1435 624 1554 658 erant
1582 618 1793 667 Romanis,

382 671 537 726 ‘¹⁰qzcum
568 673 680 712 iutra
702 672 906 725 praesidia
935 672 1125 712 Romana
1155 672 1289 712 AEtolz'
1314 680 1450 713 essent.
1512 674 1697 714 Aliorum
1727 675 1799 728 qui

382 729 677 783 comparebunt,
714 730 828 769 intra
863 729 949 769 dies
982 735 1130 769 centum
1168 730 1463 784 Corcyroeorum
1492 731 1798 785 ”nagistratibus

381 787 468 827 sine
497 787 587 826 dolo
606 787 711 826 malo
731 787 971 826 tradantur.-
1003 787 1074 840 qui
1092 800 1172 826 non
1192 787 1486 840 comparebunt,
1507 789 1667 841 quando
1689 789 1798 842 quis-

382 857 457 897 que
476 857 607 883 eorum
619 844 797 896 primum
817 844 1157 898 z'nventusfuerit,
1179 845 1428 884 reddantur&
1451 844 1604 885 obsides
1623 846 1799 898 quadra-

375 902 499 954 ginta
529 900 736 941 arbitratu
764 901 933 941 consulis
966 900 1140 941 Romani
1171 902 1280 951 dato,
1308 915 1358 941 ne
1391 902 1563 942 minores
1591 903 1795 942 duodecim

381 971 590 1007 annorum,
623 972 698 997 neu
728 957 899 1011 majores
929 959 1218 1012 quadraginta.
1296 958 1415 999 obses
1443 974 1493 999 ne
1518 964 1598 999 esto
1624 965 1798 1011 praetor,

374 1016 592 1069 proefictus
621 1015 809 1068 equitum,
841 1015 970 1056 scriba
996 1015 1199 1068 publzcus:
1229 1030 1305 1056 neu
1335 1017 1437 1070 quis,
1469 1017 1540 1070 qui
1569 1022 1664 1056 ante
1693 1015 1801 1056 obses

362 1073 506 1127 sumit
521 1074 639 1138 ‘apud
658 1073 876 1112 Romanos.
920 1073 1183 1125 Cephallema
1206 1079 1322 1113 effvtta
1342 1074 1455 1125 pacis
1469 1075 1578 1128 leges
1596 1079 1689 1114 esto.
1730 1073 1798 1113 De

381 1130 569 1185 pecuniae
600 1144 774 1179 summa,
798 1144 925 1185 quam
955 1130 1198 1186 penderent,
1229 1129 1582 1186 pensionibusque
1612 1130 1716 1186 ejus,
1737 1129 1797 1170 ni-

380 1186 441 1226 hil
471 1202 522 1227 ex
558 1202 620 1236 eo,
652 1186 768 1241 quod
802 1200 895 1226 eum
933 1186 1101 1226 consule
1136 1194 1398 1236 convenerat,
1429 1195 1654 1228 mutatum.
1714 1187 1799 1227 Pro

380 1251 553 1299 argento
576 1243 608 1283 si
629 1258 777 1283 aurum
801 1242 900 1283 dare
920 1242 1105 1292 mallent,
1123 1242 1284 1293 darent,
1306 1258 1410 1284 conv
1413 1243 1524 1290 enit;
1556 1242 1588 1266 ‘²¹
1598 1243 1699 1284 dum
1721 1257 1798 1299 pro

379 1301 586 1355 argenteis
607 1299 747 1340 decem
769 1315 921 1340 aureus
942 1314 1051 1339 unus
1072 1299 1239 1340 valeret.
1309 1301 1410 1348 Quae
1438 1300 1566 1351 urbes,
1589 1301 1659 1363 qui
1688 1301 1796 1353 agri,

379 1358 451 1410 qui
480 1358 656 1397 homines
690 1356 920 1396 AEtolorum
942 1355 1057 1410 juris
1089 1356 1311 1410 aliquando
1329 1358 1523 1411 ficerunt,
1559 1357 1628 1411 qui
1662 1371 1794 1397 eorum

379 1414 413 1437 Η
428 1416 498 1455 Τ.υ
523 1413 717 1463 Quinctio
755 1414 828 1455 Cn.
859 1414 1044 1454 Domitio
1078 1414 1313 1464 consulibus,
1337 1420 1480 1467 postve
1511 1429 1574 1455 eos
1608 1415 1796 1466 consules,

505 1490 517 1506 ⁵
532 1487 636 1517 bellum
653 1486 751 1517 Gron.
768 1486 857 1516 Crev.
989 1487 998 1508 t
1015 1487 1158 1517 reddatur
1174 1486 1266 1518 Crev.
1395 1489 1410 1506 ¹¹
1429 1487 1467 1517 Τ.
1482 1486 1505 1518 1.
1521 1486 1558 1516 L.
1575 1486 1673 1517 Gron.

421 1549 462 1579 40
487 1548 586 1583 Quum
630 1550 711 1578 intra
744 1549 884 1587 praesidia
931 1547 1064 1578 Romana
1109 1547 1171 1578 Illa
1186 1547 1303 1578 suntin
1310 1548 1472 1603 NExcerpt.
1490 1548 1564 1588 Ieg-
1580 1548 1634 1578 28.
1656 1547 1746 1578 ἀντὶ.
1765 1569 1799 1579 ..

379 1593 470 1623 AEtali
504 1591 609 1632 essent]
655 1591 759 1631 Vulgo
799 1593 876 1621 inte-r
913 1592 1064 1630 proesidia.
1110 1591 1165 1620 νῶν
1180 1589 1249 1621 δέκα
1267 1604 1339 1629 μνων
1352 1590 1485 1634 ἀργυοῖι
1501 1590 1609 1632 χρυσίκ
1623 1592 1698 1629 μνᾶν
1713 1588 1796 1620 διδόν-

380 1635 545 1676 Sequimur
601 1633 848 1665 emendationem
904 1634 1064 1670 Gronovii,
1110 1646 1156 1667 τι,-
1227 1636 1287 1664 Pro
1323 1637 1417 1665 decem
1451 1636 1567 1676 argenti
1602 1635 1700 1671 minis,
1728 1634 1798 1664 auri

1110 1679 1219 1707 minam
1234 1678 1333 1708 danto.

1152 1720 1192 1749 42
1218 1720 1250 1749 T.
1278 1720 1415 1762 Quintio]
1462 1718 1592 1761 Vulgati
1628 1729 1710 1750 nune
1739 1718 1794 1750 ha-

1108 1762 1182 1792 bent
1210 1762 1248 1793 L.
1266 1763 1388 1796 Quintio
1423 1773 1461 1792 ex
1497 1761 1613 1803 Sigonii
1649 1761 1796 1792 emenda-

1108 1805 1199 1835 tione.
1259 1805 1350 1835 Hanc
1379 1805 1445 1846 ejus
1473 1805 1680 1846 conjecturam
1710 1804 1794 1835 Peri-

1109 1847 1224 1883 zonius,
1254 1847 1422 1878 Animadv.
1453 1847 1535 1878 Hist.
1563 1858 1591 1878 c.
1622 1849 1650 1878 l.
1683 1846 1797 1877 refellit

1105 1890 1210 1920 multis
1235 1889 1407 1931 validisque
1434 1889 1585 1921 rationum
1609 1889 1792 1927 momentis;

1105 1943 1226 1974 nempe,
1250 1932 1333 1974 quod
1357 1934 1391 1963 L.
1410 1933 1550 1970 Quintio,
1576 1933 1637 1964 Cn.
1652 1932 1793 1963 Domitio

378 1677 482 1708 nixam
512 1676 694 1708 auctoritate
728 1676 823 1718 ipsius
853 1676 944 1712 Livii,
975 1687 1067 1718 supra

378 1721 485 1751 XXV.
508 1722 559 1750 24.
582 1726 613 1751 et
635 1721 687 1750 31.
732 1720 815 1749 Inter
839 1721 977 1759 proesidia
1005 1720 1064 1750 Ro-

376 1774 475 1799 mana,
500 1763 531 1793 id
553 1769 609 1799 est,
634 1762 666 1792 in
688 1762 882 1797 exercitibus,
904 1762 936 1792 in
958 1762 1065 1793 castris

379 1800 542 1837 Romanis.
588 1806 763 1836 Praesidium
787 1806 868 1836 enirn
884 1811 931 1836 est
952 1804 984 1835 id
999 1816 1064 1836 om-

377 1858 416 1880 ne
445 1860 505 1890 quo
533 1848 651 1889 aliquid
677 1847 863 1884 defenditur,
892 1848 973 1887 (vid.
1000 1853 1064 1879 not.

378 1891 418 1922 ad
444 1892 467 1923 l.
493 1892 638 1922 XXVII.
666 1901 692 1921 c-
720 1891 790 1930 44.)
817 1896 942 1932 tamque
970 1890 1060 1921 intel-

377 1933 431 1975 ligi
467 1940 568 1976 potest
603 1933 642 1964 de
679 1933 863 1964 exercitibus
902 1933 1060 1968 universis,

377 1988 472 2019 quam
495 1977 533 2008 de
556 1976 672 2007 minore
694 1976 826 2006 militum
851 1987 989 2012 numero,
1014 1982 1061 2007 tu-

376 2021 464 2051 endae
484 2020 577 2051 alicui
599 2019 726 2060 regioni,
741 2020 790 2050 vel
813 2019 890 2054 loco,
907 2019 1062 2050 attributo.

378 2064 455 2094 Haec
485 2070 588 2094 autem
616 2062 730 2093 locutio
753 2064 833 2093 iutra
856 2064 993 2100 proesiclia
1017 2063 1063 2092 vi-

375 2105 466 2136 detur
490 2106 530 2137 ad
556 2115 608 2137 eos
632 2111 754 2136 tantum
778 2105 928 2147 pertinere
953 2105 1007 2146 qui
1032 2105 1064 2135 in

376 2149 509 2197 alicujus
545 2148 625 2190 regis
654 2148 700 2179 vel
728 2148 833 2190 populi
867 2148 1062 2184 exercitibus,

375 2193 492 2227 castris,
515 2197 665 2233 tanquam
689 2191 772 2226 socri,
790 2190 965 2228 auxiliares,
982 2191 1064 2221 ami-

375 2234 415 2270 ci,
455 2241 621 2270 versantur,
659 2244 719 2264 non
751 2234 789 2264 de
823 2233 950 2276 propriis
979 2233 1064 2265 illius

377 2277 457 2318 regis
493 2277 541 2307 vel
577 2275 682 2318 populi
717 2277 824 2318 copiis.
852 2277 926 2307 xid.
954 2287 981 2307 c.
1010 2278 1062 2308 48.

377 2320 469 2360 hujus
482 2320 563 2355 libri
578 2320 645 2350 etl.
662 2320 788 2349 XLIII.
804 2329 831 2350 e.
848 2320 878 2350 7.

418 2364 456 2393 41
484 2363 565 2393 Dum
589 2374 642 2402 pro
666 2364 809 2404 argenteas
832 2364 928 2393 decem
953 2372 1060 2394 armeus

375 2417 453 2436 unus
477 2406 602 2446 valeret]
638 2405 792 2447 Principio
818 2404 1057 2446 quindecuplam

377 2448 442 2479 auri
465 2449 505 2479 ad
529 2453 689 2489 argentum
709 2449 935 2490 proportionem
953 2448 1062 2478 Romae

376 2497 528 2522 servatam
552 2491 644 2521 fuisse
669 2496 807 2521 statuunt
837 2491 1010 2522 Gronovius
1032 2496 1063 2521 et

377 2535 525 2569 Budaeus
543 2534 620 2564 alter
634 2533 656 2563 l.
675 2534 738 2564 111.
755 2534 792 2564 de
810 2535 882 2564 I'ec.
897 2535 971 2565 Vet.
988 2544 1016 2563 c.
1031 2535 1062 2564 4.

377 2577 488 2608 alterl.
506 2577 570 2607 111.
589 2575 627 2606 de
652 2576 740 2611 Asse,
765 2576 905 2617 hancque
929 2576 1062 2607 aestima-

376 2620 490 2651 tionem
519 2630 556 2650 ex
594 2618 696 2649 Plinio
732 2620 873 2660 probant.
932 2620 1060 2653 lerum,

375 2668 538 2704 postquam
555 2661 619 2693 aun'
635 2661 721 2703 copia
739 2672 835 2702 maJor
860 2662 971 2692 Roma:
993 2661 1060 2698 suit,

377 2712 442 2736 tum
471 2706 537 2747 ejus
586 2704 694 2735 retium
724 2704 827 2735 decrcs
814 2715 895 2734 <cere
924 2704 1057 2751 incepit.

377 2749 503 2789 aurique
533 2716 583 2778 ari)
609 2752 769 2788 argentum
799 2746 962 2789 proportio,
991 2757 1060 2787 quae

376 2792 474 2832 primo
496 2790 715 2832 quindecupla,
738 2800 802 2831 Jatn
831 2789 963 2830 decupla
990 2795 1058 2819 tan-

377 2839 440 2863 tum
465 2833 547 2865 facta
569 2840 626 2869 est,
645 2839 678 2863 ut
700 2838 819 2863 constat
841 2843 877 2863 ex
902 2831 957 2862 hoc
982 2832 1058 2865 loco,

377 2876 543 2917 praesertim
568 2877 592 2907 si
615 2887 685 2907 euin
708 2876 847 2907 conferas
869 2886 938 2905 curn
962 2875 1061 2905 verbis

379 2919 512 2961 l‘olybii,
541 2931 578 2951 cx
608 2930 669 2961 quo
698 2918 824 2961 sumpsit
849 2918 916 2949 liaec
942 2918 1060 2949 Livius.

1106 1986 1184 2006 coss,
1211 1975 1286 2006 nihil
1311 1975 1354 2006 rei
1379 1975 1413 2006 in
1442 1976 1566 2007 Graecia
1589 1981 1708 2017 gestum
1734 1975 1792 2013 sit3

1107 2017 1189 2059 quod
1205 2028 1297 2066 supra
1312 2030 1339 2050 c.
1355 2020 1387 2049 9.
1402 2018 1455 2049 ubi
1478 2018 1585 2050 consul
1607 2028 1678 2048 cum
1701 2019 1794 2049 AEto-

1106 2061 1145 2092 lis
1171 2061 1348 2103 paciscitur,
1377 2066 1521 2092 vetantur
1547 2060 1592 2092 illi
1619 2060 1716 2092 ullam
1745 2071 1796 2092 ur·

1106 2104 1177 2135 bem
1200 2104 1340 2135 formulae
1363 2104 1409 2134 sui
1427 2104 1505 2146 juris
1520 2103 1632 2140 facere,
1647 2113 1718 2144 quae
1731 2110 1794 2143 post

1109 2149 1138 2177 id
1164 2154 1284 2186 tempus,
1307 2158 1362 2188 quo
1379 2147 1412 2178 T.
1430 2147 1570 2182 Quintius
1591 2148 1623 2177 in
1648 2148 1794 2176 Graeciam

1109 2192 1277 2229 trajecisset,
1292 2189 1324 2221 in
1344 2190 1556 2221 Romanorum
1580 2188 1710 2220 venisset
1725 2195 1793 2230 pot-

1108 2238 1246 2269 estatem,
1293 2238 1347 2263 aut
1390 2242 1455 2264 sese
1503 2231 1539 2264 iis
1582 2230 1793 2273 adjunxisset;

1110 2275 1194 2317 quod
1211 2286 1279 2306 eam
1294 2275 1394 2316 legem
1417 2286 1488 2317 quae
1504 2286 1523 2306 a
1537 2274 1646 2306 Fulvio
1667 2273 1793 2305 consule

1111 2319 1168 2350 hac
1194 2318 1225 2348 in
1251 2328 1282 2350 re
1307 2318 1390 2349 dicta
1416 2318 1532 2350 AEtolis
1558 2317 1667 2351 fuerat,
1690 2322 1793 2347 muta·

1106 2367 1169 2392 tam
1193 2371 1259 2392 esse
1282 2371 1301 2392 a
1323 2367 1430 2392 senatu
1454 2359 1630 2391 nullomodo
1655 2357 1693 2390 sit
1715 2358 1794 2390 veri-

1106 2404 1217 2435 simile.
1263 2405 1368 2441 Quum
1384 2404 1466 2435 enim
1485 2413 1539 2434 sex
1562 2401 1650 2433 annis
1672 2407 1741 2443 post
1754 2402 1791 2433 T.

1107 2447 1272 2484 Quintium
1298 2447 1456 2477 consulem
1486 2446 1521 2476 L.
1544 2444 1691 2481 Quintius
1717 2455 1789 2475 con-

1106 2490 1152 2521 sul
1183 2489 1283 2525 suerit,
1315 2490 1421 2520 Patres
1455 2487 1641 2518 infestissimi
1677 2487 1793 2518 AEltolis

1106 2532 1209 2563 mitius
1234 2538 1336 2562 tamen
1364 2541 1435 2563 cum
1463 2531 1508 2561 eis
1534 2537 1671 2570 agerent,
1696 2540 1791 2571 quam

1110 2575 1234 2606 Fulvius
1256 2575 1380 2609 fecerat,
1405 2579 1496 2613 atque
1519 2573 1612 2603 etiam
1640 2572 1790 2604 concede-

1106 2624 1174 2648 rent
1188 2618 1226 2648 iis
1241 2623 1274 2647 ut
1296 2616 1487 2647 contribuere
1510 2615 1566 2646 sibi
1582 2621 1704 2662 possent
1718 2615 1790 2646 illas

1105 2660 1274 2691 Thessalia:
1302 2659 1450 2695 civitates,
1482 2669 1560 2700 quas
1587 2669 1630 2689 eis
1665 2657 1792 2689 reddere

1104 2702 1145 2733 ita
1172 2701 1367 2744 pertinaciter
1394 2707 1619 2737 recusaverant,
1649 2706 1683 2732 ut
1709 2700 1789 2731 mal-

1103 2745 1167 2775 lent
1181 2755 1233 2775 eos
1248 2744 1287 2774 ad
1303 2745 1418 2774 bellum
1434 2745 1569 2784 adigere,
1586 2754 1679 2785 quam
1695 2743 1788 2774 dece-

1103 2787 1173 2818 dere
1190 2787 1228 2818 de
1243 2787 1403 2817 sententia.
1452 2787 1593 2827 Denique
1608 2787 1785 2818 Glareanus

1103 2836 1133 2860 et
1161 2829 1302 2865 Sigonius
1327 2830 1390 2871 ipse
1422 2836 1515 2860 testes
1543 2835 1612 2859 sunt
1640 2829 1712 2860 olim
1736 2828 1785 2859 hic

1103 2872 1248 2914 scriptum
1273 2873 1363 2904 fuisse
1389 2873 1421 2904 T.
1446 2873 1578 2909 Quintia,
1604 2874 1658 2901 (η.
1684 2871 1786 2901 Domi-

1105 2917 1144 2946 tio
1168 2927 1233 2947 coss.
1293 2916 1330 2946 Et
1360 2926 1402 2947 sic
1433 2925 1536 2948 revera
1569 2914 1725 2946 Andrean]
1754 2918 1785 2945 et
