1947 3222
489 77 523 114 L
538 76 555 115 I
569 76 614 114 B.
641 74 832 114 XXXVI.
873 75 904 113 C
917 75 953 112 A
968 74 1009 112 P.
1038 75 1169 114 XLII.
1458 81 1530 121 271

122 185 278 247 8311113,
298 194 344 228 ut
365 200 451 227 suae
471 184 655 227 victoriae
674 184 816 225 fructu
839 198 882 224 se
902 182 1186 235 defraudaret,
1203 200 1337 242 quum
1356 185 1534 228 disseru-
1548 197 1589 229 U.
1604 197 1642 229 C.
1651 197 1725 229 561.

123 241 236 292 isset,
258 243 408 284 milites
428 249 716 284 exauctoratos
737 240 909 282 dimisit.
1546 240 1586 271 Λ·
1600 240 1636 271 (3·
1653 241 1725 272 191.

183 299 312 340 XLI.
345 300 460 340 Dum
480 298 594 339 haec
585 313 627 339 111
650 297 776 339 Italia
794 305 1016 353 geruntur,
1039 297 1275 339 Antiochus
1297 299 1453 355 Ephesi
1475 316 1534 342 se-
1545 310 1691 342 Antiochi

124 369 251 396 curus
271 356 496 397 admodum
517 355 569 396 de
596 354 706 396 bello
728 355 919 396 Romano
939 362 1044 405 erat,
1065 363 1280 419 tamquam
1300 371 1383 397 non
1404 365 1535 398 trans-
1546 354 1703 385 securitas.

124 411 246 453 ituris
275 413 318 453 in
338 413 483 454 Asiam
507 412 720 453 Romanis.
752 427 879 467 quam
910 411 1173 453 securitatem
1195 428 1231 453 e1
1260 428 1412 468 magna
1438 427 1536 468 pars

124 468 347 510 amicorum
370 477 443 510 aut
439 484 539 549 per
559 484 754 519 errorem,
776 477 850 510 aut
880 468 1136 510 adsentando
1165 469 1357 510 faciebat.
1418 470 1537 511 Han-

124 525 237 566 nibal
269 525 437 576 unus,2
439 525 587 582 4cujus
616 541 665 566 eo
700 535 886 591 tempore
915 526 981 567 vel
1011 526 1220 567 maximas
1249 526 1365 582 apud
1391 541 1537 590 1686111

125 582 350 624 auctoritas
379 591 482 633 erat,
514 584 659 638 inagis
689 584 834 623 mirari
862 598 916 634 se,
945 583 1098 634 aiebat,
1128 585 1235 637 quod
1266 597 1345 623 non
1368 598 1462 637 yam
1493 584 1672 624 inMonita

123 638 228 679 Asia
248 646 375 680 essent
394 641 587 689 Romam,
611 655 726 695 quam
749 647 933 681 venturos
953 640 1149 681 dubita7e.
1200 640 1233 664 ‘²⁵
1248 641 1424 694 Propius
1443 655 1538 691 esse,
1551 631 1748 663 Hanmbalis.

123 696 168 735 in
187 695 327 736 Asiam
348 712 398 737 ex
417 697 597 746 Grcecia,
621 712 738 752 quam
759 713 808 738 ea:
827 698 958 739 Italia
979 698 1022 738 in
1043 697 1251 738 Graeciam
1270 697 1480 752 trajicere:
1500 705 1540 739 et

122 753 242 792 multo
262 753 449 820 majorem
476 770 658 796 caussam
678 755 934 804 Antiochum,
956 769 1074 809 quam
1095 755 1270 805 AEtolos,
1292 770 1384 796 esse.
1415 769 1541 810 neque

123 811 228 850 enim
248 813 355 852 mari
384 814 527 862 minus,
550 827 666 866 quam
687 819 814 862 terra,
833 814 983 865 pollere
1004 812 1192 853 Romana
1212 827 1342 853 arma.
1358 811 1541 867 J'ampri-

123 868 210 907 dem
230 869 391 909 classem
412 871 521 910 circa
544 871 725 910 Maleam
747 884 838 910 esse.
889 870 1044 910 Audire
1064 883 1158 918 sese,
1177 884 1306 922 nuper
1325 884 1448 911 novas
1467 884 1540 910 na-

122 938 187 964 ves
202 939 420 981 novumque
435 929 713 980 imperatorem
731 928 790 967 rei
804 928 995 981 gerendae
1009 940 1149 967 caussa
1165 942 1213 967 ea·
1225 927 1358 968 Italia
1375 929 1539 968 venisse.

124 982 272 1035 Itaque
287 985 484 1025 desineret
498 984 720 1025 Antiochus
738 998 875 1037 pacem
894 984 975 1024 sihi
989 985 1074 1036 ipse
1094 997 1163 1036 spe
1183 998 1290 1025 vana
1294 985 1455 1037 facere.
1486 986 1540 1025 In

124 1038 243 1089 Asia,
264 1047 303 1081 et
323 1042 372 1081 cle
392 1043 482 1095 ipsa
502 1043 619 1091 Asia,
641 1042 752 1082 brevi
770 1048 883 1081 terra
904 1042 1085 1095 marique
1105 1042 1386 1082 dimicandum
1396 1043 1435 1082 ei
1454 1056 1539 1082 cum

125 1096 322 1139 Romanis
351 1113 452 1138 esse.-
483 1104 521 1138 et
548 1105 620 1139 aut
650 1100 860 1151 imperium
890 1098 1143 1138 adimendum
1173 1098 1307 1138 orbem
1337 1105 1540 1140 terrarum

122 1154 434 1208 adfectantibus,
466 1162 538 1196 aut
567 1156 648 1209 ipsi
677 1169 840 1209 regnum
870 1157 1145 1196 amittendum.
1206 1156 1330 1196 Unus
1364 1171 1463 1197 vera
1496 1165 1539 1198 et

125 1210 358 1264 providere,
380 1221 421 1254 et
442 1212 621 1254 fideliter
641 1212 868 1268 praedlcere
888 1213 1015 1253 visus.
1046 1212 1190 1268 itaque
1219 1213 1308 1268 ipse
1327 1227 1401 1254 rex
1422 1213 1539 1254 navi-

123 1266 218 1317 bus,
247 1284 344 1324 quae
378 1279 537 1326 paratae
568 1270 867 1325 instructaeque
897 1277 1030 1320 erant,
1063 1270 1368 1311 Chersonesum
1402 1270 1534 1326 petit3

123 1331 172 1364 ut
193 1339 242 1365 ea
261 1325 363 1376 loca,
382 1342 414 1367 Sl
434 1327 542 1368 forte
564 1335 675 1368 terra
689 1326 876 1367 venirent
899 1327 1094 1376 Romani,
1116 1326 1320 1382 praesidiis
1340 1327 1535 1369 firmaret.

119 1389 299 1422 ceteram
319 1383 490 1424 classem
509 1383 810 1447 Polyxenidam
830 1398 977 1439 parare
997 1392 1038 1425 et
1054 1383 1259 1424 deducere
1273 1383 1426 1440 jussit;
1448 1399 1538 1440 spe-

123 1437 346 1481 culatorias
365 1456 491 1481 naves
511 1441 565 1481 ad
585 1456 724 1481 omma
743 1440 1000 1496 exploranda
1020 1440 1127 1480 circa
1146 1440 1302 1481 insulas
1323 1440 1492 1482 dimisit.

182 1496 340 1536 XLII.
374 1498 421 1537 C.
446 1497 594 1537 Livius
623 1497 846 1560 praefectus
878 1497 1080 1538 Romanae
1110 1496 1264 1547 classis,
1290 1512 1384 1538 cum
1415 1497 1537 1553 quin-
1549 1504 1666 1536 Classis
1678 1506 1743 1537 Ro-

125 1553 331 1615 quaginta
349 1553 526 1594 navibus
555 1554 674 1595 tectis
703 1554 929 1618 profectus,
951 1554 1005 1594 ab
1036 1554 1174 1594 Roma
1192 1553 1428 1609 Neapolim,
1450 1570 1536 1610 quo
1547 1558 1652 1579 mana.

122 1611 176 1650 ab
198 1624 315 1650 306113
336 1611 426 1666 ejus
455 1626 539 1651 orae
559 1626 663 1652 conv
666 1626 776 1651 enlre
800 1611 984 1666 jusserat
1000 1618 1172 1673 apertas
1202 1625 1342 1663 naves,
1365 1626 1463 1666 quae
1483 1627 1535 1653 ex

124 1666 281 1707 foedere
302 1666 578 1718 debebantur,
602 1667 782 1708 Siciliam
803 1667 899 1707 inde
925 1666 1048 1723 petit:
1081 1666 1274 1723 fretoque
1296 1667 1536 1710 Messanam

123 1731 436 1787 praetervectus,
457 1739 590 1780 quum
622 1739 692 1764 sex
715 1723 895 1765 Punicas
923 1739 1048 1765 naves
1072 1723 1126 1764 ad
1156 1723 1361 1765 auxilium
1391 1725 1536 1767 missas

122 1780 360 1836 accepisset,
391 1781 444 1822 ab
480 1781 684 1837 Rheginis
716 1781 947 1837 Locrisque
977 1789 1019 1823 et
1053 1780 1242 1844 ejusdem
1270 1781 1381 1837 juris
1416 1782 1535 1823 306113

120 1837 283 1879 debitas
312 1837 514 1893 exegisset
545 1853 685 1888 naves,
706 1838 885 1879 lustrata
912 1837 1039 1879 classe
1059 1837 1114 1879 ad
1144 1837 1379 1902 Lacinium,
1400 1838 1535 1880 altum

123 1895 243 1951 petit.
305 1896 546 1950 Corcyram,
569 1910 695 1951 quam
729 1894 907 1951 primam
939 1895 1116 1936 Graeciae
1145 1894 1378 1936 civitatium
1414 1895 1534 1947 adiit,

123 1966 255 2007 quum
287 1951 481 2003 venisset,
510 1959 807 2008 percunctatus
837 1951 889 1993 de
924 1959 1037 1994 statu
1068 1951 1182 2002 belli,
1207 1951 1404 2003 (necdum
1425 1952 1535 1994 enim

123 2023 263 2049 01111113
293 2009 336 2049 111
374 2008 539 2050 Graecia
571 2017 796 2072 perpacata
825 2011 963 2063 erant)
991 2017 1033 2050 et
1066 2008 1142 2051 ubi
1176 2008 1314 2050 classis
1344 2010 1537 2074 Romana

122 2074 244 2116 esset,
280 2073 504 2121 postquam
535 2065 712 2117 audivit,
743 2081 852 2107 circa
887 2065 1273 2129 Thermopylarum
1305 2065 1457 2108 saltum
1491 2066 1535 2108 in

122 2122 299 2164 statione
326 2123 537 2164 consulem
566 2138 613 2164 ac
642 2138 783 2179 regem
802 2138 904 2173 esse,
925 2122 1095 2164 classem
1127 2122 1277 2163 Piraeei
1307 2130 1429 2186 stare,
1450 2139 1537 2164 ma-

124 2178 352 2221 turandum
384 2187 501 2221 ratus
530 2180 717 2221 omnium
745 2194 885 2220 rerum
906 2194 1064 2230 caussa,
1139 2179 1222 2235 rgit
1252 2179 1445 2235 protinus
1465 2196 1537 2222 na-

121 2236 264 2300 vigare
292 2235 638 2292 Peloponnesum.
697 2236 732 2260 ²⁶
746 2238 895 2278 Samen
925 2194 1292 2292 Zacynthumque,
1314 2252 1414 2292 quia
1442 2252 1537 2293 par-

124 2293 177 2334 tis
193 2292 437 2334 AEtolorum
456 2293 690 2335 maluerant
710 2309 812 2344 esse,
827 2293 1021 2349 protinus
1036 2292 1332 2356 depopulatus,
1350 2293 1534 2335 Maleam

121 2350 252 2405 petit:
284 2357 340 2400 et,
361 2365 562 2407 prospera
580 2350 844 2406 navigatione
863 2364 979 2401 usus,
995 2364 1139 2406 paucis
1160 2349 1310 2392 diebus
1326 2349 1533 2392 Piraeeum

616 2446 634 2471 q
647 2449 682 2474 ut
695 2444 819 2473 maxima
834 2442 932 2473 Gron.
946 2441 1039 2473 CreV.

167 2525 211 2554 24
234 2526 327 2566 Cnjus
341 2539 371 2558 eo
392 2534 516 2568 tempore
532 2535 568 2559 ut
589 2528 729 2569 mamma]
753 2527 805 2558 Sic
847 2537 886 2558 ex
900 2526 1022 2558 Italia
1014 2537 1047 2558 111
1063 2526 1230 2564 Graeciam,
1245 2537 1340 2570 quam
1357 2538 1396 2559 ex
1411 2526 1534 2559 Graecia

126 2566 241 2598 habent
264 2570 359 2601 MSS.
380 2575 458 2602 teste
481 2571 647 2603 Gronovio.
689 2571 806 2601 Assen-
849 2571 882 2601 in
895 2570 1017 2602 Asiam.

126 2609 200 2640 titur
231 2617 332 2643 noster
358 2612 478 2645 Victor.
502 2615 602 2656 Lege:
640 2615 685 2645 vel
715 2615 806 2644 masi·
892 2614 935 2644 26
958 2613 1063 2644 Samen
1090 2614 1340 2654 Zacynthumque,
1367 2615 1437 2654 quia
1461 2624 1534 2652 par-

126 2663 185 2683 ma·
852 2659 888 2687 tis
912 2656 1077 2687 AEtolarum
1104 2658 1272 2689 maluerant
1297 2667 1380 2686 esse.
1421 2657 1531 2695 .depo-

169 2696 212 2726 25
235 2695 360 2737 Propius
379 2709 434 2729 esse
453 2700 486 2729 in
504 2700 603 2730 Asiam
619 2711 652 2730 er
672 2699 806 2740 Groecia]
847 2699 986 2741 palatus]
1031 2699 1111 2730 Haec
1143 2699 1227 2730 sacta
1255 2703 1337 2734 sunt,
1366 2677 1531 2739 antequam

127 2737 227 2768 Recte
259 2739 400 2771 observat
432 2741 579 2782 Dujatius
608 2744 727 2782 propius
757 2741 807 2773 hic
850 2742 1027 2784 Zacynthus
1054 2740 1180 2772 Achaeis
1206 2741 1376 2772 traderetur
1403 2750 1423 2771 a
1453 2751 1530 2782 prae-

126 2781 265 2823 usurpari
285 2792 340 2822 pro
353 2783 484 2823 eoquod
505 2789 552 2815 est
571 2786 742 2824 promptius,
748 2783 806 2826 sa-
850 2784 931 2816 fecto
944 2784 1151 2826 Amynandri.
1182 2784 1220 2814 Id
1235 2782 1405 2824 apparebit,
1417 2782 1443 2814 si
1457 2794 1530 2815 con·

124 2824 222 2856 cilius.
266 2824 351 2856 Nam
373 2826 518 2867 trajectus
538 2827 605 2869 ipse
626 2827 746 2860 brevior
760 2832 807 2859 est
850 2827 929 2860 feras
942 2833 1082 2870 tempora
1095 2827 1143 2858 hic
1159 2832 1189 2857 et
1202 2837 1229 2858 6.
1242 2827 1294 2856 32.
1310 2830 1428 2857 notata.
