1947 3222
211 199 246 272 00

260 201 280 272 μῦ·

303 200 333 273 ,03³

154 1400 214 1430 Μ’.
227 1399 346 1431 Acilius

153 1443 191 1473 ‹le
208 1443 317 1473 Antio-

152 1485 209 1515 cho
225 1486 330 1516 trium·

155 1528 239 1569 phat.

368 89 440 123 318
793 142 797 145 μ
893 84 1033 122 ΤΙΤΙ
1074 84 1248 122 LIVII

367 196 458 236 erit.
483 209 567 235 eum
587 200 683 234 ante
703 195 838 235 omnia
853 195 1108 248 deposcimus.
1174 195 1394 235 Thoantem
1412 207 1564 248 quoque
1579 194 1776 243 AEtolum‚

366 253 603 293 concitorem
623 251 801 292 AEtolz’ci
828 251 937 301 belli,
959 253 1030 306 qui
1058 258 1096 292 et
1117 253 1445 304 illorunzflducia
1474 265 1554 300 vos,
1577 257 1617 292 et
1644 257 1777 292 vestra

368 310 459 350 illos
480 310 526 350 in
545 323 616 350 nos
634 311 826 360 armavit,
848 310 1016 359 dedetis,
1029 314 1068 349 et
1087 323 1171 349 cum
1188 324 1232 350 eo
1245 305 1631 350 ³⁷Mnasimachum‘
1646 308 1782 349 Acar-

367 380 495 416 nana,
517 373 556 407 et
578 367 860 408 Chalcidenses
880 366 1092 407 Philonem
1123 372 1161 406 et
1184 366 1447 407 Eubulidam.
1506 366 1560 407 In
1581 366 1782 406 deteriore

367 438 439 464 sua
457 423 636 476 fortuna
655 437 798 476 pacem
809 423 950 476 saciet
973 436 1058 471 rex,
1082 423 1180 476 quia
1200 424 1327 464 serius
1339 424 1473 477 facit,
1499 437 1618 477 quam
1629 423 1780 476 fixere

361 482 512 534 potuit.
571 481 616 522 Si
636 494 740 520 nunc
760 485 936 520 moratus
938 479 1095 533 suerit,
1116 480 1232 528 sciat,
1249 494 1384 534 regum
1403 480 1650 535 majestatem
1671 479 1779 536 diffi-

367 539 486 580 cilius
501 537 552 578 ab
571 550 717 578 summo
719 537 906 591 fastigio
926 537 984 576 ad
1002 537 1170 578 medium
1192 537 1368 585 detrahi,
1384 551 1502 591 quam
1524 550 1550 577 α
1569 537 1711 578 mediis
1726 537 1785 577 ad

368 597 450 635 ima
471 594 749 648 proecipitari.
813 594 922 634 Cum
942 593 1007 634 his
1027 592 1234 635 mandatis
1254 594 1307 635 ab
1326 608 1424 649 rege
1453 593 1565 635 missi
1585 601 1703 635 erant
1723 593 1781 634 le-

367 651 469 706 gati,
503 658 552 692 ut
587 665 752 691 omnem
786 649 899 706 pacis
929 649 1207 691 conditionem
1243 649 1488 706 acciperent.
1518 651 1663 706 itaque
1697 649 1781 691 Ro-

368 723 477 749 mam
507 707 618 749 mitti
648 707 808 763 legatos
837 706 1008 762 placuit.
1083 707 1240 747 Consul
1272 707 1316 747 in
1344 707 1518 748 hiberna
1549 706 1780 748 exercitum

370 763 631 820 Magnesiam
661 764 715 805 ad
746 763 1016 805 Maeandrum
1046 772 1086 805 et
1117 763 1282 804 Tralles
1302 763 1605 819 Ephesumque
1625 763 1780 805 divisit.

370 821 586 877 Ephesum
621 821 676 862 ad
710 820 920 862 consulem
952 836 1108 876 paucos
1143 828 1238 876 post
1274 820 1362 861 dies
1396 820 1562 861 obsides
1596 819 1650 861 ab
1683 835 1783 875 rege

369 877 542 920 adducti
573 886 694 920 sunt:
728 886 769 919 et
799 877 942 933 legati,
960 878 1034 933 qui
1064 878 1244 918 Romam
1271 877 1393 928 irent,
1416 884 1632 918 venerunt.
1692 877 1782 917 Eu-

370 949 507 976 menes
537 950 708 991 quoque
740 934 884 975 eodem
918 942 1104 990 tempore
1135 934 1349 990 profectus
1381 942 1443 975 est
1475 934 1670 983 Romam,
1695 948 1782 989 quo

370 991 496 1047 legati
526 992 646 1048 regis.
680 999 834 1033 secutae
865 1007 934 1032 eos
964 999 1062 1032 sunt
1091 991 1318 1047 legationes
1347 990 1534 1032 omnium
1565 989 1681 1031 Asiae
1709 1005 1783 1046 po-

369 1049 578 1103 pulorum.
600 1061 614 1079 '—

426 1106 595 1146 XLVI.
628 1107 745 1146 Dum
766 1105 855 1146 haec
884 1105 929 1146 in
959 1105 1064 1146 Asia
1092 1113 1313 1160 geruntur,
1336 1104 1421 1145 duo
1447 1104 1534 1145 fere
1562 1104 1642 1145 sub
1670 1103 1781 1145 idem

369 1171 534 1218 tempus
555 1178 651 1203 cum
672 1162 876 1218 triumphi
898 1177 970 1218 spe
990 1161 1256 1218 proconsules
1276 1161 1328 1202 de
1352 1161 1576 1217 provinciis
1600 1160 1777 1202 Romam

368 1219 608 1266 redierunt3
643 1221 692 1269 Q.
717 1219 934 1260 Minucius
954 1234 1005 1259 ex
1028 1218 1275 1274 Liguribus,
1298 1219 1373 1258 M'.
1397 1217 1561 1259 Acilius
1581 1233 1633 1258 ex
1656 1218 1780 1259 AEto-

368 1275 433 1316 lia.
495 1275 669 1317 Auditis
698 1277 921 1332 utriusque
950 1276 1076 1316 rebus
1105 1275 1248 1331 gestis,
1281 1274 1472 1316 Minucio
1501 1282 1678 1330 negatus
1707 1274 1781 1315 tri-

368 1332 566 1388 umphus,
604 1332 742 1374 Acilio
781 1348 933 1388 magno
968 1347 1169 1373 consensu
1209 1331 1427 1373 decretus:
1476 1330 1594 1386 isque
1633 1329 1781 1371 trium-

366 1389 500 1444 phans
539 1389 592 1430 de
630 1404 728 1446 rege
768 1389 981 1431 Antiocho
1020 1397 1061 1430 et
1103 1388 1259 1430 AEtolis
1297 1389 1442 1429 urbem
1479 1397 1541 1429 est
1575 1387 1777 1428 invectus.

367 1446 549 1487 Praelata
569 1455 667 1488 sunt
696 1446 739 1487 in
759 1462 808 1487 eo
828 1445 1044 1502 triumpho
1073 1446 1192 1501 signa
1217 1444 1412 1487 mifitaria
1431 1445 1613 1486 ducenta
1631 1443 1779 1499 trigin-

366 1512 431 1544 ta:
470 1511 512 1544 et
541 1503 741 1559 ³8argenti
777 1502 921 1544 insecti
951 1503 1033 1544 tria
1064 1502 1195 1543 millia
1223 1502 1389 1558 pondo;
1435 1501 1586 1556 signati
1614 1500 1780 1542 ³⁹tetra-

365 1559 612 1602 drachmum
642 1561 839 1601 Atticum
869 1568 1037 1601 centum
1061 1559 1259 1601 tredecim
1286 1559 1429 1609 millia,
1452 1557 1778 1615 '³⁰cistophorfim

365 1617 546 1658 ducenta
580 1616 861 1673 quadraginta
899 1625 1016 1658 octo:
1069 1631 1167 1657 vasa
1205 1624 1402 1671 argentea
1439 1615 1586 1656 caelata
1629 1614 1778 1666 multa,

364 1673 589 1730 magnique
620 1673 827 1730 ponderis.
889 1672 1012 1714 Tulit
1042 1681 1082 1714 et
1119 1672 1415 1729 supellectilem
1446 1672 1603 1728 regiam
1633 1686 1780 1727 argen-

365 1739 490 1780 team,
520 1746 567 1772 ac
604 1739 759 1772 vestem
790 1729 1079 1785 magnificam3
1123 1744 1294 1770 coronas
1321 1744 1481 1779 aureas,
1512 1728 1621 1769 dona
1651 1727 1778 1769 socia-

365 1802 459 1828 rum
490 1787 738 1838 civitatium,
771 1786 1052 1843 quadraginta
1080 1786 1294 1842 quinque;
1334 1785 1464 1841 spolia
1493 1785 1626 1826 omnis
1654 1799 1778 1840 gene-

364 1845 445 1884 ris:
489 1844 676 1900 captivos
709 1844 884 1894 nobiles,
918 1843 1086 1885 AEtolos
1116 1851 1158 1884 et
1187 1842 1323 1898 regios
1357 1842 1499 1893 duces,
1531 1857 1603 1882 sex
1632 1850 1674 1883 et
1704 1840 1778 1882 tri-

364 1900 483 1955 ginta
502 1900 639 1942 duxit.
700 1899 968 1941 Damocritus
989 1900 1230 1941 AEtolorum
1251 1899 1341 1941 dux
1361 1914 1517 1955 paucos
1546 1906 1641 1940 ante
1671 1897 1775 1949 dies,

365 1972 499 2012 quum
521 1973 543 1998 e
563 1973 724 1999 carcere
753 1965 874 1998 nocte
904 1957 1132 2013 effugisset,
1154 1956 1197 1997 in
1226 1956 1319 2012 ripa
1350 1955 1517 1997 Tiberis
1547 1955 1778 1997 consecutis

365 2013 626 2064 custodibus,
656 2013 903 2070 priusquam
934 2012 1370 2070 comprehenderetur,
1401 2012 1541 2069 gladio
1574 2028 1615 2054 se
1645 2021 1776 2054 trans-

365 2071 470 2112 fixit.
534 2071 696 2113 Milites
724 2079 903 2122 tantum,
926 2071 1000 2127 qui
1021 2079 1294 2127 sequerentur
1314 2084 1500 2120 currum,
1521 2069 1772 2111 defuerunt:

364 2127 521 2223 ‘ili-qu
546 2128 790 2183 magnificus
820 2137 861 2169 et
892 2127 1128 2184 spectaculo
1154 2135 1195 2168 et
1225 2127 1337 2168 fama
1366 2141 1506 2167 rerum
1536 2125 1776 2181 triumphus

385 2193 459 2225 ult.

522 2185 667 2240 Hujus
687 2185 891 2241 triumphi
912 2184 1063 2226 minuit
1083 2183 1271 2226 laetitiam
1293 2183 1471 2225 nuncius
1495 2198 1547 2224 ex
1569 2181 1775 2238 Hispania

892 2253 902 2278 i
919 2258 1134 2288 Mnasilochum
1150 2256 1240 2289 Crev.

406 2321 445 2351 37
471 2320 699 2362 Mnasilochum]
736 2321 827 2352 Error
851 2321 883 2351 in
907 2320 965 2352 hoc
991 2331 1046 2352 no-

363 2373 434 2393 men
468 2363 640 2406 irrepserat,
674 2365 894 2406 legebaturque
932 2364 1046 2394 Mnasi-

361 2407 508 2437 mochum.
563 2407 758 2438 Correximus
784 2417 822 2437 ex
860 2406 971 2448 Polyb.
1001 2407 1045 2437 le-

363 2454 427 2489 gat.
455 2450 508 2480 24.
531 2454 561 2480 et
590 2451 641 2480 35.
671 2456 701 2481 et
730 2448 819 2480 Livio
846 2449 923 2491 ipso,
953 2459 1046 2491 supra

364 2491 384 2521 l.
401 2492 658 2534 xxxvl.capp.
672 2494 722 2523 11.
736 2499 765 2523 et
780 2494 827 2522 12.
858 2492 946 2523 Idem
959 2502 1044 2523 men-

363 2534 437 2564 dum
454 2535 536 2571 tolle,
552 2535 573 2565 l.
589 2535 784 2566 XXXVIII.
800 2546 828 2566 c.
843 2536 896 2565 38.

405 2579 445 2608 38
475 2579 599 2619 Argenti
615 2600 624 2608 .
641 2601 650 2609 .
667 2601 675 2608 .
691 2600 698 2608 .
714 2580 772 2607 tria
808 2578 901 2608 millia
935 2578 1043 2619 pondo]

362 2620 480 2651 Marcae
496 2625 646 2652 nostrates
659 2621 753 2651 4687.
767 2630 836 2651 cum
852 2620 949 2651 unciis
963 2621 993 2650 4.

405 2664 446 2693 39
472 2663 729 2694 Tetradrachmstm
761 2664 897 2693 Atticum
929 2669 1043 2693 centum

363 2707 497 2735 tredecim
520 2707 629 2748 millia]
665 2705 842 2740 Drachmoe‚
868 2716 932 2741 scu,
959 2704 1041 2746 quod

363 2747 442 2777 idem
465 2753 521 2783 est,
544 2749 662 2780 denarii
690 2749 825 2780 452000.
849 2748 965 2779 Marem
994 2757 1040 2778 ar-

362 2791 445 2829 genti
460 2792 553 2823 7062.
568 2803 637 2823 cum
654 2792 753 2823 unciis
765 2792 795 2821 4.

404 2834 445 2862 40
473 2833 687 2876 Cismphmwim]
725 2833 924 2875 Cistophorus
952 2842 1040 2863 num-

1090 2330 1159 2352 mus
1177 2319 1245 2356 fuit,
1261 2330 1354 2362 quem
1375 2318 1537 2350 Turnebus
1551 2317 1605 2349 lib.
1621 2318 1688 2348 ΙΙΙ.
1703 2317 1771 2348 Ad-

1089 2374 1168 2394 verS.
1183 2374 1211 2394 c.
1229 2365 1258 2394 5.
1282 2363 1325 2393 sic
1348 2362 1537 2404 appellatum
1559 2367 1673 2396 censet,
1688 2361 1771 2402 quod

1089 2405 1120 2436 in
1143 2416 1179 2437 co
1201 2409 1303 2437 essent
1323 2403 1434 2446 sculpti
1457 2403 1601 2445 cistigeri,
1620 2403 1651 2434 id
1674 2409 1732 2440 est,
1747 2403 1770 2435 ii

1089 2449 1141 2490 qui
1166 2458 1319 2480 sacrorum
1345 2447 1540 2488 mysticorum
1566 2446 1650 2477 cistis
1671 2446 1770 2478 inclu-

1088 2502 1188 2521 sorum
1212 2501 1325 2522 arcana
1352 2489 1502 2524 ferebant,
1522 2496 1556 2520 ut
1580 2490 1611 2520 in
1636 2489 1771 2531 Cybeles

1088 2533 1251 2576 mysteriis,
1280 2532 1396 2564 Bacchi
1421 2531 1523 2573 orgiis,
1553 2532 1675 2563 Cereris
1703 2532 1769 2562 Ini-

1089 2576 1149 2607 tiis.
1194 2577 1288 2607 Porro
1303 2581 1432 2616 quatuor
1447 2573 1564 2606 denarii
1579 2580 1695 2617 septem
1712 2574 1771 2606 cis-

1086 2619 1230 2661 tophoros
1251 2628 1322 2649 curn
1345 2618 1467 2648 semisse
1491 2619 1670 2659 aequabant‚
1691 2622 1771 2648 teste

1089 2663 1179 2692 Festo
1202 2661 1233 2691 in
1256 2671 1329 2691 voce
1354 2660 1531 2690 Euboicum.-
1562 2660 1644 2691 unde
1667 2659 1769 2702 sequi-

1086 2710 1135 2735 tur
1149 2704 1336 2746 cistophorus
1356 2704 1495 2734 248000.
1514 2714 1604 2745 pares
1626 2714 1691 2735 esse
1713 2702 1767 2733 de-

1085 2746 1178 2777 nariis
1201 2745 1333 2788 amplius
1359 2746 1492 2777 132266.
1516 2746 1628 2777 marcis
1650 2745 1769 2788 argenti

1086 2789 1270 2820 nostratibus
1285 2789 1502 2831 propemodum
1517 2789 1612 2820 2067.
