1947 3222
138 202 181 276 :⁶2⁶²

192 202 218 276 00

221 203 262 276 i-E„

283 247 316 277 511
286 203 302 232 *A

354 88 423 121 138
870 83 1014 122 '1’1T1
1055 82 1229 121 L1v11

307 223 317 233 .
349 191 472 240 ribus,
489 191 570 233 nisi
585 192 681 245 quia
696 192 904 246 vectigalis
904 191 998 244 jam
1015 198 1051 233 et
1067 192 1340 245 stipendiaria
1352 191 1485 245 plebes
1499 204 1578 232 esse
1593 192 1752 231 senatui

347 251 551 302 caeperat?
584 249 727 303 Itaque
755 251 915 290 minime
943 251 1083 290 mirum
1114 255 1184 298 est,
1211 263 1280 290 nec
1310 250 1498 302 Oppiam,
1526 261 1596 287 nec
1625 249 1749 288 aliam

346 307 469 346 ullam
498 312 579 346 tum
607 307 729 360 legem
758 307 1029 347 desideratam
1055 321 1146 354 esse,
1168 320 1256 360 quae
1276 308 1426 347 modum
1455 305 1643 346 sumtibus
1671 318 1752 344 11111-

346 363 489 403 lierum
507 361 684 414 faceret,
705 377 819 416 91111111
840 376 980 402 aurum
1008 368 1046 403 et
1067 377 1293 415 purpuram
1315 365 1413 403 data
1434 369 1472 403 et
1491 362 1627 402 oblata
1647 362 1753 401 ultro

347 433 426 460 non
446 419 712 473 accipiebant.
769 419 818 460 Si
845 432 949 459 nunc
977 433 1060 458 cum
1091 420 1176 460 illis
1204 421 1316 460 donis
1339 420 1483 461 Cineas
1512 418 1644 458 urbem
1674 418 1754 457 cir-

347 477 514 517 cumiret
521 499 536 523 ;
568 483 717 517 stantes
739 476 782 515 in
796 475 958 528 publico
980 477 1206 526 invenisset,
1228 490 1316 529 quae
1336 478 1575 530 acciperent.
1624 474 1754 528 Atque

347 547 419 587 ego
439 534 718 573 nonnullarum
739 533 1002 585 cupiditatum
1024 546 1072 572 ne
1091 547 1266 573 caussam
1289 535 1447 586 quidem
1467 539 1537 573 aut
1558 533 1755 572 rationem

349 591 456 630 inire
483 603 650 642 possum.
681 601 773 628 nam
794 595 852 639 ut,
874 590 978 642 quod
997 590 1075 630 alii
1093 591 1228 638 liceat,
1249 590 1324 631 tibi
1338 604 1413 630 non
1440 591 1573 637 licere,
1595 589 1758 642 aliquid

332 647 516 701 fortasse
544 645 747 686 naturalis
768 651 838 686 aut
859 646 1032 698 pudoris
1060 652 1130 686 aut
1161 647 1458 701 indignationis
1485 646 1651 692 habeat5
1684 647 1755 692 sic,

348 709 507 757 aequato
527 703 696 743 omnium
723 704 843 750 cultu,
866 703 965 756 quid
984 716 1229 757 unoquoeque
1257 710 1423 744 vestrum
1452 710 1620 751 veretur,
1643 717 1692 743 ne
1713 704 1757 742 in

348 775 390 801 se
408 759 735 813 ²⁶conspiciatur.
729 762 748 788 9
781 761 980 800 Pessimus
1000 760 1155 813 quidem
1172 761 1309 813 pudor
1328 767 1385 801 est
1404 762 1464 801 vet
1480 761 1756 813 parsimonzae,

351 818 413 858 vel
435 817 714 870 paupertatis.-
746 818 815 857 sed
834 823 900 857 uti
902 830 1040 870 umque
1068 818 1133 857 lex
1152 816 1261 858 vobis
1280 818 1416 866 demit,
1439 831 1554 871 quum
1575 818 1632 868 id,
1655 818 1759 871 qnod

350 874 497 915 habere
525 887 605 914 11011
634 874 742 924 licet,
764 888 844 914 11011
864 873 1032 915 habetis.
1090 874 1233 925 Hanc,
1250 875 1402 939 inquit,
1422 874 1548 928 ipsam
1573 887 1757 928 1311189110-

352 932 500 972 tionem
521 931 722 985 nonfero,
745 931 820 971 illa
840 932 1027 985 locuples.
1052 945 1122 971 cur
1142 945 1217 971 non
1241 931 1417 985 insignis
1432 945 1532 971 auro
1553 937 1590 971 et
1610 944 1758 983 purpu-

351 1003 402 1029 ra
423 988 670 1041 conspicior?
701 1002 772 1028 cur
785 995 1011 1042 paupertas
1032 989 1206 1028 aliarum
1235 988 1303 1029 sub
1326 990 1402 1029 hac
1430 989 1530 1042 legis
1549 988 1760 1041 speciela-

352 1052 423 1095 tet,
445 1051 503 1095 ut,
529 1047 635 1099 quod
662 1045 808 1086 habere
837 1059 916 1085 non
940 1052 1120 1098 possunt,
1149 1045 1361 1094 habiturae,
1392 1046 1429 1087 si
1457 1047 1609 1093 liceret,
1624 1044 1762 1098 fuisse

353 1103 595 1144 videantur?
634 1102 765 1143 Vultis
784 1103 856 1143 hoc
875 1110 1074 1144 certamen
1093 1102 1282 1143 uxoribus
1302 1103 1442 1144 vestris
1463 1102 1640 1157 injicere,
1662 1102 1762 1149 Qui-

353 1160 464 1208 rites,
487 1165 531 1200 ut
551 1161 695 1201 divites
725 1161 770 1200 id
792 1159 938 1200 babere
958 1161 1095 1208 velint,
1118 1161 1223 1213 quod
1242 1161 1354 1201 nulla
1374 1160 1462 1200 alia
1478 1160 1607 1213 possit
1613 1174 1629 1207 ,⁴
1656 1172 1762 1212 pau-

346 1231 481 1270 peres,
498 1230 547 1257 ne
567 1217 613 1257 ob
632 1218 703 1257 boc
724 1217 849 1270 ipsum
865 1223 1178 1266 contemnantur,
1195 1231 1317 1270 supra
1334 1217 1439 1259 vires
1458 1231 1498 1258 se
1513 1218 1759 1257 extendant?

357 1274 448 1323 Nae,
469 1275 588 1316 simul
609 1275 777 1327 pudere,
805 1275 912 1328 quod
939 1288 1018 1314 non
1048 1280 1216 1327 oportet,
1237 1275 1424 1328 coeperit;
1457 1275 1563 1328 quod
1590 1279 1761 1326 oportet,

354 1345 436 1372 non
447 1331 631 1385 pudebit.
663 1345 752 1385 quae
772 1332 820 1371 de
834 1345 902 1372 suo
915 1332 1084 1385 poterit,
1098 1331 1290 1384 parabit.-
1320 1345 1407 1385 quae
1426 1345 1506 1371 non
1519 1332 1683 1384 poterit,
1702 1331 1762 1371 vi·

354 1403 441 1429 rum
471 1388 644 1442 rogabit.
703 1389 901 1430 Miserum
930 1390 1042 1429 illum
1072 1389 1212 1437 virum,
1236 1395 1274 1429 et
1303 1389 1373 1443 qui
1401 1394 1600 1436 exoratus,
1628 1394 1666 1428 et
1694 1388 1764 1441 qui

355 1459 436 1485 non
456 1452 644 1486 exoratus
663 1446 765 1486 erit!
795 1459 925 1498 91111111,
943 1446 1050 1499 quod
1069 1446 1153 1498 ipse
1173 1459 1252 1485 non
1268 1446 1439 1495 dederit,
1455 1446 1590 1486 datum
1607 1444 1657 1484 ab
1678 1446 1762 1485 alio

356 1502 518 1543 videbit.
581 1502 699 1543 Nunc
719 1503 839 1555 vulgo
858 1503 1011 1543 alienos
1040 1503 1146 1544 viros
1165 1508 1326 1556 rogant,
1348 1508 1400 1551 et,
1423 1503 1528 1556 quod
1546 1499 1671 1554 majus
1690 1508 1762 1550 est,

356 1561 483 1614 legem
504 1565 543 1600 et
561 1559 764 1615 suffragia
785 1565 945 1613 rogant,
969 1565 1006 1600 et
1027 1573 1053 1598 a
1073 1559 1306 1613 quibusdam
1328 1560 1557 1612 impetrant,
1580 1559 1765 1599 adversus

356 1623 408 1666 te,
431 1623 470 1657 et
489 1631 572 1657 rem
588 1623 711 1666 tuam,
731 1622 767 1656 et
787 1617 931 1657 liberos
950 1623 1037 1656 tuos
1059 1616 1337 1658 inexorabiles.
1382 1617 1510 1658 Simul
1528 1617 1593 1656 leoe
1613 1617 1764 1656 modum

356 1673 545 1715 sumtibus
564 1674 702 1714 uxoris
721 1673 952 1727 tuoesacere
972 1673 1150 1724 desierit,
1166 1679 1210 1714 tu
1230 1687 1439 1728 numquam
1445 1673 1596 1725 facies.
1627 1672 1767 1713 Nolite

358 1731 490 1771 eodem
520 1731 605 1770 loco
625 1731 869 1781 eoeistimare,
897 1731 1084 1778 Quirites,
1089 1730 1284 1785 futuram
1313 1745 1409 1779 rem,
1431 1745 1507 1784 quo
1520 1730 1630 1784 suit,
1650 1735 1765 1769 ante-

359 1802 476 1841 quam
497 1789 562 1828 lex
582 1789 630 1828 de
659 1788 732 1828 boc
744 1787 946 1841 serretur.
1005 1787 1077 1837 Et,
1099 1788 1292 1828 bominem
1323 1788 1530 1840 inprobum
1550 1800 1631 1827 non
1651 1800 1765 1827 accu-

358 1845 456 1894 sari,
473 1845 598 1886 tutius
619 1850 689 1894 est,
709 1859 826 1899 quam
847 1844 998 1885 absolvi
1005 1863 1017 1884 .·
1050 1850 1087 1885 et
1106 1845 1270 1885 luxuria
1290 1843 1409 1884 ²⁷non
1438 1851 1545 1885 mota
1574 1843 1764 1885 tolerabi-

359 1901 439 1941 lior
459 1908 569 1950 esset,
587 1915 703 1956 quam
725 1902 802 1944 erit
822 1915 938 1950 nunc,
961 1901 1059 1954 ipsis
1080 1902 1262 1950 vinculis,
1278 1903 1378 1943 sicut
1382 1901 1487 1956 fera
1507 1901 1647 1948 bestia,
1671 1901 1766 1941 irri-

359 1964 464 2008 tata,
505 1959 650 1999 deinde
686 1960 839 1999 emissa.
898 1960 991 2013 Ego
1030 1960 1139 1999 nullo
1177 1959 1290 1999 modo
1328 1959 1604 2013 abrogandam
1643 1958 1765 2012 legem

364 2016 539 2069 Oppiam
567 2030 715 2057 censeo.
755 2030 820 2057 vos
849 2018 956 2070 quod
966 2016 1141 2070 faxitis,
1172 2016 1280 2057 Deos
1308 2030 1438 2057 omnes
1453 2016 1675 2070 fortunare
1704 2028 1771 2055 veq

361 2073 441 2113 lim.

421 2131 468 2170 V.
502 2131 602 2172 Post
631 2130 719 2171 haec
751 2130 908 2171 tribum
942 2145 1111 2186 quoque
1132 2130 1282 2186 plebei,
1304 2130 1376 2186 qui
1403 2145 1444 2172 se
1474 2131 1766 2172 intercessmos

362 2186 534 2242 professi
565 2195 696 2237 erant,
719 2202 850 2243 quum
881 2202 1016 2244 pauca
1044 2202 1085 2228 m
1113 2187 1298 2228 eamdem
1327 2195 1568 2229 sentennam
1596 2184 1766 2240 adjecis-

363 2251 477 2290 sent3
521 2252 610 2285 tum
642 2244 693 2284 L.
717 2244 905 2285 Valerius
934 2259 1010 2302 pro
1037 2245 1248 2301 rogatione
1270 2244 1322 2286 ab
1353 2259 1394 2284 se
1425 2243 1689 2300 promulgata
1708 2241 1767 2281 ita

154 2311 311 2343 OratioL.
363 2299 568 2341 disseruit.
629 2302 675 2342 Si
701 2302 860 2350 privati
888 2304 1158 2343 tantummodo
1185 2304 1240 2342 ad
1265 2302 1506 2343 suadendum
1537 2302 1767 2341 dissuaden-

153 2356 182 2386 V
186 2354 270 2386 alerii
285 2353 353 2384 trib.

151 2398 194 2440 pl.
210 2397 354 2428 adversus

153 2442 251 2481 legem
267 2440 330 2483 Op-

156 2493 250 2526 piam.

364 2357 531 2411 dumque
561 2359 616 2406 i,d
644 2359 750 2412 quod
777 2373 804 2398 a
834 2359 946 2400 nobis
975 2366 1156 2414 rogatur,
1177 2360 1472 2413 processissent,
1499 2373 1570 2413 ego
1600 2371 1766 2412 quoque,

366 2481 502 2516 Tacitus,
520 2481 541 2512 l.
557 2483 615 2512 XI.
640 2483 722 2513 Ann-
747 2494 775 2513 c.
799 2485 828 2514 5.
874 2486 1043 2514 Causarum
1089 2494 1243 2515 suasorem
1264 2484 1355 2515 fuisse
1381 2486 1422 2521 Q.
1446 2483 1576 2515 Fabium
1600 2482 1766 2514 admodum

370 2529 471 2555 autem
485 2524 606 2566 patroni
628 2525 765 2566 plerique
780 2537 816 2556 ex
832 2526 938 2557 ordine
956 2536 1045 2557 sena·
1090 2537 1206 2558 senem.

371 2567 446 2598 torio
482 2573 578 2598 erant.
632 2567 712 2597 Hinc
742 2568 817 2598 dicit
850 2575 950 2599 noster
979 2568 1047 2599 ideo
1133 2570 1431 2610 26‘Conspiciatur]
1485 2569 1693 2612 Conspicuum
1729 2568 1767 2599 sit

370 2610 470 2651 legem
493 2609 631 2641 Cinciam
655 2610 749 2640 latam
772 2622 849 2645 esse,
865 2611 938 2652 quia
960 2611 1048 2653 plebs
1092 2619 1122 2643 et
1138 2612 1285 2643 notabile.
1315 2612 1386 2643 Vid.
1403 2619 1467 2643 not.
1486 2614 1533 2643 18.
1551 2613 1589 2643 ad
1604 2613 1696 2643 XXI.
1711 2613 1741 2642 4.

372 2653 532 2701 vectigalis
558 2663 623 2683 esse
652 2653 773 2683 senatui
801 2660 948 2695 coeperat.
1001 2655 1048 2683 Ex
1134 2656 1173 2685 27
1184 2657 1203 2676 ¹*
1215 2655 1280 2684 λοιι
1296 2655 1385 2695 nvom]
1419 2655 1449 2686 Si
1467 2665 1534 2686 eam
1554 2666 1607 2686 nos
1629 2655 1765 2696 quietam

371 2695 475 2727 Tullio
499 2695 654 2731 discimus.
671 2695 722 2725 lib.
747 2695 785 2726 de
805 2697 878 2727 Sen.
894 2707 925 2726 n.
943 2696 1048 2726 10.1e-
1093 2697 1279 2732 sivissemus,
1309 2707 1364 2729 nec
1401 2697 1666 2739 impugnassemus
1699 2697 1768 2738 lege

372 2748 441 2778 gem
465 2739 606 2770 Cinciam
629 2738 724 2769 latam
746 2748 810 2769 esse
834 2739 951 2769 decimo
975 2745 1045 2768 ame
1091 2740 1235 2771 adversus
1270 2751 1338 2771 eam
1376 2740 1450 2776 lata,
1481 2747 1509 2771 tt
1539 2740 1698 2772 conatibus
1725 2738 1765 2770 ad

372 2780 454 2811 hunc
477 2792 569 2818 anno,
595 2782 644 2812 M.
668 2781 809 2812 Cornelio
833 2782 981 2821 Cethego,
1011 2782 1045 2811 P.
1091 2783 1291 2815 coercendam
1305 2794 1372 2814 eam
1388 2783 1544 2816 adhibitis.

374 2823 552 2864 Sempronio
591 2824 757 2860 Tuditano,
794 2826 880 2855 Coss.
921 2824 1046 2865 ejusque
