1947 3222
190 223 230 253 1³.
244 223 369 253 0563.

190 266 229 295 A.
244 264 280 296 C.
298 265 368 296 189.

184 1407 359 1449 Disciplina

185 1451 316 1491 Lycurgi

184 1493 317 1524 sublata.

184 1575 326 1607 Comitia.

401 97 473 135 368
933 96 1077 134 TITI
1118 96 1279 133 LIVII

402 206 610 248 Laconica
638 205 906 247 excederent:
941 214 1047 253 tum,
1080 206 1157 255 uti,
1190 221 1286 261 quae
1322 205 1490 247 servitia
1519 207 1686 262 tyranni
1718 207 1816 249 libe-

400 271 573 313 rassent,
597 262 665 315 (ea
697 277 847 319 magna
877 262 1108 304 multitudo
1138 266 1245 315 erat)
1278 271 1374 303 ante
1404 262 1515 303 diem
1546 273 1701 304 certam
1731 264 1817 306 abi-

398 329 517 366 rent3
551 320 622 375 qui
655 319 711 361 ibi
740 319 999 368 mansissent,
1021 334 1090 359 eos
1119 319 1419 374 prehendendi,
1441 319 1662 370 vendendi,
1684 320 1817 362 abdu-

399 376 518 418 cendi
548 376 717 417 Achaeis
746 378 819 433 jus
848 384 966 417 esset.
1029 375 1217 431 Lycurgi
1250 376 1362 431 leges
1394 392 1613 432 moresque
1642 377 1817 433 abroga-

397 442 502 475 rent.
575 433 830 475 Achaeorum
872 432 1161 473 adsuescerent
1207 432 1369 487 legibus
1409 434 1710 489 institutisque.
1756 435 1817 475 ita

397 491 524 532 unius
551 506 619 531 eos
649 489 834 545 corporis
862 489 966 538 fore,
996 497 1037 529 et
1062 488 1114 529 de
1144 488 1336 530 omnibus
1372 490 1498 531 rebus
1529 490 1693 532 facilius
1720 505 1815 532 con-

398 563 600 589 sensuros.
675 546 708 569 ¹⁶
722 545 839 586 Nihil
878 544 1140 586 obedientius
1181 545 1384 596 fecerunt,
1417 562 1543 602 quam
1584 555 1633 588 ut
1673 563 1816 588 muros

397 604 635 645 diruerent:
682 618 757 643 nec
797 602 950 657 aegrius
989 601 1098 657 passi
1140 610 1252 652 sunt,
1288 618 1416 658 quam
1455 603 1619 644 exsules
1658 604 1814 646 reduci.

398 662 627 702 Decretum
651 661 806 715 Tegeae
836 659 879 699 in
910 658 1083 699 concilio
1113 659 1322 699 communi
1344 659 1596 701 Achaeorum
1619 660 1672 702 de
1699 661 1817 702 resti-

397 717 564 758 tuendis
585 717 635 757 iis
655 716 814 758 factum
836 724 909 758 est.
942 723 997 765 et,
1020 716 1229 757 mentione
1258 715 1401 766 inlata,
1423 724 1615 757 externos
1644 718 1818 758 auxilia-

396 790 461 815 res
496 773 699 823 dimissos,
736 781 777 814 et
811 773 1141 814 Lacedaemoniis
1176 771 1406 828 adscriptos
1440 772 1519 823 (ita
1553 773 1661 814 enim
1696 790 1816 815 voca-

396 832 514 881 bant,
548 830 580 857 ¹⁷
593 830 666 886 qui
702 846 727 870 a
764 830 955 886 tyrannis
994 829 1160 870 liberati
1200 832 1336 885 erant)
1370 830 1474 870 urbe
1508 831 1742 881 excessisse,
1772 832 1816 872 in

394 902 518 943 agros
543 888 750 943 dilapsos;
782 887 1032 942 priusquam
1062 886 1346 927 dimitteretur
1376 886 1597 937 exercitus,
1619 887 1679 928 ire
1708 902 1816 944 prae-

395 953 527 985 torem
549 960 645 985 cum
666 943 886 1000 expeditis,
909 952 948 984 et
977 943 1327 999 comprehendere
1348 942 1391 983 id
1420 959 1553 999 genus
1583 943 1814 993 hominum,

394 1010 434 1042 et
466 1001 645 1042 vendere
675 1002 772 1057 jure
806 1000 962 1057 praedae
994 1000 1166 1055 placuit.
1228 999 1359 1040 Multi
1390 1000 1675 1056 comprehensi
1703 1003 1817 1043 veni-

394 1067 529 1100 erunt.
561 1058 748 1114 porticus
768 1073 819 1098 ex
848 1073 896 1098 ea
925 1057 1101 1112 pecunia
1124 1056 1380 1112 Megalopoli
1411 1057 1614 1113 permissu
1639 1058 1816 1100 Achaeo-

394 1131 488 1156 rum
524 1115 680 1156 refecta.
714 1123 790 1164 est,
824 1129 951 1169 quarn
989 1113 1296 1154 Lacedaemonii
1332 1113 1561 1155 diruerant.
1622 1115 1682 1156 Et
1716 1131 1816 1171 ager

395 1172 670 1220 Belbinatesd,
693 1187 819 1227 quem
851 1169 1005 1226 injuria
1034 1169 1200 1225 tyranni
1234 1170 1648 1212 Lacedaemoniorum
1678 1187 1816 1228 posse-

393 1228 556 1279 derant,
578 1228 799 1270 restitutus
829 1227 961 1268 eidem
993 1227 1167 1277 civitati,
1190 1243 1241 1267 ex
1273 1226 1439 1268 decreto
1469 1236 1608 1268 vetere
1636 1228 1816 1270 Achaeo-

393 1301 503 1335 rum,
535 1285 651 1341 quod
685 1285 844 1326 factum
877 1292 981 1333 erat,
1014 1284 1214 1340 Philippo
1248 1285 1449 1339 Amyntae
1482 1284 1566 1324 filio
1601 1294 1813 1340 regnante.

396 1342 477 1383 Per
496 1343 586 1383 haec
603 1341 719 1383 velut
741 1350 935 1383 enervata
955 1340 1101 1382 civitas
1118 1340 1532 1381 Lacedaemoniorum
1553 1341 1627 1382 diu
1645 1342 1814 1383 Achaeis

392 1400 574 1441 obnoxia
593 1399 689 1440 fuit.
720 1399 837 1440 nulla
856 1406 995 1439 tamen
1023 1413 1088 1438 res
1110 1406 1226 1438 tanto
1247 1405 1334 1438 erat
1356 1397 1523 1447 damno,
1546 1413 1671 1453 quam
1694 1397 1816 1440 disci-

392 1456 508 1512 plina
529 1456 735 1512 Lycurgi,
757 1455 824 1497 cui
842 1470 927 1511 ,per
948 1455 1233 1511 septingentos
1254 1469 1382 1495 annos
1403 1454 1694 1505 adsueverant,
1717 1456 1815 1497 sub-

398 1513 493 1554 lata.

456 1570 655 1610 XXXV.
690 1571 731 1610 A
768 1569 953 1618 concilio,
986 1569 1058 1610 ubi
1094 1569 1209 1625 apud
1245 1568 1456 1609 consulem
1491 1568 1599 1610 inter
1634 1569 1816 1610 Achaeos

398 1627 823 1682 Lacedaemoniosque
859 1625 1139 1680 disceptatum
1173 1634 1249 1675 est,
1282 1626 1345 1665 M.
1371 1625 1563 1674 Fulvius,
1595 1626 1697 1681 quia
1724 1627 1814 1681 jam

395 1684 439 1724 in
470 1684 585 1724 exitu
617 1699 750 1724 annus
780 1690 883 1732 erat,
906 1682 1169 1723 comitiorum
1199 1697 1344 1722 caussa
1378 1682 1591 1738 profectus
1619 1683 1814 1733 Romam,

396 1741 550 1782 creavit
572 1740 761 1782 consules
784 1739 846 1780 M.
871 1739 1081 1780 Valerium
1107 1738 1346 1779 Messallam
1375 1747 1415 1779 et
1447 1739 1493 1779 C.
1518 1738 1689 1779 Livium
1714 1739 1819 1781 Sali„

395 1806 598 1847 natorem,
627 1813 762 1854 quum
794 1798 856 1837 M.
881 1795 1101 1836 AEmilium
1134 1795 1346 1850 Lepidum
1376 1795 1606 1844 inimicum,
1632 1811 1680 1836 eo
1710 1811 1815 1852 quo-

397 1870 480 1909 que
520 1869 627 1895 anno
680 1862 893 1902 ietentem,
931 1852 1157 1908 dejecisset.
1222 1851 1426 1892 Praetores
1465 1851 1562 1892 inde
1602 1852 1728 1893 creati
1763 1854 1812 1902 Q.

398 1910 586 1951 Marcius
624 1913 658 1951 P
691 1910 860 1967 ilippus,
895 1910 958 1950 M.
985 1909 1188 1950 Claudius
1225 1908 1467 1957 Marcellus,
1502 1909 1548 1949 C.
1575 1908 1812 1959 Stertinius,

397 1970 444 2008 C.
484 1968 667 2018 Atinius,
713 1967 758 2008 P.
795 1967 1000 2008 Claudius
1046 1966 1238 2016 Pulcher,
1283 1966 1329 2005 L.
1369 1964 1555 2005 Manlius
1594 1965 1811 2007 Acidinus.

397 2025 588 2066 Comitiis
618 2025 814 2081 perfectis
843 2024 1053 2064 consulem
1080 2024 1144 2063 M.
1170 2023 1369 2064 Fulvium
1401 2022 1441 2062 in
1473 2023 1728 2077 provinciam
1758 2023 1810 2064 ad

395 2081 625 2122 exercitum
666 2081 800 2122 redire
849 2080 1031 2137 placuit3
1077 2080 1199 2136 eique
1240 2088 1279 2120 et
1327 2079 1496 2133 collegae
1539 2080 1614 2119 Cn.
1650 2078 1813 2120 Manlio

395 2138 617 2193 imperium
652 2139 694 2179 in
728 2153 881 2179 annum
918 2145 1189 2193 prorogatum
1225 2146 1298 2178 est.
1360 2137 1426 2176 Eo
1461 2150 1568 2176 anno
1601 2136 1643 2176 in
1678 2136 1808 2177 aedem

397 2195 594 2236 Herculis
626 2195 789 2250 signum
823 2194 902 2235 Dei
936 2194 1066 2250 ipsius
1086 2209 1146 2235 ex
1175 2193 1506 2234 decemvirorum
1536 2207 1746 2248 responso,
1768 2201 1810 2234 et

395 2252 559 2307 sejuges
588 2251 628 2291 in
653 2249 861 2308 Capitolio
882 2251 1016 2292 aurati
1042 2266 1067 2291 a
1089 2252 1136 2291 P.
1161 2250 1354 2291 Cornelio
1385 2248 1520 2306 positi.
1553 2248 1586 2273 ¹⁸
1598 2248 1806 2290 consulem

900 2334 915 2356 d
933 2334 1089 2366 Belbinites
1106 2336 1201 2366 Gron.
1220 2336 1311 2366 Crev.

441 2421 478 2450 16
503 2420 588 2450 Nihil
615 2421 791 2450 obedientius
810 2419 964 2461 flemma,
993 2432 1079 2461 quam
1122 2420 1240 2456 caudis,
1290 2419 1534 2451 monumentisve
1583 2421 1810 2458 consecrandis,

393 2471 427 2494 ut.
451 2474 546 2493 muros
568 2463 734 2503 diruerent]
761 2463 844 2500 Quia
868 2473 977 2505 nempe
1000 2464 1078 2494 muri

395 2517 412 2537 a
450 2505 588 2548 tyrannis
628 2505 786 2540 exstructi,
823 2504 963 2546 dqfimnes
999 2508 1079 2536 velue

393 2551 540 2579 cicatrices
577 2550 702 2587 ipsarum
739 2550 885 2578 servitutis
921 2556 1014 2583 munt,
1046 2556 1079 2579 ut

394 2592 529 2633 loquitur
563 2591 720 2631 Lycortas,
753 2589 831 2621 infra
868 2590 887 2620 l.
922 2592 1079 2621 xxxlx.

394 2646 422 2665 c.
453 2636 505 2665 37.
552 2633 624 2664 vid.
653 2632 695 2663 ibi
724 2638 786 2663 not.
813 2639 844 2663 et
869 2639 930 2664 not.
957 2635 1007 2664 31.
1039 2634 1078 2664 ad

396 2677 554 2707 XXXIV.
568 2678 618 2707 38.
635 2686 738 2717 supra.

443 2720 580 2753 17⁴*Q11i
613 2732 630 2749 a
666 2721 800 2759 tyrannis
832 2719 945 2748 liberati
976 2719 1074 2759 erant]

395 2764 505 2792 Servos
519 2772 537 2793 a
553 2761 690 2803 tyrannis
704 2761 845 2792 libertate
860 2761 999 2791 donatos.

441 2807 478 2836 18
504 2806 655 2835 Consulem
685 2805 793 2835 dedisse
820 2805 991 2843 inscriptum
1020 2804 1075 2844 est]

400 2848 470 2877 Mos
494 2847 547 2878 fuit
566 2853 715 2883 veterum,
731 2851 765 2878 ut
786 2847 817 2877 in
836 2845 970 2877 donariis
989 2845 1076 2876 ‹ledi-

1123 2463 1270 2493 honorum
1291 2474 1367 2504 quos
1388 2462 1562 2503 gessissent.
1580 2474 1616 2494 ac
1639 2463 1808 2505 praesertim

1123 2507 1302 2536 consulatus
1329 2505 1514 2536 mentionem
1549 2505 1694 2541 facerent,
1724 2516 1807 2537 sese-

1122 2559 1182 2589 que
1206 2549 1346 2580 consules
1361 2559 1389 2578 v.
1410 2558 1439 2588 g.
1464 2548 1674 2586 inscriberent,
1697 2559 1806 2590 quam-

1123 2590 1168 2621 vis
1199 2591 1377 2621 consulatus
1406 2596 1526 2632 tempu3
1562 2597 1625 2623 tum
1663 2597 1809 2622 exactum

1122 2639 1211 2666 esset.
1237 2644 1332 2674 quum
1366 2633 1416 2663 ille
1449 2634 1556 2664 titulus
1582 2635 1809 2666 inscriberetur.

1124 2676 1159 2705 Id
1176 2676 1288 2707 invicte
1310 2677 1418 2717 probat
1436 2676 1620 2713 Perizonius.
1638 2676 1808 2708 Animadv.

1122 2719 1203 2748 nist.
1220 2729 1246 2748 c.
1261 2721 1291 2749 7.
1337 2719 1444 2758 Igitur.
1462 2720 1531 2751 licet
1550 2720 1654 2751 Livius
1677 2719 1726 2750 hic
1747 2719 1805 2750 du-

1120 2761 1216 2792 bitare
1240 2760 1397 2794 videatur:
1424 2762 1458 2792 l’.
1476 2763 1636 2794 Cornelius
1658 2762 1732 2793 (lum
1757 2762 1805 2792 in-

1120 2804 1238 2846 scripsit
1268 2814 1300 2834 se
1328 2805 1486 2836 consulem
1520 2806 1642 2848 sejuges
1669 2805 1805 2840 dedisse,

1120 2846 1290 2885 sig-nificare
1332 2852 1450 2881 tantum
1487 2849 1583 2880 voluit
1617 2859 1649 2879 se
1692 2848 1807 2879 honoro
