1947 3222
355 139 432 171 232
883 133 1247 185 1'1T1L1V11

146 251 183 280 u.
197 252 231 280 c.
251 250 323 280 560.
355 249 438 282 tam
458 243 634 282 alienum
654 242 768 283 rebus
787 242 928 283 vestris
947 248 1015 283 est.
1071 240 1232 295 Quippe
1246 242 1333 283 sine
1347 245 1506 297 gratia,
1522 244 1610 284 sine
1630 244 1767 298 digni-

144 293 185 323 A.
200 295 232 323 C·
254 293 323 324 192.
356 303 454 350 tate,
470 301 682 352 praemium
703 300 865 340 victoris
885 300 1011 340 eritis.

414 355 464 396 L.
497 356 586 397 Nec
615 355 795 398 absurde
825 356 1024 397 adversus
1054 363 1256 411 utrosque
1275 355 1533 413 respondisse
1555 355 1667 398 visus
1687 364 1767 406 est,

357 421 398 454 et
419 412 539 454 facile
559 421 647 454 erat
667 412 894 453 orationem
924 412 1040 467 apud
1067 412 1254 453 faventes
1278 413 1410 469 aequis
1431 412 1603 454 auribus
1622 413 1764 469 accipi.

356 469 472 510 nulla
500 469 608 510 enim
638 485 711 510 nec
733 468 993 524 disceptatiO,
1014 483 1088 508 nec
1122 467 1331 510 dubitatio
1361 470 1459 519 fuit,
1482 469 1584 524 quin
1608 485 1764 519 omnes,

355 527 521 567 eosdem
553 525 668 581 genti
701 525 956 565 Achaeorum
995 524 1135 565 hostes
1169 534 1210 566 et
1245 526 1411 575 amicos,
1443 541 1548 582 quos
1583 526 1767 583 populus

357 583 573 623 Romanus
603 581 841 630 censuisset,
863 580 1117 636 judicarent,
1144 581 1384 637 bellumque
1415 591 1456 623 et
1477 583 1703 634 Antiocho,
1723 590 1766 623 et

357 638 514 680 AEtolis
534 637 722 678 nunciari
737 637 948 693 juberent.
980 636 1156 678 Auxilia
1175 637 1312 688 etiam,
1331 654 1416 694 quo
1437 640 1597 681 censuit
1612 640 1766 690 Quinc-

356 696 455 746 tius,
484 694 808 750 quingentorum
843 693 1024 734 militum
1059 693 1314 746 Chalcidem,
1339 695 1663 751 quingentorum
1696 695 1763 736 Pi-

356 766 509 792 raeeum
546 750 756 806 extemplo
785 750 999 791 miserunt.
1060 750 1166 792 Erat
1200 750 1307 791 enim
1337 751 1452 792 haud
1483 753 1629 807 procul
1661 751 1765 794 sedi-

357 808 466 849 tione
488 806 668 848 Athenis
687 822 766 857 res,
789 806 1050 848 trahentibus
1069 806 1123 847 ad
1144 807 1403 848 Antiochum
1420 809 1672 864 quibusdam
1693 824 1766 866 spe

356 863 624 919 largitionum
645 863 832 904 venalem
858 863 994 919 pretio
1014 863 1348 912 multitudinem
1380 864 1511 906 donec
1531 865 1583 906 ab
1603 865 1667 917 iis,
1689 866 1764 922 qui

356 921 558 961 Romanae
577 919 708 976 partis
720 928 852 970 erant,
868 919 1089 970 Quinctius
1104 928 1164 961 est
1186 920 1364 971 adcitus,
1381 929 1437 971 et,
1451 931 1670 964 accusante
1684 923 1765 963 Le-

353 985 450 1018 onte
463 977 662 1033 quodam,
677 976 962 1033 Apollodorus
975 984 1120 1018 auctor
1133 976 1374 1018 defectionis
1388 977 1622 1028 damnatus,
1636 988 1765 1035 atque

353 1034 396 1075 in
417 1033 608 1075 exsilium
629 1041 689 1075 est
710 1034 877 1090 ejectus.
929 1034 988 1075 Et
1008 1034 1061 1075 ab
1082 1033 1252 1075 Achaeis
1268 1034 1438 1090 quidem
1454 1050 1550 1075 cum
1571 1035 1679 1077 tristi
1700 1051 1765 1076 re-

354 1106 503 1146 sponso
524 1089 676 1146 legatio
696 1090 750 1131 ad
769 1105 909 1145 regem
929 1090 1065 1132 rediit.
1128 1090 1266 1132 Boeoti
1287 1091 1390 1132 nihil
1411 1091 1512 1133 certi
1542 1092 1764 1148 responde-

350 1155 474 1188 runt:
519 1161 635 1201 quum
666 1148 884 1188 Antiochus
918 1148 958 1187 in
989 1148 1191 1188 Boeotiam
1222 1149 1402 1199 venisset,
1431 1154 1526 1197 tum,
1558 1151 1659 1202 quid
1685 1149 1765 1190 sibi

335 1203 583 1258 faciundum
610 1210 720 1251 esset,
742 1219 784 1244 se
802 1204 1092 1245 deliberaturos
1118 1219 1210 1245 esse.
1270 1204 1522 1256 Antiochus,
1544 1221 1677 1261 quum
1707 1205 1762 1246 ad

354 1260 565 1301 Chalcidis
584 1260 841 1316 praesidium,
862 1269 903 1303 et
925 1261 1105 1302 Achaeos
1126 1269 1166 1303 et
1189 1262 1423 1302 Eumenem
1443 1277 1583 1318 regem
1604 1262 1761 1304 misisse

350 1317 548 1367 audisset,
580 1317 878 1358 maturandum
906 1326 1037 1368 ratus,
1066 1326 1112 1359 ut
1145 1327 1185 1359 et
1215 1319 1492 1373 praevenirent
1523 1319 1601 1370 sui,
1623 1328 1664 1360 et
1694 1334 1763 1360 ve-

351 1373 524 1424 nientes,
547 1373 579 1415 si
604 1382 787 1437 possent,
809 1374 1060 1430 exciperent,
1086 1375 1338 1430 Menippum
1359 1390 1455 1415 cum
1476 1375 1611 1416 tribus
1631 1376 1762 1416 ferme

350 1430 534 1471 millibus
563 1431 758 1481 militum,
789 1440 830 1472 et
861 1446 954 1472 cum
985 1430 1097 1471 omni
1129 1430 1254 1471 classe
1286 1431 1588 1487 Polyxenidam
1617 1431 1761 1473 mittit.

351 1486 439 1542 ipse
460 1502 614 1543 paucos
634 1496 728 1543 post
749 1487 836 1529 dies
854 1503 924 1528 sex
945 1487 1074 1528 millia
1089 1503 1260 1529 suorum
1280 1487 1476 1538 militum,
1495 1497 1535 1529 et
1556 1504 1607 1530 ex
1629 1503 1678 1529 ea
1697 1504 1763 1529 co-

352 1544 436 1598 pia,
458 1559 555 1599 quae
576 1544 735 1585 Lamiae
755 1552 925 1600 repente
945 1543 1083 1599 colligi
1103 1545 1258 1599 potuit,
1279 1559 1362 1584 non
1386 1544 1446 1585 ita
1465 1544 1620 1586 multos
1641 1545 1763 1586 AEto-

139 1603 321 1651 Praesiflium
353 1600 412 1640 los
440 1600 568 1642 ducit.
630 1601 778 1642 Achaei
799 1600 1032 1657 quingenti,
1055 1609 1096 1641 et
1126 1601 1179 1642 ab
1203 1600 1389 1642 Eumene
1424 1616 1521 1656 rege
1550 1601 1763 1643 modicum

138 1647 320 1694 Chalcidem
352 1657 557 1698 auxilium
586 1657 772 1707 missum,
794 1657 900 1699 duce
923 1657 1156 1697 Xenoclide
1179 1657 1456 1707 Chalcidensi,
1478 1658 1665 1699 nondum
1691 1658 1764 1700 ob·-

138 1701 275 1721 nussum.
354 1714 471 1755 sessis
500 1713 732 1764 itineribus,
755 1722 849 1755 tuto
880 1713 1123 1768 transgressi
1144 1714 1372 1769 Euripum,
1397 1714 1638 1756 Chalcidem
1668 1730 1764 1771 per-

353 1778 568 1812 venerunt.
630 1771 810 1812 Romani
839 1769 1006 1820 milites,
1028 1769 1249 1825 quingenti
1279 1770 1409 1811 ferme
1438 1778 1479 1811 et
1510 1771 1604 1827 ipsi,
1626 1787 1761 1828 quum

346 1828 435 1882 jam
472 1827 702 1883 Menippus
736 1835 871 1868 castra
910 1834 1004 1868 ante
1047 1826 1248 1882 Salganea
1287 1826 1340 1868 ad
1382 1828 1641 1878 Hcrmaeum,
1677 1844 1762 1884 qua

353 1883 552 1925 transitus
578 1899 628 1924 ex
652 1884 816 1924 Boeotia
835 1883 877 1924 in
899 1883 1108 1923 Euboeam
1137 1882 1313 1924 insulam
1335 1891 1410 1933 est,
1432 1884 1619 1934 haberet,
1642 1900 1762 1925 vene-

352 1949 464 1982 runt.
511 1940 660 1981 Mictio
681 1948 769 1981 erat
789 1954 885 1980 cum
905 1939 969 1989 iis,
986 1938 1150 1994 legatus
1169 1955 1195 1980 a
1211 1939 1410 1980 Chalcide
1431 1940 1483 1981 ad
1501 1940 1759 1991 Quinctium,

352 1997 406 2037 ad
440 1997 484 2038 id
515 1998 654 2054 ipsum
688 1995 928 2052 praesidium
962 1996 1204 2051 petendum,
1235 1995 1395 2037 missus.
1427 1997 1501 2053 qui
1535 2007 1760 2054 postquam

352 2054 536 2095 obsessas
582 2053 635 2094 ab
680 2052 870 2094 hostibus
919 2052 1059 2093 fauces
1104 2052 1226 2102 vidit,
1267 2052 1416 2094 omisso
1463 2053 1516 2095 ad
1562 2054 1759 2096 Aulidem

351 2110 512 2161 itinere,
535 2110 705 2151 Delium
735 2108 954 2159 convertit,
981 2117 1029 2150 ut
1062 2108 1158 2151 inde
1188 2109 1230 2150 in
1261 2110 1467 2151 Euboeam
1499 2110 1760 2154 transmissu-

352 2182 436 2208 rus.

138 2230 330 2279 Adtneqlinum
410 2225 488 2265 LI.
523 2224 750 2286 Templum
796 2233 857 2265 est
901 2222 1111 2279 Apollinis
1153 2223 1338 2273 Delium,
1378 2223 1582 2266 inminens
1627 2224 1754 2267 mari:

136 2283 207 2304 (Ἕω
222 2275 333 2323 ¹¹¹¹l¹oe³
352 2281 539 2337 quinque
554 2280 683 2320 milha
701 2295 898 2336 passuum
916 2295 939 2320 a
957 2280 1154 2336 Tanagra
1169 2280 1296 2321 abest.
1319 2280 1455 2321 minus
1470 2288 1653 2336 quatuor
1669 2282 1758 2323 mil-

139 2316 285 2349 Romam.
353 2338 455 2379 lium
476 2336 571 2378 inde
592 2337 634 2378 in
664 2338 854 2392 proxima
875 2336 1052 2377 Euboeae
1073 2345 1135 2378 cst
1162 2337 1265 2378 mari
1286 2337 1499 2392 trajectus.
1560 2337 1647 2378 Ubi
1669 2337 1755 2381 ⁶²et

352 2394 392 2434 in
427 2394 525 2434 fano
559 2393 750 2449 lucoque,
776 2409 825 2434 ea
852 2392 1050 2456 religione
1079 2401 1121 2434 et
1147 2409 1196 2434 eo
1223 2395 1321 2449 jure
1356 2401 1510 2444 sancto,
1539 2409 1624 2449 quo
1659 2404 1756 2437 sunt

353 2451 521 2507 templa,
543 2456 659 2505 quae¹
679 2450 794 2506 asyla
815 2449 953 2491 Graem
981 2449 1207 2505 adpellant,
1229 2458 1268 2491 et
1300 2449 1484 2490 nondum
1506 2458 1578 2491 aut
1600 2450 1756 2493 indicto

859 2552 877 2570 ²
891 2560 956 2589 «μισ
968 2548 1031 2580 del.
1045 2549 1142 2580 Gron.
1158 2548 1248 2579 Crev.

353 2658 511 2689 Victorino
535 2658 708 2700 praeserunt,
731 2670 787 2688 non
814 2661 1031 2698 interponendi.—
1074 2662 1145 2690 dum
1167 2667 1219 2690 aut
1242 2662 1350 2691 indicto
1371 2661 1456 2700 bello]
1483 2661 1562 2691 Duae
1580 2667 1667 2692 erant
1681 2671 1753 2692 cau-

351 2702 403 2732 ubi
439 2711 561 2732 neccsse
598 2701 674 2732 foret
709 2700 838 2741 intelligi
869 2703 1031 2737 consilium,
1075 2713 1127 2738 sae,
1144 2704 1182 2734 ob
1197 2713 1274 2743 quas
1289 2702 1422 2734 Romani
1437 2703 1535 2734 securi
1558 2704 1751 2745 palarentur:

352 2750 405 2775 aut
421 2744 535 2785 aliquid
559 2744 617 2775 ale.
661 2745 834 2775 Gronovius
847 2744 1031 2784 quibusdam
1075 2746 1147 2785 quia
1173 2755 1280 2787 nempe
1303 2751 1333 2776 et
1355 2751 1442 2776 erant
1467 2747 1498 2777 in
1525 2747 1594 2777 fano
1620 2747 1751 2788 lucoque

350 2787 453 2817 allatis
466 2787 614 2835 exemplis
627 2786 658 2817 id
680 2786 757 2818 tueri
779 2793 916 2817 conatur.
965 2787 1031 2817 No·
1074 2787 1274 2823 sanctissimo.
1298 2794 1327 2820 et
1350 2789 1466 2820 bellum
1496 2789 1631 2821 nondum
1657 2789 1754 2822 indic·

350 2830 398 2860 his
412 2830 520 2860 ‹lumm
535 2830 665 2861 Videtur.
1074 2836 1137 2861 tum
1152 2837 1226 2862 erat.

393 2871 433 2903 (5⁴2
460 2873 496 2903 Iit
519 2875 549 2903 in.
564 2872 643 2914 sano
670 2873 787 2915 lucoque
811 2896 819 2904 .
845 2895 852 2902 .
877 2894 884 2904 .
910 2880 933 2903 el
958 2884 1028 2904 nort-
