1947 3222
496 98 615 136 LIB.
647 97 800 135 XXXI.
845 98 977 134 CAP.
1009 97 1120 134 XIII.
1476 103 1521 135 13

101 206 239 261 pitum
270 206 481 264 ingentem
510 214 716 248 exortum.
776 206 874 247 Jam
907 205 1147 246 animalium
1179 206 1363 248 obscoeni
1393 206 1522 249 foetus
1538 219 1576 250 U.
1594 219 1716 250 0552.

102 262 296 318 pluribus
328 263 426 305 locis
455 264 775 305 nunciabantur.
808 263 850 304 in
881 263 1045 304 Sabinis
1075 263 1259 303 incertus
1288 263 1425 305 infans
1453 262 1718 306 naf-A·C·2⁰⁰·

104 326 189 369 tus,
211 320 419 362 masculus
438 336 491 361 an
521 321 677 361 femina
700 328 818 361 esset.
850 320 956 361 alter
977 319 1185 360 sexdecim
1209 320 1299 374 jam
1320 335 1524 362 annorum

103 375 203 417 item
225 377 422 432 ambiguo
450 392 553 418 sexu
582 377 789 418 inventus.
852 376 1085 417 Frusinone
1115 391 1249 432 agnus
1279 391 1375 417 cum
1406 378 1527 419 suillo

104 433 253 489 capite,
278 433 483 475 Sinuessae
512 449 665 489 porcus
690 449 786 474 cum
817 433 952 489 capite
981 433 1165 473 humano
1194 440 1343 474 natus:
1375 433 1419 473 in
1441 434 1529 475 Lu-

104 490 214 531 canis
235 489 278 530 in
298 505 399 546 agro
419 490 590 547 publico
606 490 812 547 equuleus
833 506 929 531 cum
946 489 1133 546 quinque
1155 489 1346 546 pedibus.
1394 490 1530 531 Foeda

103 547 242 587 omnia
261 555 302 588 et
323 547 541 598 deformia,
564 547 823 603 errantisque
847 548 891 588 in
912 547 1066 588 alienos
1087 547 1215 587 foetus
1246 554 1409 588 naturae
1429 548 1529 588 visa.

105 604 220 643 Ante
249 603 388 645 omnia
417 604 644 646 abominati
673 605 923 654 semimares,
940 604 1133 660 jussique
1162 604 1207 644 in
1235 618 1350 644 mare
1376 612 1533 645 extem-

136 659 176 700 lo
205 659 440 716 deportari:
475 661 582 704 sicut
612 661 816 718 proxime,
846 663 893 702 C.
919 660 1112 712 Claudio,
1145 662 1209 701 M.
1234 659 1358 701 Livio
1387 669 1534 702 consu-

103 675 231 767 libus,
252 718 500 774 deportatus
525 719 668 760 similis
698 718 880 774 prodigii
911 718 1039 759 foetus
1060 726 1160 760 erat.
1222 716 1367 758 Nihilo
1396 717 1534 759 minus

105 772 362 816 decemviros
392 775 506 817 adire
536 776 664 817 libros
692 776 744 816 de
774 783 969 832 portento
993 791 1042 816 eo
1066 776 1296 831 jusserunt.
1359 775 1535 816 Decem-

107 830 185 871 viri
215 847 268 873 ex
300 831 417 873 libris
446 848 511 873 res
541 832 704 873 divinas
736 832 916 881 easdem,
948 847 1046 887 quae
1080 831 1270 887 proxime
1303 831 1534 873 secundum

105 886 151 928 id
170 888 413 944 prodigium
442 890 566 930 factae
587 897 736 938 essent,
758 890 1032 944 imperarunt.
1065 903 1230 928 carmen
1257 897 1462 943 praeterea
1481 889 1534 930 ab

105 952 170 985 ter
190 946 362 987 novenis
382 946 616 1001 virginibus
641 945 731 986 cani
762 961 836 1001 per
858 945 1006 986 urbem
1034 945 1268 1000 jusserunt,
1291 945 1535 1001 donumque

106 1002 268 1043 Junoni
300 1003 475 1058 Reginae
509 1002 621 1043 ferri.
685 1004 751 1043 Ea
786 1002 851 1043 uti
885 1002 1048 1052 fierent,
1082 1002 1130 1042 C.
1154 1001 1358 1042 Aurelius
1391 1003 1535 1044 consul

107 1073 159 1099 ex
195 1058 524 1100 decemvirorum
564 1074 760 1115 responso
800 1060 975 1100 curavit.
1040 1060 1234 1109 Carmen,
1272 1058 1379 1100 sicut
1419 1057 1453 1085 5⁷
1465 1074 1536 1115 pa-

108 1123 222 1156 trum
261 1117 461 1157 memoria
494 1116 660 1166 Livius,
695 1116 755 1158 ita
795 1125 887 1158 tum
926 1115 1114 1157 condidit
1152 1117 1200 1156 P.
1224 1115 1414 1157 Licinius
1453 1117 1537 1157 Te-

108 1172 221 1226 gula.

167 1230 308 1271 XIII.
342 1231 538 1287 Expiatis
559 1232 753 1274 omnibus
783 1231 1070 1287 religionibus,
1095 1231 1211 1284 (nam
1242 1231 1367 1273 etiam
1390 1231 1536 1273 Locris
1550 1241 1689 1272 Reddita

108 1286 369 1343 sacrilegium
405 1289 735 1345 pervestigatum
771 1305 796 1329 a
832 1290 881 1339 Q.
906 1289 1098 1330 Minucio
1134 1297 1238 1340 erat,
1275 1289 1537 1346 pecuniaque
1550 1285 1741 1333 Proserpinae

108 1357 161 1384 ex
180 1343 301 1385 bonis
331 1346 553 1387 noxiorum
583 1346 626 1387 in
647 1347 865 1387 thesauros
894 1346 1096 1402 reposita)
1120 1361 1254 1402 quum
1284 1346 1473 1387 consules
1493 1347 1538 1387 in
1550 1338 1692 1370 pecunia.

107 1401 343 1457 provincias
374 1403 580 1459 proficisci
610 1403 790 1450 vellent;
824 1402 979 1459 privati
1010 1403 1267 1459 frequentes,
1299 1402 1456 1460 quibus
1486 1419 1539 1445 ex

109 1458 301 1513 pecunia,
323 1475 452 1515 quam
483 1461 547 1501 M.
571 1460 752 1511 Valerio,
776 1460 840 1501 M.
866 1459 1046 1501 Claudio
1074 1460 1316 1501 consulibus
1345 1468 1539 1501 mutuam

108 1515 326 1566 dederant,
347 1516 382 1540 ⁵⁸
395 1516 520 1558 tertia
548 1517 692 1572 pensio
713 1517 947 1558 debebatur
976 1532 1025 1557 eo
1054 1532 1178 1567 anno,
1200 1517 1396 1558 adierunt
1425 1532 1540 1558 sena„-

110 1579 228 1613 tum:
261 1574 362 1628 quia
391 1573 595 1623 consules,
618 1589 751 1629 quum
773 1574 827 1615 ad
856 1588 1014 1614 novum
1046 1573 1220 1623 bellum,
1242 1573 1360 1629 quod
1386 1589 1537 1629 magna

111 1629 239 1670 classe
268 1629 515 1686 magnisque
545 1630 797 1671 exercitibus
826 1630 1058 1686 gerendum
1089 1638 1211 1680 esset,
1239 1630 1312 1670 vix
1342 1631 1538 1672 aerarium

112 1685 348 1736 subficeret,
368 1694 623 1742 negaverant
648 1702 749 1737 esse,
772 1687 884 1728 unde
905 1686 955 1727 iis
975 1686 1018 1726 in
1049 1687 1273 1742 praesentia
1294 1686 1536 1728 solveretur.

112 1744 290 1784 Senatus
320 1751 543 1799 querentes
573 1759 642 1784 eos
673 1759 758 1784 non
788 1743 1002 1793 sustinuit,
1025 1745 1072 1785 Si
1101 1745 1145 1784 in
1167 1745 1367 1785 Punicum
1395 1745 1538 1785 bellum

101 1801 280 1853 pecunia
310 1802 425 1850 data,
458 1802 503 1841 in
531 1801 837 1841 Macedonicum
869 1815 1022 1855 quoque
1051 1801 1192 1842 bellum
1223 1803 1286 1842 uti
1312 1802 1540 1855 respublica

108 1858 226 1899 vellet
238 1880 252 1905 ;
286 1859 384 1899 aliis
404 1873 454 1899 ex
473 1859 571 1899 aliis
585 1858 807 1899 orientibus
827 1859 954 1908 bellis,
970 1859 1071 1913 quid
1085 1859 1201 1899 aliud
1219 1873 1337 1913 quam
1354 1859 1540 1912 publica-

109 1921 207 1963 tam,
223 1929 302 1968 pro
322 1916 521 1970 beneficio,
543 1922 747 1970 tamquam
768 1916 816 1956 oh
843 1930 1003 1965 noxam,
1024 1930 1136 1956 suam
1163 1917 1380 1969 pecuniam
1396 1919 1501 1970 sore
1516 1921 1537 1957 ?
1554 1931 1755 1972 Propecunia

112 1972 255 2022 Quum
277 1980 318 2014 et
342 1974 497 2030 privati
518 1989 690 2030 aequum
720 1972 998 2030 postularent,
1018 1972 1052 1997 ⁵⁹
1065 1988 1140 2014 nec
1170 1981 1310 2015 tamen
1341 1974 1538 2016 solvendo
1552 1974 1678 2022 prii-atis
1691 1974 1755 2020 agri

110 2044 193 2070 aere
222 2029 355 2072 alieno
384 2030 620 2087 respublica
649 2037 770 2080 esset,
792 2029 909 2086 quod
940 2030 1126 2071 medium
1157 2029 1266 2072 inter
1295 2044 1469 2087 aequum
1496 2040 1538 2073 et
1553 2023 1710 2058 ³³⁵¹g¹¹²²t¹'

109 2085 214 2127 utile
234 2094 338 2136 erat,
360 2087 649 2138 decreverunt,
673 2088 742 2136 Ut,
765 2089 954 2142 quoniam
975 2102 1124 2142 magna
1137 2101 1244 2141 pars
1263 2101 1396 2128 eorum
1417 2103 1540 2143 agros

110 2144 230 2197 vulgo
250 2146 409 2185 venales
429 2159 509 2186 esse
529 2147 694 2196 diceret,
711 2152 749 2185 et
768 2145 927 2186 sibimet
947 2146 1061 2186 emtis
1081 2159 1179 2198 opus
1198 2159 1279 2186 esse
1284 2167 1299 2192 ,·
1323 2146 1421 2200 agri
1431 2146 1538 2199 pub-

109 2200 196 2249 lici,
217 2199 328 2255 ⁶⁰quz'
348 2204 461 2243 iutra
482 2203 851 2256 quinquagesimum
871 2203 1049 2255 lapidem
1069 2208 1183 2254 esset,
1199 2204 1318 2256 copia
1338 2204 1392 2244 iis
1393 2204 1536 2256 fleret.

114 2258 302 2299 Consules
335 2274 477 2314 agrum
508 2261 790 2309 aestimaturos,
813 2265 850 2299 et
878 2258 910 2283 ⁶¹
925 2261 969 2300 in
983 2259 1141 2315 jugera
1171 2274 1280 2301 asses
1308 2261 1536 2315 vectigales,

110 2317 291 2357 testandi
309 2331 450 2358 caussa
472 2317 674 2370 publicum
702 2331 843 2371 agrum
864 2332 957 2366 esse,
980 2318 1227 2371 inposituros
1238 2339 1253 2365 ;
1286 2325 1345 2368 ut,
1366 2319 1404 2358 si
1433 2319 1537 2372 quis,

158 2427 198 2457 57
211 2429 231 2449 ¹*
244 2427 370 2458 Patrum
398 2427 548 2468 memoria]
589 2427 806 2468 Quadraginta
891 2426 932 2456 59
958 2426 1020 2457 Nec
1034 2449 1042 2457 .
1060 2449 1068 2457 .
1085 2449 1094 2458 .
1112 2428 1242 2457 solvendo
1270 2438 1330 2457 oere
1359 2427 1455 2457 alieno
1479 2438 1539 2458 res-

115 2468 237 2502 circiter
261 2470 351 2501 annis
375 2476 447 2501 ante
469 2469 552 2500 hunc
577 2469 615 2500 de
639 2481 700 2512 quo
723 2481 806 2501 nunc
846 2469 965 2507 publica
983 2470 1067 2511 esset]
1092 2469 1197 2501 Recta
1217 2469 1364 2511 loquendi
1386 2479 1494 2500 norma
1509 2475 1540 2501 et

116 2512 182 2553 agit
202 2518 315 2544 noster.
359 2514 472 2554 Itaque
487 2513 541 2554 qui
563 2518 628 2544 tum
649 2514 805 2549 vivebant,
850 2512 1040 2543 consuetudo
1054 2513 1190 2554 postulat
1204 2515 1268 2543 ceri.

116 2564 222 2586 eorum
249 2562 351 2598 patres
373 2555 511 2597 aequales
537 2555 659 2587 fuerant
675 2562 707 2586 et
727 2567 806 2587 coae-
894 2555 935 2585 60
960 2555 1020 2589 Qui
1047 2557 1130 2586 intra
1162 2557 1435 2598 quinquagesimum
1464 2555 1539 2594 lapi-

116 2599 201 2629 tanei
217 2599 297 2630 Livii
318 2604 429 2641 poetae.
463 2598 538 2630 vid.
554 2610 647 2641 supra
661 2599 805 2630 XXVII.
850 2599 913 2628 dem
927 2599 1011 2640 esset]
1036 2598 1099 2635 Qui
1117 2604 1198 2630 esset
1213 2598 1294 2629 intra
1313 2597 1541 2640 quinquaginta

119 2640 173 2671 37.
187 2647 218 2673 et
230 2641 275 2672 ibi
289 2647 355 2672 not.
850 2641 890 2672 ab
926 2642 1002 2672 urbe
1038 2640 1138 2673 millia
1171 2652 1330 2684 passuum.
1389 2640 1540 2671 Millian'a

163 2685 204 2715 58
229 2685 328 2715 Tertia
354 2686 451 2725 pensio
474 2685 630 2715 debebatur
656 2697 687 2718 eo
711 2685 804 2727 anno]
849 2683 1006 2726 lapidibus
1043 2684 1299 2726 designabantur,
1328 2689 1362 2714 ut
1398 2682 1541 2714 omnibus

120 2725 190 2757 Hoc
212 2733 299 2769 patet
320 2738 359 2758 ex
378 2729 402 2759 l.
415 2728 540 2759 XXIX.
557 2737 583 2758 c.
602 2728 652 2759 16.
695 2728 740 2759 At
760 2738 807 2759 se·
852 2732 970 2758 notum.

121 2768 225 2801 cunda
247 2770 384 2801 nondum
411 2771 513 2802 soluta
538 2769 649 2807 fuerat,
665 2776 698 2802 ut
721 2770 808 2803 colli·
895 2770 1014 2802 61⁸1n
1030 2772 1241 2813 jugera'asses
1265 2768 1432 2811 vectigales]
1470 2767 1540 2799 Sin-

119 2811 201 2851 gitur
224 2822 261 2842 ex
281 2812 305 2844 l.
321 2814 484 2845 XXXIII.
502 2824 531 2846 c.
547 2814 597 2844 42.
622 2814 675 2844 ubi
698 2814 808 2845 ultima
851 2812 941 2853 gulos
973 2824 1056 2845 asses
1085 2813 1117 2845 in
1146 2813 1257 2854 jugera
1291 2811 1452 2853 vectigalis
1484 2822 1540 2843 no·

122 2854 230 2897 pensio
244 2856 434 2898 persolvitur.
851 2855 946 2888 mine.
