1947 3222
206 233 243 307 ,ορ

256 234 317 264 ἓ

150 234 194 307 ΡΨ

255 277 274 307 Μ

278 276 319 307 Ξ

176 1751 241 1783 Res
259 1751 346 1782 Grae-

177 1796 242 1826 ciae.

361 119 411 151 20
882 109 1022 147 TITI
1072 110 1241 148 LIVII

322 254 331 263 .
362 218 553 275 amplecti
574 218 755 259 hostium
777 219 902 259 aciem
928 218 1063 274 (quod
1090 219 1131 259 in
1163 219 1432 260 multitudine
1453 218 1650 259 adversus
1669 233 1774 274 pau-

322 297 332 306 ·
362 292 430 318 cos
450 275 570 317 facile
593 274 834 329 videbatur)
858 275 993 316 conati
1015 283 1124 316 sunt.
1178 276 1231 316 Id
1252 276 1324 316 ubi
1346 275 1452 316 vidit
1472 282 1640 331 praetor,
1663 282 1712 315 ut
1731 282 1773 315 et

363 332 450 388 ipse
470 331 662 373 dilataret
690 332 833 380 aciem,
854 330 958 370 duas
988 330 1169 385 legiones
1189 346 1238 371 ex
1262 331 1455 372 subsidiis
1477 331 1625 372 dextra
1653 329 1775 371 laeva„

364 403 446 444 que
477 388 568 437 alae,
591 403 687 442 quae
718 386 759 427 in
789 386 923 442 prima
952 387 1037 426 acie
1067 387 1296 442 pugnabat,
1323 387 1566 436 circumdat,
1588 386 1777 427 ⁹¹aedem-

365 459 448 501 que
479 445 571 485 Deo
601 443 700 484 Jovi
733 443 860 493 vovit,
883 443 915 483 si
947 458 994 483 eo
1024 442 1090 483 dic
1122 443 1260 483 'nostes
1295 444 1481 485 fudisset.
1544 445 1590 484 L.
1616 442 1777 484 Valerio

364 501 557 557 imperat,
579 500 612 523 ⁹²
626 508 674 540 ut
704 508 822 556 parte
847 499 1026 540 duarum
1057 498 1266 554 legionum
1297 501 1472 555 equites,
1494 500 1623 542 altera
1653 499 1778 540 socio-

366 572 459 598 rum
482 557 717 612 equitatum
747 556 789 596 in
816 570 971 596 cornua
997 554 1180 596 hostium
1210 555 1387 605 emittat,
1409 571 1482 596 nec
1504 555 1780 597 ⁹³circumire‘*

368 629 435 654 eos
465 614 594 653 aciem
626 613 825 668 patiatur.
858 611 980 652 simul
1012 620 1051 652 et
1088 612 1188 667 ipse,
1222 620 1268 654 ut
1302 620 1568 653 extenuatam
1600 612 1777 653 mediam

368 669 559 710 deductis
594 669 787 710 cornibus
819 668 947 709 aciem
971 667 1189 709 Gallorum
1217 669 1337 717 vidit,
1360 670 1477 724 signa
1507 669 1658 709 inferre
1685 684 1780 710 con-

370 726 497 768 fertos
526 726 691 774 milites,
713 734 753 766 et
784 739 1051 781 perrumpere
1071 725 1235 765 ordines
1260 725 1393 780 jubet.
1455 726 1514 766 Et
1543 741 1698 766 cornua
1726 726 1780 767 ab

370 782 598 838 equitibus,
620 789 661 822 et
691 781 816 822 medii
846 796 871 822 a
899 781 1039 836 pedite
1069 780 1190 836 pulsi.
1221 796 1268 821 ac
1302 790 1484 836 repente,
1505 797 1639 838 quum
1668 783 1780 823 omni

372 848 489 895 parte
520 838 632 879 caede
667 838 825 893 ingenti
855 845 1151 886 sternerentur,
1175 837 1286 878 Galli
1317 845 1434 891 terga
1457 846 1640 889 vertunt,
1662 839 1782 895 fuga-

372 911 455 951 que
471 895 601 936 effusa
620 902 815 951 repetunt
837 902 981 935 castra.
1013 893 1220 948 fugientes
1250 902 1493 949 persecutus
1522 909 1662 949 eques,
1684 911 1781 936 mox

372 961 414 993 et
435 951 617 1008 legiones
636 951 832 992 insecutae
852 950 893 990 in
916 959 1049 991 castra
1069 950 1256 1005 inpetum
1284 950 1484 991 fecerunt.
1546 950 1692 991 Minus
1712 967 1782 992 sex

374 1008 504 1049 millia
541 1008 758 1048 hominum
797 1007 894 1048 inde
929 1007 1178 1062 effugerunt.
1225 1022 1330 1047 caesa
1369 1012 1458 1047 aut‘
1498 1014 1621 1063 capta
1659 1022 1785 1063 supra

375 1066 562 1122 quinque
582 1072 623 1105 et
645 1064 817 1119 triginta
846 1063 974 1104 millia
994 1078 1089 1104 cum
1121 1062 1246 1118 signis
1276 1062 1524 1104 militaribus
1549 1064 1786 1120 septuagin-

376 1130 451 1171 ω’,
473 1120 678 1177 carpentis
701 1119 886 1170 Gallicis,
909 1120 1042 1161 multa
1071 1119 1214 1175 praeda
1243 1119 1435 1169 oneratis,
1460 1120 1555 1175 plus
1582 1120 1784 1161 ducentis.

379 1178 592 1218 Hamilcar
613 1177 701 1217 dux
724 1178 881 1217 Poenus
902 1192 950 1217 eo
979 1176 1126 1233 proelio
1152 1175 1315 1225 cecidit,
1337 1183 1377 1216 et
1407 1184 1490 1216 tres
1520 1176 1788 1232 imperatores

377 1234 535 1275 nobiles
558 1234 788 1275 Gallorum.
850 1232 1079 1274 Placentini
1109 1232 1260 1288 captivi
1286 1232 1340 1272 ad
1369 1232 1454 1273 duo
1483 1232 1612 1273 millia
1641 1233 1788 1274 libero-

378 1306 472 1332 rum
493 1290 676 1347 capitum
698 1290 852 1331 redditi
874 1290 1038 1330 colonis.

438 1348 602 1388 XXII.
638 1346 797 1402 Magna
816 1346 989 1387 victoria
1018 1346 1196 1401 laetaque
1218 1347 1366 1387 Romae
1396 1346 1490 1387 fuit.
1522 1346 1652 1388 literis
1679 1346 1791 1388 adla-

381 1405 448 1454 tis,
471 1404 719 1460 supplicatio
748 1403 790 1443 in
820 1403 1008 1444 triduum
1039 1403 1204 1443 decreta
1223 1411 1296 1443 est.
1357 1404 1641 1444 Romanorum
1669 1404 1794 1445 socio-

383 1475 563 1524 rumque
584 1460 638 1500 ad
658 1460 744 1501 duo
764 1459 894 1500 millia
914 1475 962 1499 eo
982 1459 1128 1514 proelio
1149 1459 1409 1500 ceciderunt:
1443 1459 1612 1515 plurimi
1634 1461 1793 1501 dextrae

385 1517 476 1566 alae,
503 1532 545 1557 in
576 1531 703 1572 quam
737 1515 872 1572 primo
903 1515 1047 1571 inpetu
1078 1516 1140 1555 vis
1169 1516 1313 1570 ingens
1347 1515 1530 1556 hostium
1561 1516 1690 1557 inlata
1718 1525 1791 1558 est.

388 1575 652 1629 Quamquam
686 1588 760 1628 per
799 1579 1019 1627 praetorem
1061 1587 1190 1627 prope
1226 1571 1478 1612 debellatum
1514 1580 1617 1622 erat,
1653 1574 1796 1614 consul

387 1645 555 1686 quoque
588 1630 635 1669 C.
658 1628 872 1677 Aurelius,
894 1628 1103 1683 perfectis,
1126 1643 1222 1683 quae
1246 1629 1393 1668 Romae
1423 1629 1585 1683 agenda
1612 1629 1794 1681 fuerant,

387 1687 600 1743 profectus
634 1685 676 1725 in
709 1684 902 1734 Galliam,
933 1683 1131 1724 victorem
1163 1684 1390 1725 exercitum
1421 1700 1445 1725 a
1480 1693 1656 1740 praetore
1686 1701 1797 1727 acce-

388 1743 463 1800 pit.
525 1741 681 1783 Consul
711 1741 830 1791 alter,
851 1755 981 1795 quum
1003 1748 1206 1780 autumno
1235 1740 1363 1781 ferme
1384 1750 1529 1782 exacto
1558 1741 1599 1781 in
1630 1744 1796 1797 provin-

389 1801 494 1840 ciam
525 1799 714 1847 venisset,
740 1797 847 1838 circa
867 1796 1134 1852 Apolloniam
1164 1797 1422 1837 hibernabat.
1454 1797 1506 1838 ab
1537 1798 1677 1848 classe,
1700 1814 1796 1855 quae

391 1857 585 1911 Corcyrae
616 1854 823 1895 subcincta
852 1862 954 1902 erat,
978 1854 1025 1893 C.
1051 1853 1253 1894 Claudius
1283 1853 1552 1909 triremesque
1580 1855 1795 1905 Romanae,

177 1918 308 1952 Athenae
323 1917 376 1948 de-
391 1912 517 1964 (sicut
538 1920 633 1952 ante
654 1911 811 1952 dictum
833 1913 913 1963 est)
946 1910 1134 1951 Athenas
1156 1910 1302 1959 missae,
1325 1925 1457 1974 quum
1481 1911 1686 1952 Piraeeum
1707 1927 1799 1968 per-

178 1962 282 1992 fensae.

391 1970 610 2017 venissent,
633 1967 987 2023 despondentibus
1011 1968 1098 2022 jam
1129 1966 1285 2007 animos
1306 1982 1423 2007 sociis
1444 1982 1557 2022 spem
1587 1969 1797 2023 ingentem

392 2025 640 2067 adtulerant.
672 2039 766 2065 nam
796 2032 837 2064 et
867 2031 1079 2064 terrestres
1108 2024 1161 2064 ab
1187 2023 1403 2074 Corintho,
1425 2039 1521 2079 quae
1550 2039 1624 2080 per
1656 2026 1801 2082 Mega-

394 2097 480 2124 ram
501 2081 752 2123 incursiones
781 2080 823 2120 in
853 2095 974 2135 agros
1002 2079 1089 2120 fieri
1121 2079 1251 2121 solitae
1281 2089 1413 2130 erant,
1435 2095 1516 2121 non
1546 2081 1725 2129 fiebant;
1758 2091 1799 2124 et

394 2138 639 2196 praedonum
661 2154 685 2178 a
708 2137 904 2178 Chalcide
925 2152 1062 2185 naves,
1084 2152 1179 2192 quae
1200 2151 1281 2177 non
1303 2152 1413 2177 marc
1436 2137 1568 2178 solum
1589 2137 1801 2189 infestum,

397 2196 468 2237 sed
508 2196 630 2236 etiam
667 2209 806 2234 omnes
847 2193 1072 2234 maritimos
1107 2209 1207 2248 agro
1243 2193 1570 2235 Atheniensibus
1605 2194 1800 2244 fecerant,

398 2267 478 2293 non
514 2251 636 2292 modo
660 2250 833 2291 Sunium
868 2264 1075 2306 superare,
1103 2250 1173 2290 scd
1209 2265 1282 2290 nec
1313 2258 1431 2292 extra
1465 2250 1620 2292 fretum
1651 2252 1802 2309 Euripi

566 2339 581 2363 <1
597 2335 805 2365 circumvenire
820 2334 915 2365 Gron.
1009 2336 1020 2353 ¹
1035 2339 1059 2363 et
1077 2333 1172 2364 Gron.
1189 2333 1276 2365 Crev.

1359 2336 1372 2353 ⁵
1387 2335 1531 2374 octoginta
1546 2332 1633 2364 Eaed.

443 2416 480 2447 91
519 2415 675 2456 AEdemqne
710 2416 761 2445 deo
801 2414 882 2454 Jovi]
928 2414 1081 2446 Mendum

402 2458 478 2489 latet
500 2457 531 2488 in
555 2468 627 2488 voce
645 2460 705 2491 deo,
720 2467 813 2498 quam
837 2457 1001 2497 adjungere
1017 2457 1083 2487 Jnvi

402 2500 526 2531 omnino
554 2510 813 2541 supervacaneum
843 2506 897 2529 est.
944 2500 1085 2537 Sigonius

403 2543 546 2574 emendat
581 2545 706 2582 aciesque
737 2544 811 2572 duas
843 2543 916 2572 doni.
965 2543 1085 2573 Revera

404 2586 486 2616 enim
512 2585 624 2616 mentio
652 2588 685 2615 tit
714 2585 800 2619 infra.
827 2585 845 2614 l.
876 2586 1030 2615 xxxiv.
1058 2595 1085 2615 c.

405 2630 456 2659 53.
480 2627 571 2658 unius
584 2627 656 2658 auiis
671 2628 819 2657 dedicata>
834 2627 904 2658 ,Iovi
927 2627 956 2656 in
974 2628 1084 2661 insula.

405 2682 474 2711 ‹111ae
505 2676 575 2701 vota
605 2670 695 2700 fuisse
723 2670 835 2700 ibidem
864 2669 975 2700 dicitur
1005 2681 1023 2699 a
1053 2671 1085 2700 1..

408 2714 498 2743 Furio
543 2714 738 2755 Purpureoue
782 2719 920 2754 puriore.
964 2712 1086 2741 Gallim-o

406 2756 505 2793 boum
531 2766 566 2786 ac
589 2766 690 2786 rursus
705 2756 724 2786 l.
745 2756 876 2785 XXXV.
894 2766 921 2785 ‹·.
939 2756 988 2784 41.
1013 2755 1087 2784 mdis

405 2797 558 2828 dedicatae
583 2799 653 2829 Jovi
678 2799 707 2828 in
731 2797 895 2839 Capitolio,
920 2808 1012 2838 quum
1038 2797 1085 2826 iti-

405 2840 474 2871 dom
498 2842 533 2871 J..
553 2842 659 2872 Furius
683 2843 837 2881 Purpureo
861 2847 968 2880 praetor
988 2839 1086 2870 Galli-

1127 2424 1163 2445 co
1198 2414 1279 2445 bello
1312 2413 1429 2445 vovisse
1465 2419 1659 2445 memoratur.
1704 2414 1807 2444 Possis

1127 2467 1248 2498 quoque
1285 2467 1355 2486 cum
1394 2457 1491 2488 IIenr.
1520 2456 1646 2487 Valesio
1686 2455 1804 2497 legere:

1127 2502 1267 2539 ‹nlemque
1292 2499 1399 2538 Dg'jovi.
1443 2499 1564 2540 Jupiter
1588 2499 1670 2529 enim
1696 2499 1808 2539 Dg'jovis

1129 2547 1159 2572 ct
1176 2542 1319 2579 Diespiter
1335 2541 1372 2571 ab
1388 2541 1520 2582 antiquis
1532 2541 1699 2572 dicebatur.

1171 2585 1211 2614 92
1240 2585 1279 2613 Ut
1293 2585 1390 2625 parte]
1415 2585 1458 2615 Ut
1473 2585 1511 2614 ab
1528 2584 1624 2614 altera
1640 2589 1735 2625 parte.
1769 2585 1810 2615 Et

1130 2627 1277 2657 vellemus
1322 2638 1381 2657 non
1425 2627 1591 2657 sustulisset
1637 2627 1810 2657 Gronovius

1132 2671 1164 2700 τι)
1179 2669 1376 2709 ‹1lle›·n‚quod
1393 2669 1465 2699 editi
1481 2669 1648 2704 habebant,
1659 2675 1688 2699 et
1705 2679 1808 2700 neces-

1129 2712 1241 2742 sarium
1277 2711 1404 2745 videtur.
1434 2712 1505 2742 licet
1539 2712 1641 2753 scripti
1674 2712 1750 2753 ejus,
1780 2717 1810 2743 et

1132 2754 1248 2784 Victor.
1264 2765 1383 2794 quoquc
1400 2754 1486 2789 liber,
1504 2754 1577 2784 illud
1595 2755 1744 2795 ignorent.

1172 2799 1212 2827 93
1238 2798 1414 2837 ('·ircs‹mi1·a›]
1445 2797 1494 2827 Sic
1520 2797 1624 2840 scripti
1650 2807 1807 2829 consensu.

1135 2840 1236 2879 Vulgo
1251 2841 1467 2872 circumvenire.

1936 815 1939 876 !

1936 885 1939 903 1

1936 914 1939 936 4

1935 939 1940 981 2
