1947 3222
337 153 414 192 474
842 147 985 186 T1T1
1033 147 1208 185 LIVll

301 292 309 301 .
341 271 427 298 rum
449 258 492 298 in
513 257 643 297 aleam
663 256 758 309 ejus,
781 258 851 310 qui
868 263 1178 310 proponeretur,
1200 271 1333 302 casu&
1358 261 1409 304 et,
1427 256 1610 309 quoniam
1631 256 1754 310 majo-

301 335 310 344 ·
343 329 425 355 rem
445 315 584 367 filium
612 328 736 355 secum
767 316 938 361 duceret,
961 315 1149 354 minorem
1170 315 1227 354 ad
1256 314 1435 355 subsidia
1463 314 1550 365 spei
1572 319 1609 353 et
1628 321 1754 354 custo-

344 372 454 411 diam
484 372 602 425 regni
629 372 877 412 remissurum
908 371 952 410 in
983 370 1271 411 Macedoniam
1301 385 1391 411 esse.
1453 370 1549 410 Non
1582 369 1753 411 fallebat

345 428 622 478 Demetrium,
653 427 837 483 ablegari
868 442 924 477 se,
947 441 997 467 ne
1027 426 1187 468 adesset
1217 427 1401 477 consilio,
1424 441 1556 483 quum
1586 426 1630 467 in
1659 442 1754 467 con-

344 493 489 541 spectu
519 485 703 525 locorum
734 482 1001 533 consultaret,
1029 488 1138 538 quaz
1165 483 1354 539 proxime
1383 483 1531 525 itinera
1560 482 1614 523 ad
1644 498 1756 523 mare

345 541 639 583 Hadriaticum
679 548 807 595 atque
846 539 1012 580 Italiam
1049 539 1264 590 ducerent,
1297 555 1478 596 quaeque
1518 539 1615 581 belli
1650 539 1758 580 ratio

344 607 448 640 esset
472 598 628 639 futura.
662 596 733 638 sed
754 611 836 636 non
858 595 990 636 solum
1020 595 1251 652 parendum
1281 596 1391 652 patri
1413 605 1518 647 tum,
1541 595 1612 637 sed
1633 595 1757 637 etiam

344 653 663 696 adsentiendum
693 660 796 703 erat,
823 668 874 693 ne
903 653 1083 693 invitum
1113 667 1257 708 parere
1288 652 1561 709 suspicionem
1591 652 1757 693 faceret.

346 713 409 753 Ut
431 720 569 752 tamen
588 710 668 751 iter
688 709 725 750 ei
745 718 887 751 tutum
908 708 950 750 in
966 708 1258 750 Macedoniam
1279 718 1400 759 esset,
1418 709 1566 759 Didas,
1583 725 1634 750 ex
1654 724 1761 765 prae-

345 768 506 810 toribus
526 767 651 823 regiis
672 781 796 817 unus,
814 765 888 822 qui
906 766 1087 807 Paeoniae
1107 774 1300 821 praeerat,
1316 766 1460 821 jussus
1481 774 1542 806 est
1562 766 1757 821 prosequi

344 840 440 866 eum
472 839 567 865 cum
601 823 765 865 modico
799 823 1008 879 praesidio.
1069 823 1198 863 Hunc
1228 837 1399 878 quoque
1430 823 1622 871 Perseus,
1653 822 1760 863 sicut

343 881 564 937 plerosque
597 881 730 936 patris
761 880 1004 930 amicorum,
1025 894 1076 920 ex
1099 894 1184 934 quo
1211 879 1327 920 haud
1357 878 1533 920 dubium
1565 878 1759 934 cuiquam

343 954 430 979 esse
450 946 648 994 coeperat,
670 937 725 978 ad
745 952 886 993 quem,
907 937 967 978 ita
995 935 1195 977 inclinato
1223 936 1333 991 regis
1362 934 1514 985 animo,
1536 934 1761 976 haereditas

344 995 460 1051 regni
495 994 738 1051 pertineret,
766 995 875 1035 inter
909 993 1147 1050 conjuratos
1180 994 1224 1034 in
1258 992 1400 1034 fratris
1431 991 1655 1048 perniciem
1689 991 1778 1032 ha-v

343 1052 451 1093 buit.
482 1052 526 1093 in
556 1051 779 1107 praesentia
799 1050 872 1092 dat
893 1050 929 1091 ei
957 1049 1168 1100 mandata,
1191 1058 1239 1091 ut
1268 1065 1344 1105 per
1372 1064 1493 1090 omne
1514 1048 1762 1104 obsequium

344 1108 573 1150 insinuaret
598 1124 640 1149 se
670 1107 712 1148 in
733 1123 860 1162 quam
890 1107 1071 1148 maxime
1100 1106 1346 1147 familiarem
1378 1120 1516 1156 usum,
1538 1114 1587 1147 ut
1617 1105 1763 1146 elicere

343 1165 484 1206 omnia
502 1180 666 1215 arcana,
689 1164 978 1220 specularique
1005 1162 1169 1204 abditos
1189 1163 1279 1218 ejus
1301 1177 1443 1203 sensus
1471 1169 1640 1218 posset².
1694 1162 1777 1203 Ita·

345 1221 583 1278 digreditur
604 1220 846 1262 Demetrius
870 1236 965 1262 cum
995 1219 1295 1270 infestioribus,
1317 1234 1443 1275 quam
1466 1219 1498 1259 si
1529 1218 1640 1259 solus
1669 1218 1778 1268 iret,-

346 1278 563 1335 praesidiis.

405 1336 570 1376 XXII.
604 1335 843 1392 Philippus,
866 1334 1091 1376 Maedicam
1122 1335 1320 1391 primum,
1344 1332 1494 1374 deinde
1520 1331 1765 1373 solitudines

347 1393 637 1449 interjacentes
669 1392 863 1433 Maedicae
894 1400 1021 1448 atque
1053 1393 1206 1432 Haemo
1247 1399 1543 1445 transgressus,
1574 1389 1762 1444 septimis

347 1450 517 1491 demum
551 1450 696 1491 castris
729 1449 779 1490 ad
815 1448 973 1490 radices
1005 1449 1157 1490 montis
1189 1447 1391 1504 pervenit.
1422 1446 1480 1487 ibi
1513 1461 1644 1486 unum
1675 1461 1762 1486 mo-

349 1515 466 1548 ratus
493 1506 604 1547 diem
631 1506 685 1547 ad
717 1505 974 1561 deligendOS,
1005 1521 1111 1561 quos
1137 1505 1309 1546 duceret
1338 1518 1492 1553 secum,
1513 1502 1676 1543 ⁷⁶tertio
1697 1501 1765 1543 die

349 1563 429 1605 iter
460 1573 522 1605 est
553 1563 779 1618 ingressus.
843 1561 1040 1603 Modicus
1073 1562 1207 1618 primo
1242 1561 1359 1602 labor
1390 1561 1433 1601 in
1463 1559 1556 1600 imis
1591 1558 1766 1599 collibus

351 1620 446 1661 fuit.
483 1629 691 1676 quantum
721 1620 763 1661 in
794 1619 1058 1661 altitudinem
1090 1618 1426 1673 egrediebantur,
1457 1616 1589 1672 magis
1619 1616 1769 1671 magis-

353 1692 435 1733 que
458 1676 662 1718 silvestria
681 1685 723 1718 et
753 1676 952 1732 pleraque
973 1675 1085 1717 invia
1115 1676 1204 1716 loca
1233 1674 1506 1730 excipiebant.
1569 1673 1771 1713 Pervene-

353 1749 397 1774 re
417 1733 568 1774 deinde
589 1733 622 1760 ⁷⁷
635 1733 677 1775 in
699 1742 784 1775 tam
798 1733 811 1754 ¹³
832 1747 1010 1789 opacum
1037 1732 1130 1782 iter,
1153 1740 1217 1782 ut,
1238 1747 1326 1787 prae
1351 1730 1554 1771 densitate
1575 1729 1769 1770 arborum

354 1789 702 1846 inmissorumque
732 1790 910 1831 aliorum
940 1789 982 1829 in
1013 1789 1114 1829 alios
1150 1803 1377 1837 ramorum,
1409 1787 1587 1842 perspici
1618 1785 1769 1826 coelum

353 1846 425 1887 vix
446 1855 609 1903 posset:
642 1856 690 1888 ut
711 1862 809 1887 vero
833 1845 950 1902 jugis
980 1844 1389 1901 adpropinquabant,
1411 1842 1527 1898 quod
1557 1857 1696 1883 rarum
1728 1841 1769 1883 in

354 1903 445 1944 aliis
466 1903 565 1944 locis
585 1912 706 1953 esset,
728 1903 832 1944 adeo
861 1902 999 1943 omnia
1026 1910 1215 1943 contecta
1243 1900 1410 1950 nebula,
1432 1908 1480 1940 ut
1510 1898 1625 1939 haud
1657 1913 1773 1939 secus

355 1975 482 2015 quam
513 1968 718 2001 nocturno
750 1960 896 2000 itinere
931 1958 1232 2014 inpedit-entur.
1267 1957 1390 1998 tertio
1421 1955 1590 1997 demum
1620 1955 1688 1996 die
1717 1955 1771 1997 ad

356 2016 550 2058 verticem
590 2025 849 2073 perventum.
911 2015 1028 2056 Nihil
1058 2015 1242 2071 vulgatae
1273 2013 1472 2070 opinioni,
1504 2011 1775 2068 degressi-„in-

356 2073 424 2124 de,
445 2073 742 2115 detraxerunt:
777 2073 923 2128 magis,
953 2072 1092 2122 credo,
1121 2087 1172 2112 ne
1201 2072 1363 2112 vanitas
1395 2069 1554 2111 itineris
1591 2068 1776 2110 ludibrio

357 2138 478 2180 esset,
500 2145 627 2186 quam
649 2130 762 2186 quod
785 2130 949 2171 diversa
977 2130 1086 2170 inter
1107 2144 1149 2169 se
1170 2128 1313 2177 maria,
1335 2135 1596 2182 montesque,
1619 2134 1660 2167 et
1690 2140 1775 2166 am-

358 2201 444 2236 neS,
467 2202 517 2227 ex
541 2202 625 2228 uno
654 2187 744 2228 loco
765 2186 946 2242 conspici
979 2185 1203 2241 potuerint.
1266 2183 1415 2225 Vexati
1440 2198 1596 2233 omnes,
1617 2191 1658 2223 et
1679 2190 1775 2223 ante

358 2242 460 2283 alios
490 2258 562 2283 rex
595 2243 696 2300 ipse,
719 2259 805 2299 quo
840 2243 1007 2299 gravior
1035 2251 1157 2283 aetate
1187 2251 1290 2291 erat,
1319 2239 1563 2281 difficultate
1593 2238 1670 2279 viae
1701 2247 1774 2279 est.

361 2299 542 2341 Duabus
566 2301 648 2340 aris
677 2300 734 2340 ibi
757 2300 856 2341 ,Iovi
887 2308 928 2341 et
954 2299 1037 2340 Soli
1069 2299 1236 2340 sacratis
1257 2312 1388 2353 quum
1421 2296 1670 2345 immolasset,
1693 2310 1778 2349 qua

362 2355 503 2397 triduo
532 2356 818 2406 adscenderat,
840 2356 971 2397 biduo
1001 2364 1061 2397 est
1085 2355 1118 2382 78
1132 2355 1366 2411 degressus,
1388 2353 1546 2408 frigora
1574 2360 1778 2392 nocturna

490 2458 509 2476 2
524 2466 588 2497 qua?
604 2456 700 2488 Gron.
719 2456 809 2487 Crev.
980 2458 995 2475 ²
1010 2456 1092 2494 possit
1110 2454 1196 2485 Eaed.
1369 2452 1385 2476 b
1400 2459 1459 2482 tam
1473 2450 1534 2481 del.
1551 2450 1649 2482 Gron.

406 2551 448 2582 76
473 2551 568 2582 Tertio
590 2553 637 2581 die
658 2553 712 2581 iter
730 2559 767 2581 est
792 2551 951 2592 ingressus]
976 2551 1050 2581 Ter·
1094 2556 1202 2589 postero
1223 2550 1286 2579 die:
1309 2547 1341 2578 in
1364 2556 1424 2587 quo
1449 2545 1656 2587 adstipulatus
1680 2550 1726 2576 est
1751 2545 1779 2576 ei

365 2594 418 2631 tio,
443 2600 510 2636 post
535 2604 606 2624 uam
633 2594 673 2624 ad
701 2594 818 2624 radices
846 2593 956 2624 montis
984 2604 1051 2634 per·
1097 2591 1254 2631 Dujatius.

364 2644 500 2673 venerat,
513 2605 578 2668 <die.
623 2635 744 2666 Primus
767 2643 943 2666 numeratur
959 2635 983 2665 is
1005 2636 1050 2677 ip·
1137 2636 1175 2664 77
1201 2634 1238 2663 In
1261 2640 1319 2663 tam
1340 2633 1476 2672 amicum]
1515 2629 1702 2661 Addidimus
1725 2640 1778 2659 vo-

365 2690 397 2711 se
413 2680 479 2710 dies
493 2691 554 2721 quo
576 2686 756 2722 perventum
773 2686 818 2709 est
843 2679 881 2709 ad
905 2683 1050 2708 montem.
1094 2677 1196 2707 culam
1223 2683 1279 2706 ram
1295 2685 1330 2706 ex
1348 2674 1527 2705 auctoritate
1546 2673 1630 2704 vict.
1651 2673 1776 2708 codicis,

366 2723 539 2759 Secundus,
565 2723 590 2753 is
615 2733 676 2763 quo
704 2722 817 2752 mansit
846 2720 952 2751 eodem
983 2721 1050 2750 loco
1094 2726 1123 2750 et
1150 2719 1242 2749 MSS.
1268 2718 1404 2749 Hearnio
1427 2718 1640 2758 inspectorum,
1656 2722 1686 2746 ct
1709 2716 1776 2746 Λη-

367 2765 530 2807 Philippus
559 2765 598 2797 ad
631 2764 811 2806 deligendos
838 2774 914 2804 quos
942 2773 1046 2793 secum
1092 2762 1185 2792 dreae.

366 2808 501 2839 duceret.
545 2807 659 2843 Tertio,
677 2807 731 2838 iter
754 2806 924 2837 inchoatur.
971 2805 1046 2835 nme
1134 2806 1173 2835 78
1199 2804 1372 2846 Degressus]
1405 2803 1537 2834 Solenne
1567 2801 1616 2832 hic
1647 2805 1678 2830 ct
1708 2809 1774 2840 per-

367 2850 436 2881 idco
459 2851 596 2892 pluiibus
619 2851 801 2885 notavimus,
817 2849 890 2889 quia
903 2848 1046 2887 Sigonius
1090 2848 1248 2888 vulgatum
1285 2847 1430 2877 mendum
1482 2845 1572 2875 libros
1609 2842 1775 2879 insederat,

367 2893 448 2925 hunc
477 2895 576 2925 locum
608 2900 723 2925 mutare
753 2892 859 2930 voluit,
885 2898 915 2923 et
944 2892 1045 2933 legere
1089 2892 1242 2930 digressus.
1288 2889 1427 2922 Correxit
1441 2887 1592 2930 Sigonius.
