1947 3222
501 158 535 195 L
550 158 566 196 1
580 157 625 194 B.
653 154 864 194 XXXVII.
905 155 936 192 C
949 155 984 192 A
999 153 1039 191 P.
1070 156 1194 194 XXV.
1472 162 1548 202 299

146 274 254 317 rant,
286 281 409 308 naves
437 265 491 306 ad
520 279 641 322 opem
671 262 881 305 ferendam
919 263 1003 304 suis
1037 264 1348 306 concurrissent.
1386 272 1475 307 tum
1506 274 1547 308 et
1561 271 1739 304 U.C.562.

148 323 376 374 Hannibal,
397 337 575 378 quaeque
595 320 703 361 circa
726 335 822 361 eum
842 328 958 361 erant
978 335 1118 371 naves,
1139 328 1357 376 capessunt
1376 322 1520 376 fugam
1537 340 1545 364 :
1560 316 1601 346 A.
1615 315 1653 347 c·
1671 315 1740 347 ¹9⁰·

148 395 221 419 nec
249 379 408 435 insequi
430 377 601 427 Rhodii,
623 393 674 418 ex
694 392 847 432 magna
874 385 993 432 parte
1022 377 1158 432 aegriS‚
1180 385 1220 418 et
1241 377 1294 417 ob
1314 378 1359 418 id
1378 379 1550 422 celerius

148 436 264 477 fessis
294 435 534 490 remigibuS,
569 442 811 490 potuerunt.
872 434 1011 483 Quum
1043 434 1085 474 in
1115 433 1214 484 alto,
1251 433 1323 474 ubi
1357 435 1550 477 substite-

149 502 258 542 rant,
287 492 379 533 cibo
412 491 624 532 reficerent
660 490 781 540 vires,
813 491 1115 546 contemplatus
1146 490 1366 531 Eudamus
1395 491 1548 543 hostes,

148 549 315 591 daudas
335 547 652 603 mutilatasquef
667 562 792 587 naves
816 547 969 602 apertis
989 546 1164 588 navibus
1183 546 1366 588 remulco
1387 548 1551 589 trahen-

150 614 223 655 tes,
245 604 392 660 viginti
411 604 553 660 paullo
573 603 753 660 amplius
773 603 955 659 integras
975 603 1254 655 abscedentes,
1276 619 1298 644 e
1319 603 1425 645 turri
1445 615 1551 660 prae'-

148 662 264 702 toriae
303 661 419 701 navis
459 660 620 702 silentio
658 660 783 711 facto,
821 662 1052 715 Exsurgite,
1092 660 1244 716 inquit,
1281 667 1319 701 et
1352 663 1553 715 egregium

144 719 404 770 spectaculum
434 719 628 770 capessite
659 719 804 759 oculis!
851 719 1158 759 Consurrexere
1187 732 1341 768 omnes,
1372 727 1553 760 contem-

147 774 333 830 platique
352 774 710 830 ⁷⁴trepidationem
730 775 960 831 fugamque
980 775 1178 825 hostium,
1199 790 1330 830 prope
1351 790 1435 816 una
1453 791 1553 817 voce

146 831 426 872 exclamavere
456 846 611 882 omnes,
638 840 686 872 ut
718 840 1001 887 sequerentur.
1065 831 1205 887 Ipsius
1235 831 1419 872 Eudami
1448 833 1555 873 mul-

146 888 200 928 tis
230 888 381 929 ictibus
410 888 628 928 vulnerata
655 888 772 929 navis
802 897 900 930 erat.
963 888 1271 944 Pamphilidam
1292 896 1331 929 et
1356 889 1555 930 Charicli-

147 953 238 985 tum
272 945 450 1001 iusequi,
484 944 623 1000 quoad
658 953 855 1000 putarent
888 953 1044 995 tutum,
1074 945 1213 1001 jussit.
1273 945 1553 1001 Aliquamdiu

148 1001 277 1042 secuti
298 1011 419 1043 sunt:
451 1010 675 1057 postquam
699 1009 820 1042 terrae
850 1001 1214 1065 adpropinquabat
1237 1002 1464 1052 Hannibal,
1486 1019 1554 1044 ve-

147 1058 217 1099 riti
248 1073 298 1098 ne
327 1058 639 1099 includerentur
669 1067 793 1099 vento
822 1058 863 1098 in
893 1059 1076 1100 hostlum
1106 1073 1192 1109 ora,
1225 1058 1280 1098 ad
1310 1058 1552 1100 Eudamum

146 1115 314 1164 revecti,
336 1115 589 1171 ⁷⁵hepterem
619 1124 798 1170 captam,
820 1130 917 1170 quae
943 1115 1079 1170 primo
1108 1129 1311 1155 concursu
1338 1115 1420 1156 icta
1447 1125 1550 1166 erat,

145 1187 255 1226 aegre
280 1171 538 1212 Phaselidem
565 1180 872 1227 pertraxerunt.
903 1171 1000 1212 inde
1022 1171 1238 1220 Rhodum,
1259 1186 1341 1212 non
1363 1180 1448 1213 tam
1470 1172 1553 1214 vic-

143 1228 250 1269 toria
269 1228 368 1278 laeti,
391 1243 517 1283 quam
538 1227 644 1268 alius
664 1227 790 1269 alium
813 1236 1066 1278 accusantes,
1088 1228 1218 1284 quod,
1240 1243 1372 1284 quum
1394 1229 1552 1284 potuis-

144 1293 220 1334 set,
251 1300 333 1325 non
362 1285 495 1325 omnis
529 1285 743 1325 submersa
771 1293 845 1326 aut
880 1293 1003 1341 capta
1035 1285 1174 1326 classis
1208 1285 1392 1326 hostium
1427 1285 1550 1337 foret,

143 1341 368 1384 redierunt.
433 1341 702 1392 ⁷⁶Hannibal,
733 1341 841 1383 ictus
870 1357 954 1382 uno
983 1341 1131 1397 proelio
1160 1341 1347 1392 adverso,
1378 1357 1429 1383 ne
1459 1351 1551 1384 tum

143 1398 312 1453 quidem
340 1397 588 1455 praetervehi
611 1398 785 1454 Lyciam
815 1398 1014 1448 audebat,
1035 1414 1168 1454 quum
1195 1398 1392 1454 conjungi
1420 1400 1549 1441 veteri

142 1455 267 1510 regiae
288 1455 405 1496 classi
426 1455 737 1510 quamprimum
764 1464 946 1511 cuperet.
1007 1456 1081 1505 Et,
1103 1455 1146 1496 id
1167 1471 1218 1496 ne
1238 1455 1275 1496 ei
1295 1456 1430 1496 facere
1450 1456 1550 1497 libe-

143 1527 236 1552 rum
264 1520 384 1562 esset,
407 1511 563 1552 Rhodii
591 1511 864 1553 Chariclitum
891 1526 987 1552 cum
1017 1511 1166 1567 viginti
1194 1512 1371 1553 navibus
1398 1522 1549 1554 rostra-

144 1568 196 1609 tis
231 1569 285 1609 ad
321 1570 474 1609 Patara
507 1577 548 1609 et
584 1568 795 1624 Megisten
828 1577 1000 1624 portum
1031 1568 1244 1609 miserunt.
1305 1569 1547 1611 Eudamum

143 1639 238 1666 cum
269 1634 425 1681 septem
454 1625 631 1666 navibus
659 1624 851 1666 maximis
880 1640 932 1666 ex
961 1640 1010 1665 ea
1038 1625 1179 1675 classe,
1208 1626 1275 1666 cui
1307 1626 1549 1681 praefuerat,

148 1683 316 1723 Samum
337 1682 472 1722 redire
488 1681 542 1722 ad
558 1682 768 1722 Romanos
783 1682 1025 1738 jusserunt3
1057 1690 1120 1730 ut,
1142 1691 1349 1737 quantum
1366 1683 1549 1734 consilio,

144 1747 350 1794 quantum
378 1738 625 1780 auctoritate
655 1738 824 1789 valeret,
853 1738 1116 1794 compelleret
1148 1740 1359 1780 Romanos
1388 1740 1441 1780 ad
1471 1742 1550 1782 Pa-

145 1804 234 1836 tara
253 1795 546 1851 obpugnanda.

201 1853 350 1893 XXV.
389 1853 590 1908 Magnam
626 1852 813 1894 laetitiam
849 1852 1050 1894 Romanis
1085 1853 1174 1909 jam
1214 1853 1332 1909 prius
1372 1853 1550 1896 nuncius

142 1909 340 1960 victoriae,
361 1908 509 1950 deinde
529 1909 732 1951 adventus
758 1909 913 1952 adtulit
934 1910 1212 1951 Rhodiorum.
1243 1918 1285 1950 et
1305 1910 1548 1966 adparebat,

143 1965 175 2006 si
196 1981 244 2006 ea
269 1981 369 2007 cura
391 1965 568 2007 Rhodiis
598 1967 739 2007 demta
764 1974 884 2017 esset,
906 1981 1057 2011 ‚vacuos
1088 1982 1156 2007 eos
1178 1974 1272 2008 tuta
1301 1968 1392 2023 ejus
1416 1967 1549 2024 regio-

144 2022 206 2063 nis
226 2023 357 2063 maria
382 2031 666 2078 praestaturos.
699 2023 785 2074 sed,
806 2023 1010 2078 profectio
1030 2023 1231 2064 Antiochi
1253 2024 1306 2064 ab
1330 2024 1547 2075 Sardibus,

142 2094 193 2119 ne
219 2079 552 2135 obprimerentur
578 2080 702 2121 urbes
727 2080 962 2130 maritimae‚
982 2079 1242 2121 Wabscedere
1271 2080 1461 2121 custodia
1482 2082 1548 2122 Io-

683 2153 698 2177 f
712 2159 885 2198 mutilusque
900 2157 993 2188 Crev.

142 2219 303 2249 XXXIII.
334 2229 361 2250 c.
393 2220 424 2250 9.
464 2218 538 2251 vid.
573 2224 604 2251 et
633 2226 696 2252 not.
725 2221 765 2251 ad
801 2221 822 2252 l.
864 2221 1035 2260 praecmvehi
1063 2220 1187 2262 Lyciam
1209 2221 1350 2262 audebat]
1396 2221 1466 2252 Hoc
1491 2221 1547 2252 ab·

145 2262 288 2293 XXVII.
303 2272 331 2292 c.
347 2263 400 2293 48.
866 2263 993 2293 surdum
1008 2268 1071 2295 est:
1097 2263 1186 2305 quasi
1201 2274 1272 2294 vero
1294 2263 1398 2295 clades
1418 2270 1548 2306 accepta

185 2305 226 2334 74
263 2304 508 2346 Trepidationem]
559 2304 690 2347 Aliquot
726 2306 824 2337 MSS.
867 2306 986 2337 animos
1012 2306 1163 2337 Annibali
1191 2306 1292 2338 facere
1321 2307 1477 2338 debuisset
1506 2307 1547 2337 ad

143 2346 222 2377 inter
242 2358 318 2388 quos
333 2347 521 2384 Victorinus,
536 2347 760 2380 dubitationem
784 2349 823 2380 de
865 2349 1077 2390 peragendum
1106 2349 1273 2390 inceptum.
1326 2349 1445 2380 Vitium
1473 2350 1548 2380 resi-

144 2388 201 2419 hoc
236 2390 304 2421 loco
337 2396 471 2426 movent,
515 2401 569 2432 pro
607 2393 825 2431 trepidationem
866 2391 937 2422 dere
967 2391 1088 2422 videtur
1116 2392 1149 2422 in
1177 2392 1270 2423 verbo
1299 2393 1433 2422 audebat.
1485 2392 1547 2424 Sed

144 2431 360 2464 substituentes
417 2435 666 2475 expugnationem.
744 2433 824 2465 Inde
865 2433 931 2465 sine
947 2434 1031 2465 libris
1053 2434 1129 2465 nihil
1152 2445 1309 2465 conamur.
1354 2435 1446 2465 Hanc
1469 2435 1544 2466 fuis-

144 2475 214 2504 JaC.
229 2475 401 2507 Gronovius
416 2476 476 2517 legi
496 2487 586 2518 posse
609 2482 698 2518 putat
719 2483 822 2507 easter-
866 2487 899 2507 se
923 2477 1005 2508 Livii
1027 2484 1162 2508 mentem
1189 2477 1382 2514 arbitramur,
1406 2483 1442 2509 ut
1463 2478 1547 2509 dice-

144 2517 296 2548 nationem.
340 2518 439 2550 Nobis
460 2519 559 2560 magis
579 2519 681 2561 placet
702 2519 734 2550 in
755 2519 821 2551 vul-
865 2524 911 2549 ret
946 2519 1148 2556 Annibalem,
1181 2520 1322 2561 quamvis
1357 2520 1462 2562 praelio
1491 2521 1546 2550 ad-

143 2563 214 2598 gato
230 2560 431 2600 acquiescere.
865 2572 951 2593 verso
978 2563 1084 2597 ictum,
1111 2573 1150 2593 ne
1175 2568 1239 2593 tam
1266 2562 1452 2605 improspero
1477 2563 1545 2604 qui-

188 2601 228 2630 75
251 2601 403 2641 Hepterem
429 2628 435 2634 .
461 2626 469 2634 .
493 2627 501 2635 .
523 2627 532 2636 .
553 2616 615 2645 quae
635 2607 729 2645 primo
754 2616 821 2635 con—
865 2604 936 2635 dem
959 2615 1103 2636 successu
1126 2605 1304 2636 deterritum
1328 2615 1404 2641 esse,
1427 2606 1546 2646 quomi-

142 2653 231 2672 (ιιι-5η
258 2645 314 2674 icta
339 2647 416 2688 erat]
461 2647 521 2677 Vel
547 2647 638 2678 aliam
665 2648 821 2689 hepterem
864 2657 922 2678 nus
945 2648 1074 2690 Lyciam
1102 2648 1282 2690 praetervehi
1307 2648 1340 2678 in
1365 2648 1467 2679 animo
1490 2649 1544 2680 ha—

143 2684 290 2726 intellige,
316 2697 409 2728 quam
437 2699 505 2730 quae
531 2689 617 2721 initio
645 2691 742 2732 praelii
767 2690 820 2721 de·
863 2690 960 2721 beret.
1197 2713 1200 2714 ν

144 2737 243 2758 mersa
263 2728 390 2760 dicitur:
425 2732 473 2761 vel
498 2732 530 2762 in
554 2733 608 2763 illo
632 2733 732 2775 priore
754 2733 821 2764 loco
907 2734 945 2764 77
969 2734 1124 2764 Abscedere
1146 2735 1276 2765 custodia
1298 2755 1306 2764 .
1332 2755 1339 2764 .
1363 2756 1371 2764 .
1390 2733 1544 2772 prohibue-

143 2771 270 2800 demersa
291 2771 366 2802 nihil
388 2772 472 2803 aliud
493 2775 559 2810 erit,
574 2785 668 2816 quam
690 2776 733 2806 ita
752 2786 821 2817 per·
864 2777 953 2817 runt]
999 2776 1136 2807 Romani
1158 2777 1379 2818 prohibuerunt
1405 2774 1546 2808 Rhodios

144 2812 252 2848 forata,
271 2822 305 2844 ut
327 2824 439 2856 aquam
462 2817 621 2859 acciperet,
639 2824 669 2848 et
691 2819 818 2860 paulum
863 2818 1029 2850 abscedere
1052 2819 1193 2850 custodia
1219 2818 1314 2849 Ioniae
1340 2823 1372 2848 et
1398 2818 1543 2849 AEolidis.

141 2854 264 2886 siden-et.
864 2861 1008 2893 Ceterum
1033 2861 1130 2892 multo
1152 2861 1259 2891 melius
1281 2866 1311 2890 et
1334 2859 1457 2902 planius
1479 2866 1543 2893 tota

185 2898 226 2928 76
261 2899 389 2929 Annibal
425 2922 433 2931 .
465 2923 470 2930 .
503 2923 510 2931 .
539 2913 574 2932 ne
607 2909 669 2933 tam
705 2905 819 2943 quidem
863 2903 1006 2945 periodus
1031 2904 1063 2934 in
1089 2904 1171 2934 hunc
1195 2903 1319 2934 modum
1345 2902 1541 2936 formaretur:
