1947 3222
504 130 628 167 LIB.
662 127 861 166 XXXIX.
902 129 974 166 CA
990 129 1030 165 P.
1060 129 1192 167 XLII.
1487 135 1562 174 437

147 235 315 288 dixerit,
336 238 423 294 ipse
444 253 520 295 pro
540 253 582 279 se
601 236 796 286 oraverit,
819 236 1135 292 scripseritque:
1168 238 1432 294 nonagesimo
1451 254 1559 281 anno
1576 246 1664 277 U-C·
1677 247 1748 278 56⁶-

146 292 274 334 ⁵²Ser.
291 295 471 336 Galbam
492 294 545 336 ad
565 292 710 349 populi
730 292 955 334 adduxerit
970 293 1191 348 judicium.
1572 289 1614 320 Α·
1627 288 1669 322 (3⁶
1683 289 1748 319 ¹⁸4·

204 351 332 392 XLI.
367 353 508 401 Hunc,
539 351 646 391 sicut
675 349 788 390 omni
819 349 919 400 vita,
940 348 1072 391 ⁵³tum
1101 351 1323 406 petentem'
1344 353 1558 407 premebat

146 407 368 450 nobilitas:
400 412 667 462 coierantque
691 406 904 464 (⁵⁴praeter
926 407 977 447 L.
1001 406 1214 457 Flaccum,
1235 406 1309 462 qui
1339 408 1496 465 collega
1515 410 1557 451 in

145 464 362 506 consulatu
395 464 552 517 fuerat)
585 463 796 504 candidati
833 478 974 505 omnes
1005 463 1058 504 ad
1093 462 1370 520 dejiciendum
1403 465 1556 507 honore

142 535 266 568 eum;
311 535 392 561 non
427 520 561 562 solum
599 529 646 562 ut
681 520 760 576 ipsi
799 520 939 577 potius
973 519 1314 575 adipiscerentur,
1351 535 1424 562 nec
1458 522 1559 577 quia

142 576 471 633 indignabantur
499 592 656 618 novum
685 577 893 618 hominem
913 592 1122 619 censorem
1145 576 1308 625 videre3
1341 577 1413 618 sed
1433 579 1557 620 etiam

141 633 257 689 quod
278 633 439 675 tristem
461 649 692 684 censuram,
714 633 1073 690 periculosamque
1103 634 1331 676 multorum
1358 633 1495 684 famae,
1517 644 1556 676 et

139 690 193 730 ab
222 690 320 732 laeso
350 706 375 737 a
403 690 628 747 plerisque,
650 699 692 733 et
723 690 901 732 laedendi
922 691 1090 747 cupido,
1112 691 1420 747 exspectabant.
1480 693 1559 733 Et-

137 745 247 788 enim
269 758 361 789 tum
382 763 551 804 quoque
582 747 898 790 minitabundus
927 748 1112 804 petebat,
1134 749 1346 803 refragari
1373 749 1465 798 sibi,
1488 751 1559 803 qui

135 803 306 848 liberam
327 811 365 846 et
369 806 528 860 fortem
548 819 751 847 censuram
772 807 972 856 timerent,
995 804 1266 847 criminando.
1297 813 1338 847 et
1360 804 1481 847 simul
1504 807 1554 847 L.

137 855 306 902 Valerio
335 862 673 918 subfragabatur.
745 862 827 904 Illo
857 877 936 903 uno
965 864 1117 917 collega
1151 863 1357 917 castigare
1384 877 1425 903 se
1453 878 1557 904 nova

132 917 315 972 flagitia,
338 925 376 960 et
397 920 557 973 priscos
585 934 709 961 mores
737 934 923 961 revocare
946 934 1066 973 posse.
1127 919 1209 961 His
1239 920 1396 961 accensi
1426 920 1556 962 homi-

137 989 224 1025 nes,
256 975 431 1017 adversa
469 976 701 1027 nobilitate,
738 992 819 1018 non
855 977 918 1018 M.
956 976 1153 1018 Porcium
1189 977 1312 1018 modo
1347 992 1553 1019 censorem
1569 983 1618 1013 M.
1636 983 1760 1034 Pogciu3

138 1031 341 1083 fecerunt,
364 1033 436 1074 sed
463 1033 587 1074 etiam
617 1034 816 1089 collegam
845 1034 881 1075 ei
905 1034 955 1074 L.
980 1033 1195 1075 Valerium
1216 1034 1413 1075 Flaccum
1444 1035 1555 1091 adje-
1567 1031 1599 1073 el
1614 1027 1651 1056 L.
1663 1026 1683 1056 l
1695 1026 1756 1056 ³¹⁶³*

135 1098 296 1131 cerunt.
359 1090 597 1132 Secundum
627 1091 796 1132 comitia
824 1105 1041 1132 censorum
1061 1090 1249 1131 eonsules
1269 1097 1554 1147 praetoresque
1567 1079 1716 1143 {323⁰-

136 1145 180 1185 in
211 1147 446 1201 provincias
474 1147 650 1203 profecti
681 1155 793 1196 sunt,
815 1154 970 1202 praeter
992 1148 1041 1197 Q.
1065 1146 1276 1198 Naevium,
1297 1162 1422 1203 quem
1453 1164 1555 1203 qua-

139 1209 238 1243 tuor
266 1218 346 1245 non
369 1204 505 1245 minus
535 1219 708 1254 menses,
729 1204 977 1260 priusquam
996 1204 1041 1245 in
1064 1202 1296 1245 Sardiniam
1325 1203 1418 1253 iret,
1440 1220 1554 1261 quae-

138 1258 289 1300 stiones
319 1260 518 1310 veneficii,
549 1276 730 1316 quarum
760 1276 953 1316 magnam
982 1269 1143 1317 partem
1165 1269 1285 1302 extra
1314 1261 1459 1302 urbem
1480 1277 1554 1318 per

135 1315 362 1373 municipia
399 1317 756 1374 conciliabulaque
795 1317 960 1368 habuit,
1001 1317 1102 1374 quia
1140 1316 1199 1358 ita
1237 1318 1378 1373 aptius
1417 1319 1553 1360 visum

135 1380 239 1422 erat,
271 1381 508 1416 tenuerunt.
572 1375 614 1415 Si
646 1373 810 1415 Antiati
843 1374 1007 1415 Valerio
1036 1374 1202 1415 credere
1237 1374 1353 1425 libet,
1384 1375 1437 1416 ad
1467 1376 1555 1418 duo

132 1429 352 1482 hominum
383 1430 513 1472 millia
542 1431 767 1473 damnavit.
826 1430 927 1473 ⁵⁵Et
951 1430 1002 1472 L.
1025 1430 1268 1472 Postumius
1295 1440 1464 1487 praetor,
1485 1434 1553 1474 cui

137 1485 373 1528 Tarentum
403 1488 616 1543 provincia
639 1495 846 1537 evenerat,
869 1503 1039 1543 magnas
1060 1495 1274 1543 pastorum
1304 1489 1553 1544 conjuratio-

136 1558 209 1584 nes
238 1543 481 1594 vindicavit,
517 1554 558 1586 et
593 1544 789 1601 reliquias
825 1544 1149 1586 Bacchanalium
1180 1545 1422 1600 quaestionis
1457 1549 1552 1588 cum

136 1599 250 1640 omni
265 1609 489 1642 exsecutus
504 1610 565 1644 est
581 1617 692 1643 cura.
714 1601 884 1652 multos,
901 1601 976 1658 qui
991 1610 1064 1643 aut
1080 1600 1196 1643 citati
1215 1616 1297 1642 non
1318 1602 1554 1653 adfuerant,

135 1655 250 1698 56aut.
280 1657 406 1699 vades
435 1658 718 1709 deseruerant,
739 1659 782 1699 in
812 1674 861 1700 ea
888 1658 1055 1714 regione
1088 1657 1223 1700 Italiae
1252 1658 1442 1709 latentes,
1463 1674 1557 1715 par-

136 1714 214 1755 tim
235 1714 380 1756 noxios
403 1714 626 1770 judicavit,
647 1715 800 1772 partim
830 1715 1147 1772 comprehensos
1168 1715 1347 1756 Romam
1368 1716 1422 1757 ad
1443 1731 1557 1758 sena-

136 1778 226 1812 tum
250 1771 373 1813 misit.
396 1771 439 1813 in
459 1787 662 1813 carcerem
683 1788 824 1814 omnes
843 1772 908 1814 ⁵⁷a
933 1773 974 1813 P.
994 1771 1188 1813 Cornelio
1208 1772 1383 1828 conjecti
1405 1782 1514 1814 sunt.
1551 1800 1572 1806 κ
1620 1784 1660 1799 s

193 1828 352 1869 XLII.
386 1830 436 1869 In
460 1828 666 1885 Hispania
687 1829 897 1880 ulteriore,
916 1828 1060 1870 fractis
1079 1829 1272 1885 proximo
1290 1829 1400 1870 bello
1431 1830 1554 1871 Lusi-

134 1885 258 1935 tanis,
279 1884 434 1941 quietae
455 1901 519 1927 res
539 1887 724 1928 fuerunt.
768 1887 820 1928 In
840 1886 1029 1928 citeriore
1051 1886 1103 1927 A.
1119 1885 1346 1927 Terentius
1366 1885 1408 1927 in
1432 1887 1554 1927 Sues-

135 1942 287 1982 setanis
325 1942 528 1999 oppidum
570 1942 820 1984 Corbionem
854 1942 984 1985 vineis
1023 1951 1065 1984 et
1104 1943 1301 1998 operibus
1339 1958 1554 1999 expugna-

135 1996 212 2049 vit,
251 1999 438 2055 captivos
477 1998 690 2042 vendidit:
741 2000 887 2056 quieta
920 1999 1071 2040 deinde
1105 1999 1279 2040 hiberna
1311 2007 1353 2042 et
1387 1999 1553 2042 citerior

633 2073 644 2098 i
656 2084 839 2118 prensantem
853 2077 952 2109 Gron.
966 2077 1058 2108 Crev.

136 2154 243 2191 crepat
265 2154 365 2180 noster
381 2158 399 2179 a
422 2148 571 2180 Cicerone
593 2148 676 2180 circa
697 2153 824 2180 aetatem

138 2190 278 2223 Catonis.

180 2235 386 2265 51⁸*Causam
407 2235 524 2269 dixerit,
552 2235 608 2273 ipse
628 2245 680 2273 pro
703 2246 730 2265 se
755 2245 820 2264 ora-

140 2279 224 2313 verit,
251 2277 466 2318 scripseritque]
505 2277 593 2307 Reus
621 2276 731 2312 factus,
756 2276 822 2319 ipse

162 2331 194 2351 ro
215 2330 249 2352 se
270 2320 392 2357 dixerit,
406 2320 625 2361 scriptamque,
640 2330 734 2361 quam
757 2325 823 2350 tum

134 2330 247 2394 llabuit
275 2362 361 2408 apud
391 2362 515 2404 judices
540 2362 722 2399 orationem,
752 2362 823 2394 reli-

137 2406 250 2446 querit.

185 2449 227 2479 52
249 2450 312 2480 Ser.
334 2449 458 2480 Galbam
481 2449 520 2479 ad
543 2450 645 2488 populi
667 2449 823 2478 adduxerit

132 2491 301 2533 judicium]
325 2492 377 2523 De
400 2491 458 2523 hoc
479 2489 696 2533 judiciosquo
719 2489 824 2521 Galba

141 2533 302 2564 absolutus
314 2540 370 2570 est,
384 2534 402 2551 ²
413 2534 483 2566 vide
497 2533 530 2566 in
545 2533 649 2576 primis
664 2532 732 2564 Cic.
744 2533 771 2564 I.
785 2532 824 2564 de

143 2577 233 2607 Orat.
249 2586 280 2606 n.
293 2577 366 2607 227.
379 2582 411 2607 et
424 2578 498 2608 228.

185 2619 226 2649 53
251 2618 325 2648 Tum
338 2620 535 2661 prensantem]
560 2620 628 2650 Hoc
644 2618 747 2660 Lipsio
768 2619 822 2649 de-

140 2660 241 2696 betur,
254 2671 350 2702 quum
365 2661 396 2691 in
408 2662 529 2704 scriptis
542 2661 728 2704 quibusdam
741 2662 823 2703 lege-

141 2707 225 2734 retur
236 2710 418 2742 praesentem,
431 2704 462 2736 in
475 2705 609 2747 vulgatis
621 2711 772 2744 petentem.

185 2747 227 2777 54
255 2747 364 2776 Praeter
392 2746 429 2777 L.
458 2747 607 2784 Flaccum,
637 2750 687 2788 qut
714 2749 823 2789 collega

142 2790 175 2818 in
198 2790 351 2820 consulatu
365 2788 490 2831 fiterat]
524 2791 557 2821 Is
581 2800 656 2821 sane
678 2790 824 2821 adversus

144 2831 295 2862 Catonem
319 2831 403 2863 co'ire
425 2842 496 2863 cum
517 2833 624 2863 ceteris
645 2844 706 2864 non
729 2832 821 2863 debe-

143 2874 208 2905 bat.
260 2874 362 2906 Docet
384 2874 464 2906 enirn
489 2875 675 2910 Plutarchus
697 2876 729 2907 in
752 2876 823 2907 Cat.

867 2147 1003 2189 Majore,
1018 2148 1098 2179 circa
1120 2147 1220 2186 initia,
1243 2149 1284 2180 ab
1307 2148 1363 2179 hoc
1385 2149 1422 2179 L.
1438 2149 1551 2180 Flacco

869 2191 1022 2222 Catonem
1053 2191 1185 2232 primum
1211 2192 1243 2222 iu
1278 2190 1419 2223 notitiam
1454 2191 1550 2222 homi-

865 2244 940 2265 num
968 2233 1152 2276 productum
1174 2243 1251 2269 osse,
1275 2240 1306 2265 et
1327 2233 1394 2275 ejus
1415 2234 1550 2265 maxime

865 2276 974 2319 opibus
996 2282 1028 2308 et
1049 2276 1147 2317 gratia
1167 2277 1414 2309 commendatum
1437 2276 1551 2320 primos

866 2319 996 2351 honores
1009 2320 1140 2361 cepisse.

908 2364 950 2394 55
976 2363 1015 2393 Et
1045 2363 1083 2393 L.
1115 2363 1280 2393 Postumius
1306 2363 1428 2403 prator]
1466 2362 1550 2392 Anni

866 2404 990 2446 prioris:
1029 2415 1065 2436 ac
1103 2405 1229 2436 fortasse
1263 2405 1292 2436 ei
1324 2404 1485 2447 imperium
1518 2404 1550 2434 in

866 2448 949 2479 hunc
963 2458 1078 2479 annum
1092 2453 1288 2489 prorogatum
1306 2447 1414 2478 fuerat.
1461 2446 1550 2482 Quod

867 2490 893 2522 si
918 2491 962 2522 ita
986 2496 1076 2526 esset,
1104 2496 1214 2532 praetor
1240 2490 1290 2521 hie
1316 2489 1468 2521 diceretur
1496 2489 1549 2530 qui

868 2539 1051 2576 propraetore
1076 2539 1153 2570 erat,
1179 2543 1216 2563 ex
1244 2532 1356 2564 usitato
1385 2532 1468 2575 apud
1498 2531 1549 2562 Li—

865 2576 947 2607 vium
962 2581 993 2607 et
1008 2581 1125 2608 ceteros
1137 2585 1231 2607 more.

908 2619 950 2650 56
973 2621 1034 2649 Aut
1054 2621 1136 2650 vades
1155 2617 1357 2658 deseruerant]
1381 2616 1446 2646 Aut
1470 2615 1550 2646 datis

866 2662 1009 2699 vadibus,
1024 2662 1078 2703 qui
1091 2661 1276 2704 sponderent
1292 2660 1359 2690 illos
1382 2658 1422 2705 ad
1439 2657 1548 2705 judicii

867 2704 949 2736 diem
976 2705 1146 2741 adfuturos,
1173 2702 1370 2736 nihilominus
1398 2700 1549 2741 judieiuru

865 2747 1075 2779 deseruerant.
1541 2785 1547 2789 ,

908 2791 1011 2822 57⁸A
1051 2791 1087 2821 P.
1126 2788 1272 2827 Cornelio]
1317 2787 1460 2821 Praetore,
1497 2796 1549 2826 qui

867 2838 1030 2873 utramque
1059 2833 1091 2863 in
1120 2832 1194 2862 urbe
1223 2828 1466 2870 jurisdictionem
1493 2828 1548 2859 ha-

866 2875 973 2907 bebat.

944 2918 1053 2957 1ssss
