1947 3222
346 111 419 144 184
867 104 1008 144 TITI
1057 107 1230 144 L1V11

132 228 170 257 U.
185 227 217 256 c.
238 223 310 254 559.
343 215 446 256 enim
469 213 511 253 iu
529 212 732 253 AEolidem
750 213 986 269 Ioniamque
1005 217 1173 256 colonice
1194 217 1236 256 in
1256 214 1482 255 servitutem
1500 215 1648 269 regiam
1665 219 1755 260 mis-

133 270 174 300 A.
189 270 223 299 C·
241 267 312 297 193.
345 285 400 313 sce
414 276 520 312 sunt.-
551 271 621 310 sed
637 270 778 324 stirpis
799 274 994 326 augendae
1008 287 1160 323 caussa,
1173 273 1379 328 gentisque
1393 273 1665 313 vetustissimae
1676 288 1757 327 per

348 328 477 369 orbem
497 333 697 368 terrarum
711 330 1002 382 propagandae.

407 384 537 425 LIX.
571 385 712 434 Quum
745 384 955 426 haesitaret
986 384 1267 440 Hegesianax,
1298 399 1372 425 nec
1400 384 1574 427 inficiari
1603 393 1759 442 posset,

350 439 656 482 3honestiorem
689 454 874 481 caussam
909 441 1128 491 libertatis,
1159 457 1285 496 quam
1321 442 1547 491 servitutis,
1583 442 1759 498 praetexi

353 497 504 545 titulo;
557 497 668 540 Quin
709 497 901 537 mittimus
940 498 1139 551 ambages,
1174 497 1308 553 inquit
1348 497 1392 537 P.
1427 498 1649 554 Sulpicius,
1685 499 1761 554 qui

354 555 561 596 maximus
589 561 692 593 natu
724 567 776 592 ex
807 552 948 594 decem
983 553 1130 608 legatis
1161 563 1260 594 erat.
1321 554 1503 594 Alteram
1535 570 1583 594 ex
1611 556 1764 596 duabus

356 609 660 658 conditionibus,
681 607 792 661 *quoe
810 611 925 649 modo
951 611 1098 651 diserte
1116 625 1142 651 α
1166 611 1353 658 Quinctio
1372 613 1480 652 datce
1498 619 1601 659 sunt,
1623 613 1765 666 legite.-

360 674 430 709 aut
450 666 698 719 supersedete
717 666 766 705 de
786 667 968 707 amicitia
982 681 1117 721 agere.
1152 668 1236 708 Nos
1248 682 1352 716 ver0,
1369 667 1506 723 inquit
1523 669 1768 725 Menippus,

359 739 431 764 nec
456 724 643 772 volumus,
665 736 735 762 nec
745 736 953 775 possumus
975 724 1130 776 pacisci
1149 725 1378 778 quidquam,
1400 738 1476 778 quo
1495 739 1657 779 regnum
1682 726 1767 766 An-

361 780 488 821 tiochi
507 780 723 819 minuatur.
785 780 959 821 Postero
980 780 1046 821 die
1069 780 1289 830 Quinctius
1309 780 1534 836 legationes
1554 781 1768 823 universas

365 836 543 880 Graeciae
559 835 761 891 Asiaeque
782 851 913 891 quum
931 836 973 877 in
995 845 1183 878 senatum
1203 837 1516 887 introduxisset,
1534 846 1581 878 ut
1603 838 1768 888 scirent,

364 893 479 950 quali
509 892 645 933 animo
674 892 856 948 populus
887 894 1116 944 Romanus,
1139 893 1252 949 quali
1279 893 1517 935 Antiochus
1545 909 1644 950 erga
1673 894 1771 935 civi-

366 959 472 991 tates
504 948 679 991 Graeciae
711 957 869 996 essent;
910 950 1123 1006 postulata
1156 959 1198 991 et
1228 965 1317 1000 sua,
1350 958 1391 991 et
1421 950 1529 1005 regis
1564 951 1769 1007 exposuit.

365 1007 670 1048 Ite-nunciarent
698 1006 929 1046 civitatibus
961 1009 1056 1056 suis,
1084 1008 1279 1060 populum
1310 1008 1550 1057 Romanum,
1583 1021 1662 1060 qua
1691 1008 1774 1048 vir-

367 1069 451 1104 tute
482 1077 638 1117 quaque
652 1064 747 1115 fide
776 1062 1001 1103 libertatem
1033 1078 1164 1104 eorum
1200 1078 1226 1103 a
1264 1065 1460 1116 Philippo
1494 1065 1775 1113 vindicaverit,

368 1122 504 1161 eadem
521 1120 571 1160 ab
593 1119 803 1169 Antiocho,
818 1121 901 1160 nisi
919 1122 1084 1161 decedat
1103 1122 1286 1174 Europa,
1309 1121 1616 1161 vindicaturum.
1661 1122 1701 1162 T
1706 1135 1778 1161 um

371 1176 602 1233 Menippus
635 1176 847 1231 deprecari
886 1184 927 1217 et
964 1177 1206 1227 Quinctium
1245 1186 1287 1218 et
1323 1178 1469 1218 Patres
1507 1177 1674 1227 institit,
1713 1177 1778 1217 Ne

353 1234 610 1289 festinarent
638 1235 860 1284 decernere,
888 1247 964 1287 quo
995 1235 1150 1274 decreto
1183 1234 1388 1275 turbaturi
1421 1232 1550 1274 orbem
1580 1241 1780 1274 terrarum

373 1297 509 1332 essent.
575 1290 745 1343 Tempus
774 1296 812 1330 et
839 1289 918 1330 sibi
945 1297 1152 1339 sumerent,
1174 1298 1212 1331 et
1237 1292 1326 1345 regi
1345 1291 1401 1330 ad
1427 1291 1676 1344 cogitandum
1707 1291 1780 1330 da-

374 1354 477 1389 rent.
507 1349 791 1401 cogitaturum,
813 1361 927 1400 quum
949 1349 1197 1388 renunciatoe
1211 1349 1458 1388 conditiones
1478 1354 1624 1388 essent.-
1655 1362 1676 1387 e
1690 1348 1780 1388 tim-

163 1413 288 1458 lntegra
301 1419 348 1441 res
372 1411 620 1458 petraturum
642 1405 815 1458 aliquid,
836 1410 907 1444 aut
925 1405 1044 1457 pacis
1064 1419 1203 1445 caussa
1222 1404 1529 1445 ⁵consensurum.
1591 1405 1660 1445 Ita
1679 1404 1782 1445 inte-

161 1453 365 1529 (ἐξῆέῐῑῖἲξρὴο
375 1477 452 1518 gra
471 1460 601 1502 dilata
620 1476 684 1502 res
705 1468 777 1501 est.
809 1460 966 1515 legatos
986 1461 1095 1502 mitti
1125 1461 1179 1501 ad
1205 1476 1344 1516 regem
1366 1460 1544 1510 eosdem,
1567 1460 1640 1516 qui
1664 1460 1783 1516 Lysi-

377 1517 548 1559 machiae
583 1533 605 1558 a
641 1517 697 1558 ud
731 1531 827 1557 eum
861 1516 1042 1567 fuerant,
1072 1517 1245 1574 placuit,
1277 1518 1325 1558 P.
1351 1516 1595 1572 Sulpicium,
1628 1517 1676 1557 P.
1699 1516 1785 1557 Vil-

376 1575 493 1624 lium,
517 1574 564 1614 P.
642 1573 757 1615 lium.

434 1631 535 1672 LX.
570 1630 755 1671 Vixdum
790 1630 819 1671 ii
853 1630 1029 1687 profecti
1064 1638 1196 1681 erant,
1227 1646 1356 1687 quum
1388 1646 1413 1671 a
1443 1629 1702 1685 Karthagine
1728 1630 1786 1671 le-

168 1698 328 1730 Hannibal
377 1688 479 1744 gati,
500 1686 658 1728 bellum
687 1686 803 1727 haud
833 1687 960 1727 dubie
989 1701 1134 1742 parare
1156 1688 1429 1738 Antiochum,
1452 1687 1690 1728 Hannibale
1709 1687 1785 1728 mi-

166 1742 356 1815 fflssgffi‘rlnm
379 1744 524 1793 nistro,
547 1742 805 1793 adtulerunt,
829 1744 1144 1799 injeceruntque
1174 1759 1330 1792 curam,
1351 1759 1403 1784 ne
1434 1743 1555 1784 simul
1585 1752 1626 1784 et
1658 1742 1787 1785 Puni-

168 1827 313 1859 concitat.
380 1815 475 1842 cum
487 1800 644 1841 bellum
661 1799 923 1841 excitaretur.
968 1799 1195 1849 Hannibal,
1211 1800 1346 1856 patria
1357 1800 1578 1855 profuguS,
1591 1815 1788 1856 pervene-

381 1865 446 1898 rat
477 1856 530 1897 ad
552 1856 826 1906 Antiochum,
849 1855 954 1897 sicut
984 1864 1078 1897 ante
1109 1856 1268 1897 dictum
1290 1865 1374 1897 est:
1407 1864 1448 1897 et
1469 1864 1557 1897 erat
1583 1856 1699 1912 apud
1727 1872 1790 1898 re-

382 1928 476 1968 gem
504 1912 545 1953 in
567 1927 718 1967 magno
747 1912 916 1962 honore,
945 1912 1060 1953 nulla
1086 1912 1167 1953 alia
1196 1921 1299 1963 arte,
1327 1912 1406 1953 nisi
1437 1913 1552 1968 quod
1582 1913 1789 1954 volutanti

384 1970 459 2011 diu
480 1969 650 2011 consilia
669 1969 721 2009 de
745 1968 934 2010 Romano
960 1968 1070 2010 bello
1090 1984 1210 2010 nemo
1231 1970 1368 2025 aptior
1388 1984 1512 2025 super
1539 1969 1611 2018 tali
1633 1984 1676 2010 re
1696 1984 1792 2026 par-

386 2025 516 2081 ticeps
556 2024 753 2066 sermonis
791 2040 877 2066 esse
915 2034 1090 2081 poterat.
1165 2025 1376 2068 Sententia
1414 2027 1503 2081 ejus
1543 2040 1627 2067 una
1664 2034 1792 2082 atque

176 2096 294 2128 Suadet
308 2102 341 2128 ut
387 2082 531 2123 eadem
562 2097 722 2138 semper
744 2089 845 2130 erat,
868 2089 911 2122 ut
941 2083 984 2122 z'n
1014 2083 1146 2123 Italia
1177 2083 1316 2124 bellum
1342 2089 1562 2137 gereretur.
1622 2083 1792 2123 Italiam

173 2139 378 2224 ἴῐιὶηῐῃῐῑέἑῗξθῑ
391 2145 429 2179 et
448 2145 682 2179 commeatus
709 2145 747 2179 et
766 2140 929 2180 militem
953 2139 1217 2192 prcebiturum
1248 2146 1411 2180 externo
1439 2140 1556 2180 hosti.
1616 2140 1664 2181 Si
1691 2140 1799 2180 nihil

174 2231 233 2257 tur.
393 2196 451 2236 ihi
471 2202 686 2244 moveatur,
707 2196 903 2250 liceatque
915 2197 1068 2249 populo
1084 2196 1268 2237 Romano
1289 2197 1439 2238 viribus
1459 2203 1496 2237 et
1516 2196 1640 2250 copiis
1659 2197 1798 2236 Italiae

392 2258 507 2293 extra
523 2252 691 2292 Italiam
714 2252 851 2293 bellum
869 2267 1012 2307 gerere
1017 2276 1031 2300 ‚·
1064 2267 1189 2307 neque
1204 2268 1347 2309 regem,
1366 2267 1488 2307 neque
1502 2259 1658 2307 gentem
1675 2254 1796 2293 ullam

431 2410 478 2439 3*
492 2409 685 2440 Honestiorem
721 2411 854 2452 causam]
908 2412 1073 2442 Honestio-
1116 2411 1204 2443 endae
1227 2410 1387 2447 libertam,
1407 2421 1500 2452 quam
1523 2409 1680 2451 exigendae
1703 2409 1797 2441 servi-

390 2461 452 2482 rem
481 2462 604 2483 causam
641 2453 768 2493 praetexi
795 2454 884 2484 titulo
911 2455 1071 2491 libertatis,
1117 2455 1200 2486 tutis.

389 2504 483 2535 quam
506 2494 595 2525 titulo
617 2495 780 2525 servitutis.
827 2498 897 2527 Vox
923 2499 1009 2527 titulo
1027 2504 1073 2528 est
1159 2499 1177 2527 4
1203 2497 1279 2531 Quoe
1300 2497 1380 2526 modo
1404 2497 1506 2526 diserte
1531 2507 1550 2525 α
1580 2495 1702 2529 011ῑηῖῐο
1723 2496 1797 2526 ἅαῑιί

389 2537 421 2566 in
437 2536 531 2567 dandi
547 2547 631 2567 casu.
677 2537 792 2568 Titulus
809 2537 857 2569 hic
873 2545 919 2570 est
942 2540 972 2570 id
989 2540 1070 2581 quod
1115 2539 1200 2580 sunt]
1236 2540 1334 2570 Recte
1361 2537 1534 2569 Gronovius
1557 2537 1700 2568 emendat
1727 2538 1797 2568 Iatae

389 2579 556 2620 praefertur.
613 2580 681 2610 l‘rae
712 2590 743 2610 se
772 2582 910 2612 serebant
936 2583 1072 2613 Romani
1115 2589 1193 2613 sunt.
1237 2582 1288 2612 Sic
1305 2581 1325 2612 Ι.
1342 2580 1483 2612 XXVII.
1500 2591 1527 2611 c.
1544 2581 1595 2611 30.
1610 2582 1695 2610 victos
1709 2582 1796 2611 victo-

391 2621 527 2652 animum
553 2631 587 2651 ac
615 2621 775 2653 consilium
802 2624 923 2654 tuendae
947 2624 1071 2655 liberta·
1115 2627 1143 2654 ri
1164 2625 1215 2655 sibi
1238 2625 1317 2654 ultro
1337 2624 1508 2654 conditiones
1523 2624 1626 2664 sene:
1661 2629 1692 2654 et
1723 2622 1798 2654 alibi

389 2664 429 2693 tis
444 2665 621 2696 Graecarum
643 2664 726 2695 Asiae
744 2665 913 2696 civitatum.
958 2669 1072 2698 Contra
1116 2668 1236 2709 saepius.

392 2717 452 2746 prae
477 2717 509 2737 se
537 2707 651 2737 ferebat
677 2707 848 2738 Antiochus
875 2709 1009 2740 animum
1033 2720 1068 2740 ac
1157 2712 1176 2740 5
1202 2707 1427 2750 consensurum]
1462 2708 1567 2749 ‘Magis
1583 2708 1715 2750 placeret
1730 2719 1797 2738 con-

390 2749 550 2780 ‹—0nsilium
579 2749 807 2791 repetendarum
839 2750 869 2781 in
893 2751 1067 2782 servitutem
1112 2763 1276 2782 ccssnaerum:
1313 2751 1394 2791 quod
1433 2751 1547 2782 habent
1586 2752 1646 2782 duo
1683 2749 1798 2792 scripti,

391 2792 504 2828 regiam
541 2793 717 2823 earumdem
754 2793 923 2823 civitatum.
980 2797 1068 2825 Porro
1114 2801 1189 2826 teste
1207 2795 1303 2826 Gron.

391 2833 557 2865 honestiore
574 2845 667 2865 causa
691 2835 828 2877 splendet
853 2835 998 2878 professio
1021 2843 1067 2868 tu-
