1947 3222
493 138 613 175 LIB.
642 136 811 174 XXXV.
853 136 989 173 CAP.
1019 137 1191 175 XXVII.
1474 147 1544 179 211

135 247 229 287 Hac
261 257 350 289 tum
386 247 582 303 praetoria
615 260 718 285 nave
755 244 1014 300 praecedente
1049 245 1233 296 classem,
1259 263 1391 302 quum
1426 251 1469 292 in
1499 266 1547 292 ea
1561 257 1600 288 U.
1613 257 1650 289 C.
1665 258 1738 288 560.

135 304 344 345 Patrensis
378 304 479 343 Tiso
518 302 742 357 praefectus
777 301 915 341 classis
950 301 1186 351 veheretur,
1216 304 1490 348 obcurrerunt
1521 300 1736 354 aA,·C·¹9.'²·

138 361 298 416 Grythio
322 361 534 401 Laconum
555 373 702 398 naves:
736 366 776 398 et
798 358 933 413 primo
955 358 1092 399 statim
1121 358 1289 400 incursu
1311 361 1365 400 ad
1395 378 1542 404 novam
1555 343 1748 416 ἑξέἰξςὲζῇἓ

134 426 175 458 et
198 418 357 457 firmam
384 430 531 456 navem
551 423 685 456 vetus.
709 430 806 470 quae
836 429 910 469 per
931 430 973 455 se
1003 415 1093 470 ipsa
1121 415 1314 458 omnibus
1334 421 1542 475 compagi·
1555 438 1690 470 poemen.

134 474 214 514 bus
244 488 395 529 aquam
425 472 642 527 acciperet,
671 471 836 512 divulsa
866 480 950 512 est:
983 472 1179 528 captique
1209 488 1364 523 omnes,
1397 476 1470 530 qui
1500 476 1541 517 in

133 545 236 570 nave
266 538 393 570 erant.
426 538 560 570 cetera
596 528 748 577 classis,
780 528 975 584 praetoria
1010 544 1113 569 nave
1143 528 1304 579 amissa,
1335 540 1541 586 quantum

133 602 312 642 quaeque
351 586 474 626 remis
509 585 656 634 valuit,
692 585 906 640 fugerunt.
939 585 1025 641 ipse
1060 585 1348 642 Philopoemen
1382 588 1425 628 in
1461 588 1542 629 levi

132 643 406 699 speculatoria
425 658 528 682 nave
558 641 695 697 fugit:
729 656 802 682 nec
833 649 928 682 ante
959 642 1074 697 fugae
1104 643 1242 693 finem,
1263 642 1296 666 ⁸⁵
1310 659 1436 699 quam
1460 646 1541 686 Pa-

132 708 214 740 tras
235 708 407 741 ventum
434 707 510 748 est,
532 699 643 739 fecit.
705 698 822 738 Nihil
853 714 900 738 ea
928 714 993 739 res
1022 698 1205 740 animum
1237 699 1426 742 militaris
1446 701 1538 752 viri,

130 764 171 797 et
199 756 354 797 multos
383 756 544 812 experti
575 770 707 805 casus,
729 755 936 796 inminuit.
969 755 1071 811 quin
1101 764 1258 806 contra,
1280 757 1313 797 si
1343 757 1385 798 in
1406 773 1450 798 re
1470 773 1540 799 na-

129 813 225 862 vali,
248 813 369 868 cujus
389 821 494 854 esset
524 812 709 867 ignarus,
730 811 999 861 obfendisset,
1020 828 1068 853 eo
1096 812 1193 868 plus
1212 813 1255 853 in
1275 828 1337 863 ea,
1359 829 1540 869 quorum

129 885 209 911 usu
231 870 411 919 calleret,
434 870 521 926 spei
543 877 704 919 nactus,
724 869 849 909 breve
869 868 913 909 id
937 877 1115 924 tyranno
1135 869 1338 924 gaudium
1360 886 1401 912 se
1421 871 1540 912 effec-

130 935 275 967 turum
295 927 554 967 adfirmabat.

187 984 392 1024 XXVII.
424 984 571 1032 Nabis,
611 998 743 1038 quum
782 997 981 1038 prospera
1019 982 1152 1024 elatus
1192 999 1250 1034 re,
1291 993 1382 1026 tum
1424 1000 1539 1041 spem

127 1041 250 1081 etiam
283 1040 395 1081 haud
427 1040 598 1081 dubiam
628 1048 788 1089 nactus,
810 1039 913 1080 nihil
941 1039 1031 1095 jam
1051 1055 1076 1080 a
1096 1040 1199 1080 mari
1229 1041 1403 1096 periculi
1433 1043 1536 1093 fore,

127 1106 168 1138 et
200 1106 412 1138 terrestres
432 1097 571 1137 aditus
592 1096 783 1136 claudere
803 1104 1039 1151 opportune
1068 1096 1212 1152 positis
1245 1098 1447 1152 praesidiis
1468 1115 1538 1140 vo-

127 1154 217 1195 luit.
259 1155 383 1195 tertia
420 1162 538 1209 parte
573 1153 786 1208 copiarum
821 1153 874 1194 ab
909 1152 1122 1193 obsidione
1156 1154 1304 1209 Gythii
1338 1154 1536 1206 abducta,

124 1211 219 1251 ⁸⁶ad
252 1210 385 1251 Pleias
414 1209 554 1265 posuit
585 1218 729 1250 castra.
792 1209 974 1250 Inminet
1002 1210 1036 1250 is
1071 1209 1185 1251 locus
1221 1219 1262 1251 et
1297 1211 1463 1263 Leucis,
1495 1222 1537 1254 et

123 1267 334 1316 87Acriis‘,
351 1282 437 1323 qua
456 1266 707 1308 videbantur
727 1267 866 1307 hostes
887 1266 1117 1307 exercitum
1137 1267 1360 1309 admoturi.
1394 1270 1535 1318 Quum

125 1324 183 1365 ibi
212 1324 365 1364 stativa
384 1332 532 1373 essent,
554 1332 593 1365 et
621 1324 743 1379 pauci
776 1323 1042 1364 tabernacula
1069 1323 1284 1375 haberent,
1306 1325 1537 1367 multitudo

121 1381 204 1422 alia
233 1396 345 1421 casas
375 1396 427 1421 ex
463 1380 682 1421 arundine*
711 1388 848 1421 textas
877 1379 1039 1430 fronde,
1062 1395 1158 1436 quae
1189 1383 1382 1424 umbram
1411 1383 1536 1424 modo

121 1438 342 1494 praeberet,
365 1437 588 1485 texissent3
621 1437 865 1492 priusquam
896 1436 938 1477 in
968 1446 1235 1492 conspectum
1264 1439 1448 1480 hostium
1468 1455 1536 1481 ve-

123 1495 230 1535 niret
264 1494 565 1550 Philopoemen,
588 1509 662 1534 nec
691 1493 928 1549 opinantem
964 1493 996 1517 88
1009 1509 1104 1534 eum
1140 1494 1352 1550 inproviso
1384 1508 1535 1551 genere

122 1551 220 1592 belli
241 1551 415 1606 adgredi
437 1550 595 1591 statuit.
657 1549 837 1606 Navigia
865 1565 994 1606 parva
1014 1550 1056 1590 in
1087 1551 1306 1592 stationem
1326 1552 1534 1594 occultam
1549 1564 1682 1597 Nabidis

122 1609 213 1664 agri
249 1608 402 1663 Argivi
441 1607 673 1649 contraxit:
716 1607 759 1647 in
799 1622 847 1647 ea
881 1607 1099 1662 expeditos
1138 1607 1304 1658 milites,
1341 1610 1705 1656 caetratoscastrain-

122 1665 358 1722 plerosque,
380 1679 475 1705 cum
495 1664 638 1705 fundis
658 1672 700 1705 et
723 1663 874 1719 jaculis
895 1672 935 1704 et
956 1664 1037 1704 alio
1066 1664 1147 1704 levi
1177 1680 1327 1720 genere
1352 1675 1534 1708 armatu·
1545 1651 1658 1683 cendit.

123 1738 194 1772 rae,
217 1721 412 1777 inposuit.
444 1720 539 1761 inde
569 1721 692 1762 litora
722 1721 875 1776 legens,
898 1736 1030 1776 quum
1057 1721 1112 1761 ad
1141 1721 1428 1777 propinquum
1448 1739 1534 1765 cas-

122 1779 197 1820 tris
217 1779 400 1819 hostium
430 1777 760 1833 promontorium
780 1778 972 1827 venisset,
994 1793 1182 1833 egressus
1209 1778 1383 1820 callibus
1407 1781 1531 1831 notis,

120 1845 240 1877 nocte
263 1834 398 1876 Pleias
418 1835 606 1890 pervenit
625 1851 634 1875 ε
667 1842 722 1884 et,
745 1834 890 1890 sopitis
911 1834 1122 1889 vigilibus,
1145 1842 1193 1876 ut
1223 1835 1266 1875 in
1296 1836 1412 1877 nullo
1438 1852 1533 1893 pro-

119 1892 280 1948 pinquo
300 1900 430 1941 metu,
452 1890 589 1947 ignem
617 1891 719 1932 casis
749 1892 802 1932 ab
832 1891 942 1931 omni
972 1900 1091 1946 parte
1120 1899 1351 1933 castrorum
1378 1892 1530 1949 injecit.

123 1949 255 1990 Multi
285 1949 403 2004 prius
437 1947 626 1989 incendio
663 1947 844 1989 absumti
876 1957 988 1997 sunt,
1010 1963 1136 2004 quam
1166 1948 1350 1990 hostium
1380 1950 1533 1992 adven-

122 2014 213 2047 tum
235 2005 455 2046 sentirent:
488 2013 544 2055 et,
567 2005 641 2060 qui
673 2012 897 2054 senserant,
916 2004 1074 2045 nullam
1096 2020 1217 2061 opem
1247 2006 1354 2047 ferre
1385 2015 1533 2063 potue-

120 2071 231 2104 runt.
294 2063 423 2102 Ferro
457 2061 707 2118 flammaque
740 2062 879 2102 omnia
913 2062 1127 2103 absumta:
1163 2064 1361 2118 perpauci
1391 2072 1531 2105 tamen

119 2135 171 2160 ex
192 2128 278 2161 tam
308 2118 479 2174 ancipiti
510 2128 624 2174 peste
654 2118 708 2159 ad
731 2118 940 2174 Gythium
968 2117 1011 2158 in
1042 2119 1199 2174 majora
1227 2127 1361 2160 castra
1388 2121 1530 2175 perfu-

120 2186 284 2231 gerunt.
348 2176 414 2216 Ita
449 2175 648 2230 perculsis
681 2176 888 2224 hostibus,
921 2175 1209 2230 Philopoemen
1248 2176 1440 2231 protinus
1474 2177 1529 2218 ad

118 2232 455 2289 depopulandam
474 2232 681 2288 Tripolim
699 2232 894 2273 Laconici
914 2232 1019 2287 agri,
1037 2232 1111 2287 qui
1131 2232 1346 2287 proximus
1366 2232 1398 2256 ⁸9
1406 2234 1530 2275 finem

122 2289 520 2345 lssegalopolitarum
550 2298 627 2339 est,
652 2289 799 2331 duxit:
832 2296 888 2339 et,
919 2303 1071 2344 magna
1099 2289 1141 2329 vi
1170 2305 1367 2345 pecorum
1396 2290 1529 2331 homi-

122 2361 305 2402 numque
335 2346 431 2387 inde
461 2346 648 2401 abrepta,
669 2346 915 2402 priusquam
936 2361 960 2385 a
982 2345 1145 2402 Gythio
1166 2355 1368 2403 tyrannus
1388 2347 1530 2403 praesi-

455 2449 467 2466 ¹
482 2446 565 2476 Acris
581 2445 678 2477 Gron.
694 2445 784 2476 Crev.
871 2447 882 2463 ⁵
895 2446 1090 2476 arundinibus
1104 2444 1192 2476 Eaed.

168 2545 208 2573 35
233 2543 325 2577 Quam
344 2545 450 2576 Patras
468 2551 586 2575 ventum
606 2544 658 2584 sit]
683 2543 802 2574 Victor.
890 2543 929 2572 87
954 2542 1053 2583 Acris]
1084 2542 1262 2584 Legendum
1289 2548 1336 2574 est
1359 2544 1466 2579 Acriis,
1492 2553 1529 2573 ex

122 2585 230 2621 codex,
244 2594 358 2617 ventum
374 2594 424 2618 est,
847 2585 1023 2615 auctoribus
1038 2596 1127 2627 supra
1143 2586 1328 2617 memoratis.

165 2629 206 2658 86
229 2629 274 2658 Ad
298 2630 409 2670 Pleias]
445 2631 513 2661 Hoc
539 2639 651 2660 nomen
677 2639 800 2671 corrup·
888 2628 1060 2669 88⁸Eam]
1087 2629 1205 2659 Nabiu.

124 2676 188 2700 tum
220 2677 276 2701 est.
318 2672 473 2704 Mem-sius
507 2672 662 2703 existimat
695 2674 801 2703 admo-
888 2671 928 2701 89
952 2671 1055 2701 Finem
1090 2671 1379 2713 Megalopolitarum]
1415 2669 1530 2701 Merito

123 2713 197 2743 dum
219 2713 419 2745 verisimiliter
439 2715 604 2756 legendum
626 2725 692 2745 esse
708 2715 801 2751 Boeas,
845 2713 904 2754 legi
929 2714 1019 2755 jubet
1047 2714 1221 2745 Gronovius
1240 2715 1334 2754 finem
1364 2713 1530 2753 Megalopo-

123 2755 210 2796 cujus
231 2756 334 2797 oppidi
355 2756 468 2788 mentio
488 2758 523 2788 fit
543 2763 609 2788 tum
626 2768 644 2787 a
659 2757 801 2799 Polybio,
847 2757 984 2786 litonum.
1028 2756 1079 2787 Sic
1101 2757 1184 2788 enim
1204 2762 1289 2787 amat
1312 2754 1395 2794 loqui
1414 2754 1530 2786 Livius,

123 2799 144 2828 l.
160 2799 200 2828 V.
216 2804 281 2828 tum
296 2809 314 2828 a
330 2800 486 2830 Pausania
499 2800 531 2830 in
547 2799 719 2836 Laconicis,
735 2806 802 2831 tan·
848 2800 887 2829 L.
906 2800 966 2829 IX.
991 2809 1019 2830 e.
1036 2800 1067 2830 6.
1090 2802 1128 2830 ad
1142 2800 1236 2840 finem
1257 2799 1449 2837 Campanam.
1493 2798 1531 2828 L.

123 2851 217 2881 quam
240 2840 330 2871 vicini
346 2842 445 2872 Acriis
463 2847 495 2873 et
516 2842 638 2879 Leucis,
655 2853 724 2884 quae
746 2843 803 2874 hoc
848 2843 889 2872 X.
923 2852 951 2872 e.
981 2842 1033 2872 35.
1068 2844 1107 2873 ad
1132 2843 1227 2883 finem
1257 2841 1447 2871 Lucerinum.
1491 2840 1531 2871 Et

121 2883 189 2914 loco
204 2883 410 2915 nominantur.
850 2883 923 2914 alibi
937 2885 1058 2924 saepius.

922 2928 992 2965 1²2
