1947 3222
128 210 166 240 U.
180 210 215 241 G.
233 208 308 241 566.

126 252 170 285 A.
183 255 218 285 C.
236 254 308 285 186.

135 727 276 759 Innotes-

335 95 414 134 406
873 90 1014 137 ΤΙΤΪ
1057 96 1232 136 L1V11

341 206 437 248 dem
474 204 638 248 officina
676 205 857 250 exibant.
918 208 1088 249 Venena
1126 206 1311 248 indidem
1351 205 1644 262 intestinaeque
1685 219 1765 247 cae-

341 263 438 305 des:
470 263 530 305 ita
549 271 670 305 utne
689 278 759 305 cor
791 279 864 305 ora
883 264 1054 320 quidem
1078 263 1291 306 interdum
1321 262 1375 304 ad
1406 262 1665 318 sepulturam
1696 277 1767 303 ex-

343 327 511 362 starent.
574 319 718 362 Multa
747 279 858 371 dolo,
888 321 1089 377 pleraque
1117 335 1192 377 per
1220 320 1306 362 vim
1336 319 1613 361 audebantur.
1644 333 1767 361 occu-

341 377 455 419 lebat
484 377 584 427 vim,
616 378 731 434 quod
760 393 849 434 prae
879 377 1127 427 ululatibus,
1159 385 1540 433 tympanorumque
1575 385 1617 418 et
1653 389 1769 432 cym-

343 433 535 476 balorum
571 435 766 491 strepitu,
802 434 919 475 nulla
953 449 1034 474 vox
1070 433 1365 490 quiritantium
1399 433 1506 475 inter
1542 441 1690 490 stupra
1724 439 1766 473 et

345 491 480 533 caedes
500 491 692 533 exaudiri
708 499 883 547 poterat.

404 548 491 589 IX.
525 548 670 603 Hujus
699 547 796 588 mali
821 547 934 589 labes
966 561 1016 588 ex
1050 546 1227 588 Etruria
1255 546 1450 597 Romam,
1480 547 1598 588 velut
1627 554 1768 587 conta-

345 604 467 661 gione
502 604 650 653 morbi,
687 603 933 660 penetravit.
973 604 1111 660 primo
1145 603 1262 645 urbis
1296 603 1542 659 magnitudo
1577 603 1768 660 capacior

345 661 653 717 patientiorque
683 661 832 703 talium
857 661 1062 702 malorum
1089 676 1137 701 ea
1163 660 1337 702 celavit:
1371 659 1537 701 tandem
1567 659 1769 701 indicium

344 719 425 759 hoc
455 717 635 759 maxime
667 717 793 759 modo
822 717 877 759 ad
909 717 1175 759 Postumium
1210 717 1421 759 consulem
1454 717 1656 772 pervenit.
1718 717 1766 757 P.

133 777 208 802 0¹¹¹st
223 772 260 802 P.
275 770 334 802 AE
348 774 572 825 AEbutius,
591 775 712 831 cujus
739 783 860 831 pater
878 775 1049 831 publico
1069 790 1179 831 equo
1201 773 1408 831 stipendia
1437 773 1607 823 fecerat,
1628 773 1773 829 pupil-

133 813 212 846 butii
225 824 327 858 opera.

345 831 412 873 lus
441 831 625 882 relictus,
653 832 831 873 mortuis
858 831 1008 873 deinde
1036 832 1263 882 tutoribus,
1296 831 1375 873 sub
1405 830 1540 872 tutela
1566 831 1771 871 Duroniae

346 888 490 931 matris
520 896 562 930 et
588 888 725 930 vitrici
755 889 809 929 T.
835 889 1068 945 Sempronii
1097 888 1235 931 Rutili
1266 888 1468 929 educatus
1498 887 1648 928 fuerat.
1710 887 1771 928 Et

347 953 480 988 mater
506 944 650 987 dedita
672 946 763 986 viro
790 954 902 987 erat:
935 955 977 988 et
1001 945 1190 996 vitricus,
1213 946 1315 1002 quia
1344 944 1520 986 tutelam
1549 943 1610 985 ita
1635 958 1771 1000 gesse-

346 1010 426 1054 rat,
448 1011 497 1044 ut
517 1002 721 1044 rationem
742 1002 916 1044 reddere
946 1018 1028 1044 non
1058 1011 1212 1059 posset,
1235 1010 1309 1043 aut
1332 1001 1420 1042 tolli
1448 1000 1673 1058 pupillum,
1695 1009 1770 1042 aut

346 1060 576 1101 obnoxium
607 1059 686 1101 sibi
715 1059 884 1101 vinculo
917 1060 1059 1116 aliquo
1093 1060 1182 1100 fieri
1215 1059 1423 1116 cupiebat.
1465 1058 1534 1099 via
1566 1072 1652 1098 una
1681 1073 1771 1099 cor·

346 1116 524 1173 ruptelae
545 1116 821 1157 Bacchanalia
840 1125 969 1158 erant.
1031 1117 1174 1158 Mater
1195 1115 1550 1158 adolescentulum
1572 1114 1772 1171 adpellat,

345 1174 396 1215 Se
414 1188 499 1227 pro
527 1187 636 1227 aegro
666 1188 710 1214 eo
740 1174 904 1224 vovisse,
935 1174 1005 1214 uhi
1036 1175 1210 1227 primum
1244 1174 1522 1222 convaluisset,
1555 1171 1772 1214 42Βασεῖιίε

345 1245 430 1272 eum
450 1245 491 1272 se
520 1231 794 1271 initiaturam.
825 1229 1103 1271 ffidamnatam
1134 1232 1229 1279 voti,
1252 1229 1386 1272 Dezim
1416 1229 1682 1284 benignitate,
1704 1244 1773 1270 ea·-

343 1289 496 1329 solvere
514 1288 560 1329 id
578 1288 689 1329 velle.
750 1289 898 1329 Decem
930 1289 1082 1328 dierum
1114 1289 1353 1329 castimonia
1379 1301 1476 1341 opus
1495 1301 1589 1328 esse.
1621 1287 1772 1328 decimo

346 1346 413 1386 die
442 1351 652 1394 caenatum,
682 1346 828 1386 deinde
849 1359 957 1399 pure
985 1347 1137 1386 lautum
1169 1346 1211 1386 in
1241 1346 1466 1386 sacrarium
1497 1346 1771 1385 deducturam.

133 1405 333 1447 HispalaFe-
348 1403 542 1444 Scortum
592 1402 731 1444 nobile
778 1402 972 1444 libertina
1022 1402 1201 1459 Hispala
1247 1402 1440 1452 Fecenia,
1480 1401 1603 1442 44non
1643 1401 1774 1457 digna

131 1449 232 1480 cenia.

344 1467 528 1516 quaestu,
569 1459 637 1501 cui
676 1459 872 1500 ancillula
911 1459 1163 1509 45adsuerat,
1205 1458 1330 1500 etiam
1364 1466 1590 1516 postquam
1625 1472 1772 1499 manu-

343 1517 469 1558 missa
500 1524 604 1567 erat,
637 1516 783 1557 eodem
817 1533 858 1558 se
891 1531 1042 1573 genere
1079 1518 1289 1558 tuebatur.
1364 1515 1479 1557 Huic
1511 1515 1774 1557 consuetudo

337 1573 467 1629 juxta
498 1573 753 1615 vicinitatem
794 1589 890 1615 cum
932 1574 1112 1616 AEbutio
1152 1573 1249 1624 fuit,
1289 1572 1460 1614 minime
1500 1571 1773 1614 adolescentis

342 1638 418 1672 aut
438 1630 497 1672 rei
518 1638 592 1672 aut
613 1630 736 1672 famae
766 1631 987 1673 damnosa:
1021 1631 1135 1673 ultro
1155 1630 1263 1672 enim
1286 1637 1450 1672 amatus
1471 1629 1770 1693 adpetitusque

342 1694 455 1728 erat:
488 1695 545 1737 et,
566 1687 747 1742 maligne
767 1688 906 1729 omnia
936 1687 1223 1744 praebentibus
1254 1687 1353 1737 suis,
1374 1686 1650 1728 meretriculae
1679 1700 1771 1728 mu-

342 1742 552 1786 nificentia
590 1744 886 1786 sustinebatur.
949 1745 1059 1795 Quin
1096 1760 1144 1786 eo
1178 1752 1433 1800 processerat
1468 1743 1770 1785 consuetudine

283 1841 286 1843 .
341 1808 480 1856 capta,
501 1808 550 1842 ut
579 1808 674 1856 post
703 1801 869 1856 patroni
899 1810 1090 1851 mortem,
1115 1801 1218 1857 quia
1245 1801 1289 1841 in
1318 1799 1476 1841 nullius
1506 1814 1633 1841 manu
1663 1807 1767 1850 erat,

341 1855 522 1899 46tutore
551 1872 577 1898 a
610 1857 791 1898 tribunis
826 1866 866 1900 et
902 1866 1082 1915 praetore
1116 1858 1265 1914 petito,
1298 1871 1431 1913 quum
1468 1864 1766 1898 testamentum

342 1913 512 1963 faceret,
535 1928 667 1955 unum
689 1915 918 1956 AEbutium
938 1915 1177 1957 institueret
1195 1914 1419 1956 haeredem.

400 1971 459 2011 X.
493 1971 601 2012 Haec
641 1971 792 2013 amoris
830 1971 1007 2029 pignora
1046 1987 1180 2028 quum
1220 1979 1371 2022 essent,
1411 1986 1486 2013 nec
1531 1970 1766 2027 'quidquam

342 2035 547 2069 secretum
568 2027 673 2069 alter
694 2029 748 2070 ab
768 2027 900 2070 altero
929 2030 1143 2076 haberent,
1166 2043 1242 2085 per
1266 2029 1410 2085 jocum
1433 2028 1670 2070 adolescens
1698 2040 1769 2069 ve—

342 2092 404 2126 tat
424 2100 514 2126 eam
535 2083 692 2135 mirari,
711 2084 743 2126 si
764 2101 840 2142 per
860 2086 1021 2142 aliquot
1042 2094 1182 2128 noctes
1204 2085 1473 2127 secubuisset.
1534 2085 1769 2139 Religionis

340 2155 381 2182 se
400 2156 555 2192 caussa,
576 2148 620 2182 ut
652 2148 739 2183 voto
759 2156 840 2195 pro
870 2144 1100 2184 valetudine
1126 2157 1198 2184 sua
1211 2143 1336 2197 facto
1366 2142 1572 2192 liberetur,
1595 2143 1772 2183 Bacchis

339 2199 509 2239 initiari
535 2199 646 2239 velte.
709 2199 762 2240 Id
793 2200 866 2241 ubi
897 2200 1046 2242 mulier
1076 2200 1254 2250 audivit,
1290 2200 1553 2256 perturbata,
1575 2199 1659 2241 Dii
1690 2213 1770 2239 me-

339 2256 472 2296 liora!
501 2255 665 2311 inquit:
690 2257 792 2296 mori
812 2264 849 2297 et
870 2258 950 2298 sibi
970 2264 1007 2298 et
1029 2259 1095 2298 illi
1121 2258 1249 2298 satius
1269 2271 1363 2308 esse,
1385 2271 1505 2311 quam
1527 2258 1572 2297 id
1573 2257 1741 2311 faceret
1749 2278 1764 2303 ;

339 2311 418 2354 ⁴¹⁷et
438 2313 483 2354 in
502 2318 624 2366 caput
644 2327 775 2353 eorum
797 2315 992 2356 detestari
1011 2316 1142 2356 minas
1160 2315 1438 2368 periculaque,
1461 2315 1532 2369 qui
1553 2314 1598 2354 id
1616 2315 1765 2355 suasis-

381 2420 422 2451 42
447 2420 570 2452 Bacchis
589 2433 654 2452 eum
674 2434 701 2453 se
716 2423 917 2464 initiatarum]
943 2423 1028 2460 Quia
1071 2423 1196 2465 pitudo.

337 2462 435 2504 primo
460 2463 503 2510 ‚id
539 2464 705 2496 sacrarium
740 2466 921 2497 feminarum
957 2467 1026 2503 suit,
1114 2467 1157 2496 45
1178 2466 1333 2507 Assuerat]
1370 2465 1419 2497 Sic
1442 2463 1634 2497 Gronoviani
1656 2465 1762 2508 script-i

336 2515 394 2538 nec
438 2517 484 2537 vn·
521 2506 683 2548 quisquam
721 2519 757 2539 eo
793 2509 1026 2545 admittebatur,
1071 2514 1103 2540 et
1124 2514 1227 2541 noster
1245 2508 1329 2540 Vico.
1374 2509 1416 2539 Et
1429 2507 1461 2538 id
1475 2517 1558 2550 saepe
1573 2508 1692 2551 placuit
1706 2509 1760 2540 Li-

335 2553 507 2591 propterea,
543 2550 631 2590 quasi
669 2551 864 2582 Baccharum
902 2562 1025 2582 sacrum
1070 2551 1130 2582 vio.
1177 2551 1282 2592 Vulgo
1297 2557 1470 2582 asstaeverat.
1528 2560 1537 2567 ⁷

335 2597 426 2627 esset.
451 2591 586 2624 Bacchis
609 2592 721 2623 initiari
744 2593 899 2628 dixerunt.
916 2595 968 2635 qui
992 2605 1025 2625 se
1112 2595 1154 2625 46
1180 2594 1319 2625 Tartarea
1334 2595 1458 2624 tribunis
1473 2600 1498 2624 et
1519 2600 1640 2634 praetore
1653 2594 1759 2635 petito]

334 2644 422 2667 sacro
436 2635 482 2666 illi
495 2635 708 2668 committeret.
752 2637 931 2668 Summus.
1071 2636 1206 2668 Feminae
1220 2636 1302 2667 enim
1318 2636 1394 2667 nihil
1409 2637 1509 2668 civilis
1532 2637 1648 2678 negotii
1669 2646 1761 2679 agere

378 2679 419 2709 43
449 2679 627 2709 Damnatam
664 2678 738 2719 voti]
779 2679 852 2710 Vid.
884 2684 947 2710 not.
984 2679 1024 2710 ad
1069 2679 1135 2710 sine
1173 2685 1295 2710 auctore
1332 2685 1484 2721 poterant.
1542 2679 1616 2711 Vid.
1651 2690 1758 2724 supra,

333 2719 387 2751 lib.
403 2722 546 2753 xxvll.
562 2732 590 2753 c.
607 2723 659 2754 45.
1069 2722 1228 2753 XXXIV.
1242 2723 1274 2753 2.

377 2764 418 2794 44
443 2764 510 2795 Non
536 2767 628 2805 digna
655 2765 780 2806 questu]
820 2764 919 2805 Cujus
945 2763 1022 2796 libe·
1113 2765 1152 2794 47
1180 2765 1217 2795 Et
1246 2767 1276 2795 in
1303 2771 1391 2804 caput
1418 2776 1517 2796 eornm
1536 2765 1679 2796 'detestari
1704 2766 1759 2795 mi-

332 2805 404 2837 ralis
440 2806 558 2839 indoles
592 2808 687 2848 digna
723 2812 800 2844 erat,
830 2818 924 2849 quam
963 2817 1022 2838 non
1068 2808 1135 2848 nas]
1173 2808 1211 2838 Et
1235 2807 1376 2850 precibus
1399 2807 1544 2840 obtestari
1566 2807 1641 2839 deos
1664 2808 1759 2855 cepit,

332 2847 515 2881 deformaret
558 2850 718 2883 meretricii
765 2856 906 2893 quaestus
958 2856 1021 2881 tur-
1067 2856 1101 2882 ut.
1129 2850 1227 2882 minas
1256 2850 1454 2894 periculaque
1482 2861 1518 2883 ex
1548 2849 1602 2882 illo
1627 2850 1755 2883 consilio
