1947 3222
466 140 582 177 [ΑΒ.
616 135 852 175 XXXVIII.
893 138 963 175 CA
978 139 1018 174 P.
1049 139 1199 176 LV11[.
1344 162 1352 169 -
1467 143 1540 184 393

128 249 420 305 significarent,
460 264 556 304 quae
601 245 892 302 exprobrando
941 245 1142 287 inimicus
1183 247 1354 289 fatetur.
1429 247 1543 288 Huic
1561 259 1743 290 U.C.565.

130 307 321 348 Graccho
350 306 549 346 minorem
579 319 630 344 ex
661 303 827 344 duabus
857 302 953 344 filiis
976 302 1091 355 (nam
1122 304 1255 359 major
1278 305 1325 344 P.
1351 301 1653 355 CornelioQss·
1673 303 1729 332 181*
1736 324 1743 332 ·

131 363 291 404 Nasicae
321 362 434 404 haud
468 359 596 402 dubie
624 375 650 401 a
680 368 800 416 patre
830 359 1045 401 conlocata
1073 362 1183 414 erat)
1211 368 1388 416 nuptam
1418 361 1546 402 fuisse
1559 346 1746 428 {³130anOE-

129 420 332 461 convenit.
395 417 510 459 Illud
538 432 689 473 parum
710 425 887 468 constat,
909 425 1054 459 utrum
1084 427 1180 480 post
1209 425 1387 458 mortem
1416 418 1548 472 patris
1562 430 1656 461 nelia.

130 485 171 518 et
201 477 403 532 desponsa
436 474 503 524 sit,
535 482 576 515 et
606 474 821 530 nupserit;
861 489 915 515 an
944 489 1054 515 verae
1087 473 1170 515 111ae
1205 473 1419 530 opiniones
1453 473 1548 524 sint,

133 533 384 581 Gracchum,
406 546 540 587 quum
573 531 623 571 L.
650 530 788 586 Scipio
817 531 860 571 in
887 530 1055 572 vincula
1079 531 1320 580 duceretur,
1342 546 1418 571 nec
1439 531 1552 586 quis-

131 605 256 646 quam
286 588 538 643 collegarum
568 588 726 629 auxilio
747 595 867 638 esset,
884 588 1063 644 jurasse,
1086 588 1177 630 Sibi
1207 589 1447 628 inimicitias
1468 602 1553 628 cnm

131 646 397 698 Scipionibus,
427 659 515 700 quae
528 644 725 699 ficissent,
757 659 941 692 manere;
974 660 1045 686 nec
1073 660 1112 686 se
1141 647 1298 700 gratioe
1327 646 1555 699 quoerendoe

129 717 267 743 caussa
298 704 516 756 quidquam
529 748 536 756 ι
540 704 691 754 facere.
722 704 792 744 sed
820 703 860 742 in
890 717 1002 757 quem
1023 717 1220 743 carcerem
1241 717 1352 758 reges
1374 709 1412 744 et
1433 704 1555 756 impe-

128 766 285 800 ratores
318 761 488 800 hostium
520 762 723 801 ducentem
758 761 924 801 vidisset
953 762 1008 801 P.
1031 760 1293 815 Africanum,
1326 761 1370 800 in
1400 774 1485 800 eum
1515 774 1555 801 se

112 817 298 871 fratrem
321 817 405 869 (jus
425 819 518 858 duci
546 832 627 858 non
651 832 877 871 passurum.
941 818 1156 868 Senatum,
1178 833 1227 859 eo
1248 817 1315 858 die
1344 817 1454 858 forte
1475 832 1555 858 coe-

129 879 298 915 nantem
338 874 380 915 in
422 875 647 931 Capitolio,
688 874 1009 925 consurrexisse,
1049 883 1089 916 et
1137 875 1304 931 petisse,
1346 882 1395 915 ut
1447 873 1555 915 inter

130 930 276 987 epulas
312 931 504 972 Graccho
543 932 672 972 filiam
707 932 936 972 Africanus
976 931 1267 988 desponderet.
1302 931 1458 988 quibus
1495 931 1554 972 ita

130 987 238 1029 inter
277 988 496 1044 publicum
532 988 726 1030 sollemne
763 988 1024 1044 sponsalibus
1058 989 1138 1030 rite
1169 988 1308 1039 factis,
1339 1003 1473 1044 quum
1510 1003 1552 1029 se

130 1044 303 1085 domum
333 1045 567 1101 recepisset,
600 1045 834 1101 Scipionem
857 1045 1044 1087 AEmiliae
1074 1045 1197 1086 uxori
1227 1045 1397 1095 dixisse,
1423 1045 1551 1085 filiam

131 1117 174 1142 se
206 1101 408 1142 minorem
447 1102 730 1158 despondisse.
772 1117 905 1157 quum
946 1102 1032 1153 illa,
1068 1102 1330 1143 muliebriter
1363 1101 1553 1156 indigna-

131 1158 288 1208 bunda,
318 1159 421 1199 nihil
451 1159 503 1200 de
533 1159 742 1200 communi
774 1158 860 1199 filia
890 1174 1030 1200 secum
1061 1158 1360 1209 consultatum,
1383 1158 1554 1213 adjecis-

131 1224 207 1265 set,
238 1231 336 1266 non,
368 1217 401 1257 si
438 1215 507 1256 Ti.
532 1216 724 1257 Graccho
757 1215 890 1266 daret,
921 1228 1136 1272 expertem
1169 1215 1328 1256 consilii
1361 1215 1554 1256 debuisse

131 1281 306 1314 matrem
337 1288 448 1321 esse3
482 1272 628 1314 laetum
662 1273 897 1328 Scipionem
928 1280 1012 1314 tam
1044 1272 1239 1314 concordi
1264 1272 1443 1329 judicio,
1474 1272 1552 1327 ipsi

131 1329 378 1385 desponsam
412 1330 685 1386 respondisse.
722 1330 812 1370 haec
848 1330 900 1370 de
935 1338 1052 1371 tanto
1082 1330 1186 1380 viro,
1218 1344 1478 1385 quamquam
1512 1337 1553 1369 et

132 1386 413 1442 opinionibus,
435 1394 477 1428 et
498 1386 778 1428 monumentis
799 1386 1015 1429 literarum
1037 1387 1260 1438 variarent,
1282 1386 1554 1443 proponenda

133 1451 262 1485 erant.

191 1500 365 1542 LVIII.
398 1502 427 1542 J
431 1501 580 1542 udiciis
609 1517 634 1542 a
660 1503 708 1552 Q.
735 1501 935 1542 Terentio
965 1510 1145 1557 praetore
1173 1502 1385 1558 perfectis,
1408 1502 1555 1542 Hosti-

136 1557 217 1598 lius
246 1565 287 1599 et
310 1558 467 1599 Furius
497 1558 697 1608 damnati,
719 1558 881 1614 praedes
911 1559 1056 1600 eodem
1087 1559 1153 1600 die
1175 1558 1457 1615 quaestoribus
1487 1574 1556 1599 ur-

134 1614 253 1655 banis
283 1614 502 1656 dederunt.
566 1615 719 1671 Scipio,
752 1631 885 1671 quum
916 1616 1200 1666 contenderet,
1226 1631 1406 1666 omnem,
1429 1630 1556 1671 quam
1570 1627 1607 1657 L.
1622 1627 1725 1669 Scipio
1740 1628 1771 1658 in

136 1671 373 1727 accepisset,
396 1671 615 1727 pecuniam
645 1672 687 1713 in
719 1673 864 1713 aerario
885 1688 986 1723 esse,
1007 1689 1082 1714 nec
1114 1689 1155 1714 se
1186 1673 1420 1729 quidquam
1450 1672 1558 1728 pub-
1569 1680 1722 1718 carc-erem

136 1728 202 1770 liei
239 1729 406 1778 habere,
427 1729 471 1770 in
500 1729 668 1770 vincula
699 1729 796 1770 duci
830 1738 891 1771 est
927 1738 1102 1786 coeptus.
1165 1731 1213 1770 P.
1239 1730 1378 1786 Scipio
1408 1712 1740 1787 NasicafflfUUbe‘

136 1785 327 1827 tribunos
354 1785 606 1842 adpellavit;
639 1786 953 1842 orationemque
982 1787 1130 1829 habuit
1162 1787 1328 1843 plenam
1350 1786 1458 1827 veris
1488 1786 1558 1827 de-

136 1842 317 1893 coribus,
339 1857 421 1883 non
442 1843 718 1884 communiter
738 1844 864 1885 modo
888 1844 1092 1885 Corneliae
1121 1845 1273 1900 gentis,
1297 1844 1368 1885 sed
1389 1843 1557 1900 proprie

134 1899 304 1941 familiae
335 1915 433 1941 suae.
493 1901 695 1941 Parentes
723 1915 814 1942 suos
841 1907 877 1941 et
899 1903 952 1942 P.
972 1901 1170 1957 Africani
1199 1916 1247 1942 ac
1266 1903 1320 1942 L.
1342 1901 1557 1954 Scipionis,
1573 1912 1759 1944 Defenditur

135 1958 206 2009 qui
233 1959 276 1997 in
298 1972 494 1998 carcerem
515 1959 739 2008 duceretur,
745 1959 887 2012 fuisse
909 1959 985 2000 Cn.
1007 1966 1046 1999 et
1066 1960 1118 2000 P.
1140 1960 1361 2012 Scipiones,
1383 1959 1591 1999 εἶανὶεεὶ-ἃ
1608 1956 1734 1988 Nasica.

137 2028 218 2054 mos
238 2015 356 2055 viros.
416 2016 516 2064 Eos,
538 2029 655 2068 quum
677 2029 757 2068 per
784 2016 940 2069 aliquot
961 2029 1088 2057 annos
1119 2017 1161 2056 in
1193 2023 1306 2057 terra
1326 2017 1559 2068 Hispania,

136 2072 326 2112 adversus
354 2073 498 2112 multos
519 2073 737 2112 Poenorum
757 2073 1117 2127 fflspanorumque
1135 2080 1174 2114 et
1204 2075 1320 2114 duces
1346 2080 1384 2114 et
1413 2075 1563 2114 exerci-

137 2135 213 2177 tus,
236 2130 409 2169 nominis
442 2130 624 2170 Romani
641 2130 807 2183 sarnam
837 2131 1059 2179 auxissent,
1089 2145 1170 2170 non
1205 2131 1306 2171 bello
1336 2132 1473 2179 solum,
1494 2132 1565 2171 sed

137 2187 245 2239 quod
259 2187 458 2226 Romana:
477 2187 947 2242 temperanticefideique
967 2189 1168 2241 specimen
1191 2189 1275 2229 illis
1286 2189 1476 2242 gentibus
1496 2189 1562 2227 de-

139 2244 303 2292 dissent,
331 2245 388 2283 acl
415 2250 630 2284 extremum
660 2244 774 2284 ambo
803 2259 884 2297 pro
914 2245 1139 2298 7·epublica¹’
1168 2252 1293 2286 morte
1323 2246 1560 2286 obcubm'sse.

140 2314 255 2352 quum
277 2302 437 2341 illorum
458 2303 566 2342 tueri
589 2303 766 2355 gloriam
790 2303 970 2354 posteris
988 2303 1089 2343 satis
1108 2310 1219 2352 esset,
1242 2305 1295 2343 P.
1317 2303 1561 2357 Africanum

141 2363 293 2398 tantum
318 2365 518 2412 paternas
537 2360 788 2411 superavisse
807 2360 960 2408 laudes,
983 2361 1160 2411 utfidcm
1173 2361 1344 2415 fecerit,
1367 2374 1446 2400 non
1467 2373 1562 2400 sau-

137 2415 262 2466 guine
281 2417 466 2465 humano,
489 2418 559 2457 sed
577 2417 706 2470 stirpe
721 2417 865 2456 divina
884 2423 1014 2457 satum
1035 2432 1076 2458 se
1096 2432 1187 2457 esse.
1247 2419 1302 2458 L.
1321 2418 1561 2470 Scipionem,

144 2471 192 2509 de
226 2485 301 2523 quo
330 2479 493 2527 agatur,
518 2475 594 2526 (ut,
616 2487 706 2527 quae
739 2474 782 2513 in
813 2474 1048 2526 Hispania,
1070 2488 1160 2528 qua:
1194 2476 1237 2515 in
1259 2475 1423 2529 Africa,
1447 2488 1563 2528 quum

142 2529 297 2580 legatus
300 2529 463 2582 fratris
482 2537 593 2579 esset,
605 2531 805 2585 gessisset,
821 2533 1139 2583 prcetereantur)
1160 2533 1352 2573 consulem
1376 2538 1413 2572 et
1435 2532 1485 2570 ab
1504 2545 1561 2571 se-

145 2591 245 2624 natu
264 2586 429 2638 dignum
449 2589 586 2635 visum,
608 2589 674 2628 cni
694 2595 812 2628 exera
832 2595 975 2628 sortem
997 2588 1102 2629 Asia
1121 2590 1341 2642 provincia
1362 2596 1400 2630 et
1421 2589 1565 2627 bellum

135 2656 232 2680 ‹cum
250 2641 448 2683 Antiocho
467 2659 560 2699 rege
575 2647 853 2685 decerneretur
860 2667 874 2691 ;
900 2652 938 2685 et
957 2660 983 2685 a
988 2646 1147 2700 fratre,
1170 2647 1235 2687 cui
1249 2653 1343 2699 post
1359 2647 1455 2685 duos
1476 2659 1564 2684 con-

146 2700 300 2739 sulatus
319 2713 596 2756 censuramque
612 2709 649 2743 et
669 2703 912 2755 triumphum
933 2704 1088 2757 legatus
1109 2705 1152 2743 in
1172 2707 1308 2746 Asiam
1331 2704 1420 2742 iret.
1480 2701 1562 2747 Ibi,

148 2769 197 2795 ne
226 2758 465 2809 magnitudo
499 2767 536 2798 ct
566 2761 756 2812 splendor
785 2761 913 2814 legati
946 2760 1132 2801 laudibus
1169 2761 1338 2800 consulis
1368 2759 1562 2812 objiceret,

132 2813 252 2864 ,βω-ῖς
283 2814 342 2853 ita
375 2815 576 2863 incidisse,
598 2823 653 2865 ut,
676 2832 752 2870 quo
782 2819 848 2857 die
878 2819 934 2856 ad
954 2817 1213 2871 IVIagnesiam
1245 2817 1373 2871 signis
1393 2816 1564 2856 conlatis

508 2889 524 2912 b
542 2892 686 2928 republica
704 2892 723 2921 l.
737 2893 842 2932 populu
863 2892 989 2923 Romano
1005 2893 1100 2923 Gron.
1117 2893 1208 2922 Crem
