<?xml version="1.0" encoding="UTF-8"?>
<!DOCTYPE html PUBLIC "-//W3C//DTD XHTML 1.0 Transitional//EN"
    "http://www.w3.org/TR/xhtml1/DTD/xhtml1-transitional.dtd">
<html xmlns="http://www.w3.org/1999/xhtml" xml:lang="en" lang="en">
 <head>
  <title>
</title>
<meta http-equiv="Content-Type" content="text/html;charset=utf-8" />
  <meta name='ocr-system' content='tesseract 3.04.00' />
  <meta name='ocr-capabilities' content='ocr_page ocr_carea ocr_par ocr_line ocrx_word'/>
</head>
<body>
  <div class='ocr_page' id='page_1' title='image "./historiarumaburb03livyuoft_0348.png"; bbox 0 0 1947 3222; ppageno 0'>
   <div class='ocr_carea' id='block_1_1' title="bbox 429 154 1313 195">
    <p class='ocr_par' dir='ltr' id='par_1_1' title="bbox 429 154 1313 195">
     <span class='ocr_line' id='line_1_1' title="bbox 429 154 1313 195; baseline -0.005 -1"><span class='ocrx_word' id='word_1_1' title='bbox 429 161 502 195; x_wconf 84' lang='lat'>338</span> <span class='ocrx_word' id='word_1_2' title='bbox 952 154 1313 193; x_wconf 80' lang='lat' dir='ltr'>&#39;r1T1L1Vll</span> 
     </span>
    </p>
   </div>
   <div class='ocr_carea' id='block_1_2' title="bbox 223 261 1854 2358">
    <p class='ocr_par' dir='ltr' id='par_1_2' title="bbox 223 261 1844 376">
     <span class='ocr_line' id='line_1_2' title="bbox 223 261 1844 328; baseline 0.002 -27"><span class='ocrx_word' id='word_1_3' title='bbox 223 270 316 301; x_wconf 84' lang='lat' dir='ltr'>U.C.</span> <span class='ocrx_word' id='word_1_4' title='bbox 329 271 400 303; x_wconf 88' lang='lat'>563.</span> <span class='ocrx_word' id='word_1_5' title='bbox 433 264 631 328; x_wconf 84' lang='lat' dir='ltr'>perpauci</span> <span class='ocrx_word' id='word_1_6' title='bbox 661 276 756 304; x_wconf 88' lang='lat' dir='ltr'>cum</span> <span class='ocrx_word' id='word_1_7' title='bbox 780 263 944 304; x_wconf 86' lang='lat' dir='ltr'>Zenone</span> <span class='ocrx_word' id='word_1_8' title='bbox 963 264 1018 319; x_wconf 74' lang='lat' dir='ltr'>ad</span> <span class='ocrx_word' id='word_1_9' title='bbox 1039 278 1177 319; x_wconf 85' lang='lat' dir='ltr'>regem</span> <span class='ocrx_word' id='word_1_10' title='bbox 1208 272 1439 304; x_wconf 88' lang='lat' dir='ltr'>evaserunt.</span> <span class='ocrx_word' id='word_1_11' title='bbox 1470 261 1660 317; x_wconf 78' lang='lat' dir='ltr'>⁶postero</span> <span class='ocrx_word' id='word_1_12' title='bbox 1679 261 1745 303; x_wconf 92' lang='lat' dir='ltr'>die</span> <span class='ocrx_word' id='word_1_13' title='bbox 1771 277 1844 319; x_wconf 85' lang='lat' dir='ltr'>per</span> 
     </span>
     <span class='ocr_line' id='line_1_3' title="bbox 230 313 1433 376; baseline -0.002 -14"><span class='ocrx_word' id='word_1_14' title='bbox 230 314 253 344; x_wconf 39' lang='grc' dir='ltr'>Α</span> <span class='ocrx_word' id='word_1_15' title='bbox 277 313 400 346; x_wconf 86' lang='lat' dir='ltr'>C.189.</span> <span class='ocrx_word' id='word_1_16' title='bbox 433 320 620 362; x_wconf 81' lang='lat' dir='ltr'>inducias</span> <span class='ocrx_word' id='word_1_17' title='bbox 641 319 861 376; x_wconf 86' lang='lat' dir='ltr'>sepeliendi</span> <span class='ocrx_word' id='word_1_18' title='bbox 883 335 1008 361; x_wconf 88' lang='lat' dir='ltr'>caesos</span> <span class='ocrx_word' id='word_1_19' title='bbox 1027 328 1210 376; x_wconf 88' lang='lat' dir='ltr'>potestas</span> <span class='ocrx_word' id='word_1_20' title='bbox 1230 319 1340 360; x_wconf 66' lang='lat' dir='ltr'>facta</span> <span class='ocrx_word' id='word_1_21' title='bbox 1360 327 1433 360; x_wconf 89' lang='lat' dir='ltr'>est.</span> 
     </span>
    </p>

    <p class='ocr_par' dir='ltr' id='par_1_3' title="bbox 436 374 1847 601">
     <span class='ocr_line' id='line_1_4' title="bbox 494 374 1842 433; baseline 0.001 -16"><span class='ocrx_word' id='word_1_22' title='bbox 494 376 584 417; x_wconf 90' lang='lat' dir='ltr'>III.</span> <span class='ocrx_word' id='word_1_23' title='bbox 616 377 903 433; x_wconf 82' lang='lat' dir='ltr'><strong>Amynander,</strong></span> <span class='ocrx_word' id='word_1_24' title='bbox 933 383 1178 431; x_wconf 90' lang='lat' dir='ltr'>recuperato</span> <span class='ocrx_word' id='word_1_25' title='bbox 1208 390 1351 431; x_wconf 78' lang='lat' dir='ltr'>regno,</span> <span class='ocrx_word' id='word_1_26' title='bbox 1377 375 1534 431; x_wconf 86' lang='lat' dir='ltr'>legatos</span> <span class='ocrx_word' id='word_1_27' title='bbox 1559 374 1643 416; x_wconf 69' lang='lat' dir='ltr'>&#39;leta</span> <span class='ocrx_word' id='word_1_28' title='bbox 1663 375 1842 418; x_wconf 81' lang='lat' dir='ltr'><strong>Romam</strong></span> 
     </span>
     <span class='ocr_line' id='line_1_5' title="bbox 436 431 1843 488; baseline -0.001 -14"><span class='ocrx_word' id='word_1_29' title='bbox 436 433 489 474; x_wconf 89' lang='lat' dir='ltr'>ad</span> <span class='ocrx_word' id='word_1_30' title='bbox 511 442 712 484; x_wconf 86' lang='lat' dir='ltr'>senatum,</span> <span class='ocrx_word' id='word_1_31' title='bbox 734 442 776 475; x_wconf 89' lang='lat' dir='ltr'>et</span> <span class='ocrx_word' id='word_1_32' title='bbox 796 433 851 475; x_wconf 87' lang='lat' dir='ltr'>ad</span> <span class='ocrx_word' id='word_1_33' title='bbox 873 433 1082 488; x_wconf 82' lang='lat' dir='ltr'>Scipiones</span> <span class='ocrx_word' id='word_1_34' title='bbox 1102 431 1144 471; x_wconf 91' lang='lat' dir='ltr'>in</span> <span class='ocrx_word' id='word_1_35' title='bbox 1167 432 1327 482; x_wconf 82' lang='lat' dir='ltr'>Asiam,</span> <span class='ocrx_word' id='word_1_36' title='bbox 1351 432 1508 488; x_wconf 83' lang='lat' dir='ltr'>Ephesi</span> <span class='ocrx_word' id='word_1_37' title='bbox 1530 440 1624 488; x_wconf 91' lang='lat' dir='ltr'>post</span> <span class='ocrx_word' id='word_1_38' title='bbox 1645 444 1843 488; x_wconf 85' lang='lat' dir='ltr'>magnum</span> 
     </span>
     <span class='ocr_line' id='line_1_6' title="bbox 438 489 1846 545; baseline -0.001 -14"><span class='ocrx_word' id='word_1_39' title='bbox 438 505 531 531; x_wconf 89' lang='lat' dir='ltr'>cum</span> <span class='ocrx_word' id='word_1_40' title='bbox 565 490 777 531; x_wconf 87' lang='lat' dir='ltr'>Antiocho</span> <span class='ocrx_word' id='word_1_41' title='bbox 812 489 1006 545; x_wconf 87' lang='lat' dir='ltr'>proelium</span> <span class='ocrx_word' id='word_1_42' title='bbox 1040 496 1261 536; x_wconf 76' lang='lat' dir='ltr'>morantes,</span> <span class='ocrx_word' id='word_1_43' title='bbox 1292 489 1416 530; x_wconf 87' lang='lat' dir='ltr'><strong>misit.</strong></span> <span class='ocrx_word' id='word_1_44' title='bbox 1479 490 1629 529; x_wconf 85' lang='lat' dir='ltr'>Pacem</span> <span class='ocrx_word' id='word_1_45' title='bbox 1658 489 1846 544; x_wconf 86' lang='lat' dir='ltr'>petebat,</span> 
     </span>
     <span class='ocr_line' id='line_1_7' title="bbox 439 543 1847 601; baseline -0.001 -13"><span class='ocrx_word' id='word_1_46' title='bbox 439 548 748 601; x_wconf 79' lang='lat' dir='ltr'>excusabatque</span> <span class='ocrx_word' id='word_1_47' title='bbox 769 561 868 594; x_wconf 91' lang='lat' dir='ltr'>sese,</span> <span class='ocrx_word' id='word_1_48' title='bbox 891 544 1006 600; x_wconf 91' lang='lat' dir='ltr'>quod</span> <span class='ocrx_word' id='word_1_49' title='bbox 1032 559 1107 601; x_wconf 90' lang='lat' dir='ltr'>per</span> <span class='ocrx_word' id='word_1_50' title='bbox 1130 543 1296 585; x_wconf 78' lang='lat' dir='ltr'>AEtolos</span> <span class='ocrx_word' id='word_1_51' title='bbox 1323 553 1602 601; x_wconf 79' lang='lat' dir='ltr'>recuperasset</span> <span class='ocrx_word' id='word_1_52' title='bbox 1624 554 1847 601; x_wconf 85' lang='lat' dir='ltr'>paternum</span> 
     </span>
    </p>

    <p class='ocr_par' dir='ltr' id='par_1_4' title="bbox 224 601 1847 660">
     <span class='ocr_line' id='line_1_8' title="bbox 224 601 1847 660; baseline -0.001 -15"><span class='ocrx_word' id='word_1_53' title='bbox 224 607 414 656; x_wconf 59' lang='lat' dir='ltr'>AEtoliAm-</span> <span class='ocrx_word' id='word_1_54' title='bbox 440 619 627 660; x_wconf 85' lang='lat' dir='ltr'>regnum.</span> <span class='ocrx_word' id='word_1_55' title='bbox 690 602 935 658; x_wconf 86' lang='lat' dir='ltr'>Philippum</span> <span class='ocrx_word' id='word_1_56' title='bbox 970 601 1198 642; x_wconf 83' lang='lat' dir='ltr'>incusabat.</span> <span class='ocrx_word' id='word_1_57' title='bbox 1260 601 1394 642; x_wconf 89' lang='lat' dir='ltr'>AEtoli</span> <span class='ocrx_word' id='word_1_58' title='bbox 1429 617 1479 642; x_wconf 86' lang='lat' dir='ltr'>ex</span> <span class='ocrx_word' id='word_1_59' title='bbox 1512 602 1769 643; x_wconf 86' lang='lat' dir='ltr'>Athamania</span> <span class='ocrx_word' id='word_1_60' title='bbox 1802 602 1847 643; x_wconf 90' lang='lat' dir='ltr'>in</span> 
     </span>
    </p>

    <p class='ocr_par' dir='ltr' id='par_1_5' title="bbox 225 651 1847 716">
     <span class='ocr_line' id='line_1_9' title="bbox 225 651 1847 716; baseline 0.001 -18"><span class='ocrx_word' id='word_1_61' title='bbox 225 651 412 698; x_wconf 72' lang='lat' dir='ltr'>phssqchxam</span> <span class='ocrx_word' id='word_1_62' title='bbox 440 659 745 716; x_wconf 85' lang='lat' dir='ltr'>Amphilochos</span> <span class='ocrx_word' id='word_1_63' title='bbox 771 658 948 714; x_wconf 87' lang='lat' dir='ltr'>profecti</span> <span class='ocrx_word' id='word_1_64' title='bbox 984 665 1095 707; x_wconf 85' lang='lat' dir='ltr'>sunt,</span> <span class='ocrx_word' id='word_1_65' title='bbox 1126 665 1166 698; x_wconf 91' lang='lat' dir='ltr'>et</span> <span class='ocrx_word' id='word_1_66' title='bbox 1200 657 1366 713; x_wconf 82' lang='lat' dir='ltr'>majoris</span> <span class='ocrx_word' id='word_1_67' title='bbox 1397 659 1527 713; x_wconf 88' lang='lat' dir='ltr'>partis</span> <span class='ocrx_word' id='word_1_68' title='bbox 1558 658 1774 700; x_wconf 89' lang='lat' dir='ltr'>voluntate</span> <span class='ocrx_word' id='word_1_69' title='bbox 1803 658 1847 700; x_wconf 91' lang='lat' dir='ltr'>in</span> 
     </span>
    </p>

    <p class='ocr_par' dir='ltr' id='par_1_6' title="bbox 223 696 1851 1678">
     <span class='ocr_line' id='line_1_10' title="bbox 223 696 1849 781; baseline -0.007 -13"><span class='ocrx_word' id='word_1_70' title='bbox 223 696 395 781; x_wconf 50' lang='lat' dir='ltr'>{igiiiuoc&#39;</span> <span class='ocrx_word' id='word_1_71' title='bbox 434 718 506 773; x_wconf 87' lang='lat' dir='ltr'>jus</span> <span class='ocrx_word' id='word_1_72' title='bbox 541 716 826 770; x_wconf 87' lang='lat' dir='ltr'>ditionemque</span> <span class='ocrx_word' id='word_1_73' title='bbox 860 722 991 756; x_wconf 90' lang='lat' dir='ltr'>totam</span> <span class='ocrx_word' id='word_1_74' title='bbox 1022 714 1272 769; x_wconf 81' lang='lat' dir='ltr'>redegerunt</span> <span class='ocrx_word' id='word_1_75' title='bbox 1307 722 1485 769; x_wconf 85' lang='lat' dir='ltr'>gentem.</span> <span class='ocrx_word' id='word_1_76' title='bbox 1551 714 1849 771; x_wconf 84' lang='lat' dir='ltr'>Amphilochia</span> 
     </span>
     <span class='ocr_line' id='line_1_11' title="bbox 439 770 1850 828; baseline 0 -15"><span class='ocrx_word' id='word_1_77' title='bbox 439 780 621 828; x_wconf 78' lang='lat' dir='ltr'>recepta,</span> <span class='ocrx_word' id='word_1_78' title='bbox 655 771 769 823; x_wconf 88' lang='lat' dir='ltr'>(nam</span> <span class='ocrx_word' id='word_1_79' title='bbox 803 771 941 812; x_wconf 87' lang='lat' dir='ltr'>fuerat</span> <span class='ocrx_word' id='word_1_80' title='bbox 976 770 1188 827; x_wconf 91' lang='lat' dir='ltr'>quondam</span> <span class='ocrx_word' id='word_1_81' title='bbox 1224 770 1487 825; x_wconf 86' lang='lat' dir='ltr'>AEtolorum)</span> <span class='ocrx_word' id='word_1_82' title='bbox 1523 771 1666 812; x_wconf 89' lang='lat' dir='ltr'>eadem</span> <span class='ocrx_word' id='word_1_83' title='bbox 1703 787 1774 828; x_wconf 87' lang='lat' dir='ltr'>spe</span> <span class='ocrx_word' id='word_1_84' title='bbox 1806 771 1850 813; x_wconf 88' lang='lat' dir='ltr'>in</span> 
     </span>
     <span class='ocr_line' id='line_1_12' title="bbox 438 827 1848 885; baseline 0 -16"><span class='ocrx_word' id='word_1_85' title='bbox 438 828 714 885; x_wconf 86' lang='lat' dir='ltr'>Aperantiam</span> <span class='ocrx_word' id='word_1_86' title='bbox 739 827 1093 869; x_wconf 83' lang='lat' dir='ltr'>transcenderunt.</span> <span class='ocrx_word' id='word_1_87' title='bbox 1126 843 1174 868; x_wconf 89' lang='lat' dir='ltr'>ea</span> <span class='ocrx_word' id='word_1_88' title='bbox 1193 842 1362 883; x_wconf 88' lang='lat' dir='ltr'>quoque</span> <span class='ocrx_word' id='word_1_89' title='bbox 1382 842 1533 883; x_wconf 87' lang='lat' dir='ltr'>magna</span> <span class='ocrx_word' id='word_1_90' title='bbox 1552 843 1603 868; x_wconf 87' lang='lat' dir='ltr'>ex</span> <span class='ocrx_word' id='word_1_91' title='bbox 1623 836 1741 883; x_wconf 87' lang='lat' dir='ltr'>parte</span> <span class='ocrx_word' id='word_1_92' title='bbox 1762 828 1848 870; x_wconf 89' lang='lat' dir='ltr'>sine</span> 
     </span>
     <span class='ocr_line' id='line_1_13' title="bbox 437 883 1848 940; baseline 0 -14"><span class='ocrx_word' id='word_1_93' title='bbox 437 885 659 927; x_wconf 89' lang='lat' dir='ltr'>certamine</span> <span class='ocrx_word' id='word_1_94' title='bbox 689 884 730 925; x_wconf 92' lang='lat' dir='ltr'>in</span> <span class='ocrx_word' id='word_1_95' title='bbox 752 884 1005 926; x_wconf 81' lang='lat' dir='ltr'>deditionem</span> <span class='ocrx_word' id='word_1_96' title='bbox 1033 883 1159 925; x_wconf 88' lang='lat' dir='ltr'>venit.</span> <span class='ocrx_word' id='word_1_97' title='bbox 1220 884 1404 940; x_wconf 90' lang='lat' dir='ltr'>Dolopes</span> <span class='ocrx_word' id='word_1_98' title='bbox 1433 899 1664 939; x_wconf 90' lang='lat' dir='ltr'>numquam</span> <span class='ocrx_word' id='word_1_99' title='bbox 1686 885 1848 926; x_wconf 88' lang='lat' dir='ltr'>AEtolo-</span> 
     </span>
     <span class='ocr_line' id='line_1_14' title="bbox 436 940 1848 997; baseline -0.001 -14"><span class='ocrx_word' id='word_1_100' title='bbox 436 957 532 983; x_wconf 92' lang='lat' dir='ltr'>rum</span> <span class='ocrx_word' id='word_1_101' title='bbox 555 942 744 983; x_wconf 88' lang='lat' dir='ltr'>fuerant:</span> <span class='ocrx_word' id='word_1_102' title='bbox 779 941 965 997; x_wconf 90' lang='lat' dir='ltr'>Philippi</span> <span class='ocrx_word' id='word_1_103' title='bbox 986 949 1116 982; x_wconf 82' lang='lat' dir='ltr'>erant.</span> <span class='ocrx_word' id='word_1_104' title='bbox 1147 941 1191 981; x_wconf 93' lang='lat' dir='ltr'>hi</span> <span class='ocrx_word' id='word_1_105' title='bbox 1212 941 1395 997; x_wconf 91' lang='lat' dir='ltr'>primum</span> <span class='ocrx_word' id='word_1_106' title='bbox 1416 940 1469 981; x_wconf 92' lang='lat' dir='ltr'>ad</span> <span class='ocrx_word' id='word_1_107' title='bbox 1490 955 1603 981; x_wconf 88' lang='lat' dir='ltr'>arma</span> <span class='ocrx_word' id='word_1_108' title='bbox 1633 955 1848 982; x_wconf 83' lang='lat' dir='ltr'>concurre-</span> 
     </span>
     <span class='ocr_line' id='line_1_15' title="bbox 436 996 1847 1054; baseline 0 -15"><span class='ocrx_word' id='word_1_109' title='bbox 436 1007 559 1040; x_wconf 92' lang='lat' dir='ltr'>runt:</span> <span class='ocrx_word' id='word_1_110' title='bbox 603 1007 802 1049; x_wconf 84' lang='lat' dir='ltr'>ceterum,</span> <span class='ocrx_word' id='word_1_111' title='bbox 833 1006 1055 1054; x_wconf 87' lang='lat' dir='ltr'>postquam</span> <span class='ocrx_word' id='word_1_112' title='bbox 1092 997 1396 1054; x_wconf 89' lang='lat' dir='ltr'>Amphilochos</span> <span class='ocrx_word' id='word_1_113' title='bbox 1429 1012 1524 1038; x_wconf 91' lang='lat' dir='ltr'>cum</span> <span class='ocrx_word' id='word_1_114' title='bbox 1561 996 1714 1038; x_wconf 86' lang='lat' dir='ltr'>AEtolis</span> <span class='ocrx_word' id='word_1_115' title='bbox 1745 1013 1847 1048; x_wconf 78' lang='lat' dir='ltr'>esse,</span> 
     </span>
     <span class='ocr_line' id='line_1_16' title="bbox 436 1053 1849 1111; baseline -0.001 -15"><span class='ocrx_word' id='word_1_116' title='bbox 436 1056 666 1111; x_wconf 89' lang='lat' dir='ltr'>fugamque</span> <span class='ocrx_word' id='word_1_117' title='bbox 696 1070 748 1096; x_wconf 85' lang='lat' dir='ltr'>ex</span> <span class='ocrx_word' id='word_1_118' title='bbox 778 1054 1034 1096; x_wconf 88' lang='lat' dir='ltr'>Athamania</span> <span class='ocrx_word' id='word_1_119' title='bbox 1065 1054 1266 1111; x_wconf 88' lang='lat' dir='ltr'>Philippi,</span> <span class='ocrx_word' id='word_1_120' title='bbox 1288 1062 1329 1095; x_wconf 92' lang='lat' dir='ltr'>et</span> <span class='ocrx_word' id='word_1_121' title='bbox 1359 1053 1514 1094; x_wconf 87' lang='lat' dir='ltr'>caedem</span> <span class='ocrx_word' id='word_1_122' title='bbox 1543 1053 1726 1111; x_wconf 83' lang='lat' dir='ltr'>praesidji</span> <span class='ocrx_word' id='word_1_123' title='bbox 1757 1055 1849 1110; x_wconf 84' lang='lat' dir='ltr'>ejus</span> 
     </span>
     <span class='ocr_line' id='line_1_17' title="bbox 437 1110 1847 1168; baseline -0.001 -15"><span class='ocrx_word' id='word_1_124' title='bbox 437 1127 644 1168; x_wconf 87' lang='lat' dir='ltr'>accepere,</span> <span class='ocrx_word' id='word_1_125' title='bbox 670 1120 711 1153; x_wconf 91' lang='lat' dir='ltr'>et</span> <span class='ocrx_word' id='word_1_126' title='bbox 742 1111 820 1167; x_wconf 90' lang='lat' dir='ltr'>ipsi</span> <span class='ocrx_word' id='word_1_127' title='bbox 850 1127 876 1152; x_wconf 89' lang='lat' dir='ltr'>a</span> <span class='ocrx_word' id='word_1_128' title='bbox 905 1111 1103 1168; x_wconf 89' lang='lat' dir='ltr'>Philippo</span> <span class='ocrx_word' id='word_1_129' title='bbox 1130 1111 1184 1152; x_wconf 91' lang='lat' dir='ltr'>ad</span> <span class='ocrx_word' id='word_1_130' title='bbox 1215 1110 1379 1152; x_wconf 86' lang='lat' dir='ltr'>AEtolos</span> <span class='ocrx_word' id='word_1_131' title='bbox 1410 1110 1621 1152; x_wconf 89' lang='lat' dir='ltr'>deficiunt.</span> <span class='ocrx_word' id='word_1_132' title='bbox 1683 1110 1847 1161; x_wconf 86' lang='lat' dir='ltr'>Quibus</span> 
     </span>
     <span class='ocr_line' id='line_1_18' title="bbox 438 1165 1848 1224; baseline 0 -15"><span class='ocrx_word' id='word_1_133' title='bbox 438 1168 712 1224; x_wconf 88' lang='lat' dir='ltr'>circumjectis</span> <span class='ocrx_word' id='word_1_134' title='bbox 741 1168 939 1224; x_wconf 88' lang='lat' dir='ltr'>gentibus</span> <span class='ocrx_word' id='word_1_135' title='bbox 963 1168 1052 1223; x_wconf 88' lang='lat' dir='ltr'>jam</span> <span class='ocrx_word' id='word_1_136' title='bbox 1082 1167 1269 1222; x_wconf 88' lang='lat' dir='ltr'>undique</span> <span class='ocrx_word' id='word_1_137' title='bbox 1291 1182 1332 1208; x_wconf 91' lang='lat' dir='ltr'>se</span> <span class='ocrx_word' id='word_1_138' title='bbox 1353 1182 1377 1207; x_wconf 89' lang='lat' dir='ltr'>a</span> <span class='ocrx_word' id='word_1_139' title='bbox 1398 1165 1702 1209; x_wconf 87' lang='lat' dir='ltr'>Macedonibus</span> <span class='ocrx_word' id='word_1_140' title='bbox 1732 1175 1848 1209; x_wconf 85' lang='lat' dir='ltr'>tutos</span> 
     </span>
     <span class='ocr_line' id='line_1_19' title="bbox 438 1223 1850 1274; baseline -0.001 -8"><span class='ocrx_word' id='word_1_141' title='bbox 438 1225 703 1266; x_wconf 89' lang='lat' dir='ltr'>credentibus</span> <span class='ocrx_word' id='word_1_142' title='bbox 725 1240 825 1274; x_wconf 87' lang='lat' dir='ltr'>esse,</span> <span class='ocrx_word' id='word_1_143' title='bbox 848 1225 1001 1266; x_wconf 88' lang='lat' dir='ltr'>AEtolis</span> <span class='ocrx_word' id='word_1_144' title='bbox 1031 1225 1141 1265; x_wconf 85' lang='lat' dir='ltr'>fama</span> <span class='ocrx_word' id='word_1_145' title='bbox 1165 1224 1369 1273; x_wconf 84' lang='lat' dir='ltr'>adfertur,</span> <span class='ocrx_word' id='word_1_146' title='bbox 1393 1224 1651 1265; x_wconf 91' lang='lat' dir='ltr'>Antiochum</span> <span class='ocrx_word' id='word_1_147' title='bbox 1679 1223 1721 1265; x_wconf 90' lang='lat' dir='ltr'>in</span> <span class='ocrx_word' id='word_1_148' title='bbox 1743 1224 1850 1265; x_wconf 88' lang='lat' dir='ltr'>Asia</span> 
     </span>
     <span class='ocr_line' id='line_1_20' title="bbox 437 1280 1849 1336; baseline 0.001 -15"><span class='ocrx_word' id='word_1_149' title='bbox 437 1281 597 1323; x_wconf 90' lang='lat' dir='ltr'>victum</span> <span class='ocrx_word' id='word_1_150' title='bbox 618 1282 670 1323; x_wconf 91' lang='lat' dir='ltr'>ab</span> <span class='ocrx_word' id='word_1_151' title='bbox 693 1281 905 1322; x_wconf 89' lang='lat' dir='ltr'>Romanis.</span> <span class='ocrx_word' id='word_1_152' title='bbox 937 1297 1012 1322; x_wconf 92' lang='lat' dir='ltr'>nec</span> <span class='ocrx_word' id='word_1_153' title='bbox 1033 1281 1091 1323; x_wconf 88' lang='lat' dir='ltr'>ita</span> <span class='ocrx_word' id='word_1_154' title='bbox 1111 1281 1244 1321; x_wconf 90' lang='lat' dir='ltr'>multo</span> <span class='ocrx_word' id='word_1_155' title='bbox 1273 1289 1367 1336; x_wconf 89' lang='lat' dir='ltr'>post</span> <span class='ocrx_word' id='word_1_156' title='bbox 1398 1280 1523 1336; x_wconf 85' lang='lat' dir='ltr'>legati</span> <span class='ocrx_word' id='word_1_157' title='bbox 1555 1281 1607 1321; x_wconf 92' lang='lat' dir='ltr'>ab</span> <span class='ocrx_word' id='word_1_158' title='bbox 1630 1281 1766 1322; x_wconf 88' lang='lat' dir='ltr'>Roma</span> <span class='ocrx_word' id='word_1_159' title='bbox 1786 1296 1849 1322; x_wconf 92' lang='lat' dir='ltr'>re-</span> 
     </span>
     <span class='ocr_line' id='line_1_21' title="bbox 437 1337 1848 1394; baseline -0.001 -15"><span class='ocrx_word' id='word_1_160' title='bbox 437 1338 551 1379; x_wconf 88' lang='lat' dir='ltr'>diere</span> <span class='ocrx_word' id='word_1_161' title='bbox 582 1338 667 1379; x_wconf 89' lang='lat' dir='ltr'>sine</span> <span class='ocrx_word' id='word_1_162' title='bbox 695 1353 766 1394; x_wconf 89' lang='lat' dir='ltr'>spe</span> <span class='ocrx_word' id='word_1_163' title='bbox 795 1338 921 1393; x_wconf 88' lang='lat' dir='ltr'>pacis,</span> <span class='ocrx_word' id='word_1_164' title='bbox 946 1338 1230 1393; x_wconf 87' lang='lat' dir='ltr'>Fulviumque</span> <span class='ocrx_word' id='word_1_165' title='bbox 1260 1337 1469 1378; x_wconf 90' lang='lat' dir='ltr'>consulem</span> <span class='ocrx_word' id='word_1_166' title='bbox 1489 1337 1734 1378; x_wconf 87' lang='lat' dir='ltr'>nunciantes</span> <span class='ocrx_word' id='word_1_167' title='bbox 1758 1338 1848 1394; x_wconf 83' lang='lat' dir='ltr'>jam</span> 
     </span>
     <span class='ocr_line' id='line_1_22' title="bbox 439 1393 1847 1451; baseline 0 -16"><span class='ocrx_word' id='word_1_168' title='bbox 439 1410 534 1436; x_wconf 90' lang='lat' dir='ltr'>cum</span> <span class='ocrx_word' id='word_1_169' title='bbox 570 1395 752 1436; x_wconf 85' lang='lat' dir='ltr'>exercitu</span> <span class='ocrx_word' id='word_1_170' title='bbox 790 1395 1008 1451; x_wconf 86' lang='lat' dir='ltr'>trajecisse.</span> <span class='ocrx_word' id='word_1_171' title='bbox 1070 1394 1151 1435; x_wconf 90' lang='lat' dir='ltr'>His</span> <span class='ocrx_word' id='word_1_172' title='bbox 1185 1393 1333 1443; x_wconf 86' lang='lat' dir='ltr'>territi,</span> <span class='ocrx_word' id='word_1_173' title='bbox 1369 1394 1487 1450; x_wconf 90' lang='lat' dir='ltr'>prius</span> <span class='ocrx_word' id='word_1_174' title='bbox 1522 1394 1574 1435; x_wconf 87' lang='lat' dir='ltr'>ab</span> <span class='ocrx_word' id='word_1_175' title='bbox 1615 1393 1771 1435; x_wconf 89' lang='lat' dir='ltr'>Rhodo</span> <span class='ocrx_word' id='word_1_176' title='bbox 1805 1401 1847 1435; x_wconf 84' lang='lat' dir='ltr'>et</span> 
     </span>
     <span class='ocr_line' id='line_1_23' title="bbox 440 1450 1847 1508; baseline -0.001 -16"><span class='ocrx_word' id='word_1_177' title='bbox 440 1451 620 1492; x_wconf 89' lang='lat' dir='ltr'>Athenis</span> <span class='ocrx_word' id='word_1_178' title='bbox 649 1451 925 1508; x_wconf 84' lang='lat' dir='ltr'>legationibus</span> <span class='ocrx_word' id='word_1_179' title='bbox 950 1451 1109 1501; x_wconf 84' lang='lat' dir='ltr'>excitis,</span> <span class='ocrx_word' id='word_1_180' title='bbox 1131 1461 1179 1492; x_wconf 91' lang='lat' dir='ltr'>ut</span> <span class='ocrx_word' id='word_1_181' title='bbox 1200 1466 1273 1506; x_wconf 86' lang='lat' dir='ltr'>per</span> <span class='ocrx_word' id='word_1_182' title='bbox 1293 1453 1582 1491; x_wconf 87' lang='lat' dir='ltr'>auctoritatem</span> <span class='ocrx_word' id='word_1_183' title='bbox 1613 1450 1847 1492; x_wconf 83' lang='lat' dir='ltr'>civitatium</span> 
     </span>
     <span class='ocr_line' id='line_1_24' title="bbox 440 1506 1850 1564; baseline -0.001 -15"><span class='ocrx_word' id='word_1_184' title='bbox 440 1523 583 1549; x_wconf 87' lang='lat' dir='ltr'>earum</span> <span class='ocrx_word' id='word_1_185' title='bbox 619 1523 704 1549; x_wconf 87' lang='lat' dir='ltr'>suae</span> <span class='ocrx_word' id='word_1_186' title='bbox 738 1523 880 1564; x_wconf 87' lang='lat' dir='ltr'>preces</span> <span class='ocrx_word' id='word_1_187' title='bbox 911 1523 1044 1564; x_wconf 89' lang='lat' dir='ltr'>nuper</span> <span class='ocrx_word' id='word_1_188' title='bbox 1078 1507 1309 1564; x_wconf 83' lang='lat' dir='ltr'>repudiatae</span> <span class='ocrx_word' id='word_1_189' title='bbox 1342 1506 1567 1547; x_wconf 87' lang='lat' dir='ltr'>faciliorem</span> <span class='ocrx_word' id='word_1_190' title='bbox 1603 1507 1765 1548; x_wconf 83' lang='lat' dir='ltr'>aditum</span> <span class='ocrx_word' id='word_1_191' title='bbox 1795 1506 1850 1548; x_wconf 87' lang='lat' dir='ltr'>ad</span> 
     </span>
     <span class='ocr_line' id='line_1_25' title="bbox 441 1563 1851 1621; baseline 0 -15"><span class='ocrx_word' id='word_1_192' title='bbox 441 1573 627 1606; x_wconf 86' lang='lat' dir='ltr'>senatum</span> <span class='ocrx_word' id='word_1_193' title='bbox 658 1565 873 1615; x_wconf 84' lang='lat' dir='ltr'>haberent,</span> <span class='ocrx_word' id='word_1_194' title='bbox 903 1564 1107 1621; x_wconf 88' lang='lat' dir='ltr'>principes</span> <span class='ocrx_word' id='word_1_195' title='bbox 1136 1565 1272 1620; x_wconf 87' lang='lat' dir='ltr'>gentis</span> <span class='ocrx_word' id='word_1_196' title='bbox 1299 1564 1353 1605; x_wconf 89' lang='lat' dir='ltr'>ad</span> <span class='ocrx_word' id='word_1_197' title='bbox 1382 1563 1628 1605; x_wconf 85' lang='lat' dir='ltr'>tentandum</span> <span class='ocrx_word' id='word_1_198' title='bbox 1658 1563 1851 1606; x_wconf 87' lang='lat' dir='ltr'>ultimam</span> 
     </span>
     <span class='ocr_line' id='line_1_26' title="bbox 442 1620 1848 1678; baseline 0.001 -17"><span class='ocrx_word' id='word_1_199' title='bbox 442 1636 555 1678; x_wconf 87' lang='lat' dir='ltr'>spem</span> <span class='ocrx_word' id='word_1_200' title='bbox 588 1623 766 1663; x_wconf 89' lang='lat' dir='ltr'>Romam</span> <span class='ocrx_word' id='word_1_201' title='bbox 795 1621 1019 1662; x_wconf 88' lang='lat' dir='ltr'>miserunt:</span> <span class='ocrx_word' id='word_1_202' title='bbox 1052 1621 1192 1671; x_wconf 59' lang='lat' dir='ltr'>“nihil,</span> <span class='ocrx_word' id='word_1_203' title='bbox 1213 1636 1264 1661; x_wconf 91' lang='lat' dir='ltr'>ne</span> <span class='ocrx_word' id='word_1_204' title='bbox 1293 1620 1449 1662; x_wconf 89' lang='lat' dir='ltr'>bellum</span> <span class='ocrx_word' id='word_1_205' title='bbox 1479 1620 1694 1670; x_wconf 88' lang='lat' dir='ltr'>haberent,</span> <span class='ocrx_word' id='word_1_206' title='bbox 1716 1620 1848 1676; x_wconf 88' lang='lat' dir='ltr'>prius,</span> 
     </span>
    </p>

    <p class='ocr_par' dir='ltr' id='par_1_7' title="bbox 232 1676 1846 1734">
     <span class='ocr_line' id='line_1_27' title="bbox 232 1676 1846 1734; baseline -0.004 -11"><span class='ocrx_word' id='word_1_207' title='bbox 232 1692 358 1723; x_wconf 77' lang='lat' dir='ltr'>Fulvius</span> <span class='ocrx_word' id='word_1_208' title='bbox 441 1694 567 1733; x_wconf 87' lang='lat' dir='ltr'>quam</span> <span class='ocrx_word' id='word_1_209' title='bbox 588 1694 693 1734; x_wconf 87' lang='lat' dir='ltr'>pene</span> <span class='ocrx_word' id='word_1_210' title='bbox 713 1679 756 1719; x_wconf 89' lang='lat' dir='ltr'>in</span> <span class='ocrx_word' id='word_1_211' title='bbox 778 1687 1000 1734; x_wconf 89' lang='lat' dir='ltr'>conspectu</span> <span class='ocrx_word' id='word_1_212' title='bbox 1028 1678 1159 1719; x_wconf 89' lang='lat' dir='ltr'>hostis</span> <span class='ocrx_word' id='word_1_213' title='bbox 1187 1686 1289 1728; x_wconf 83' lang='lat' dir='ltr'>erat,</span> <span class='ocrx_word' id='word_1_214' title='bbox 1311 1676 1601 1734; x_wconf 88' lang='lat' dir='ltr'>praemeditati.</span> <span class='ocrx_word' id='word_1_215' title='bbox 1661 1678 1691 1718; x_wconf 84' lang='lat' dir='ltr'><strong>J</strong></span> <span class='ocrx_word' id='word_1_216' title='bbox 1694 1692 1761 1718; x_wconf 88' lang='lat' dir='ltr'>am</span> <span class='ocrx_word' id='word_1_217' title='bbox 1782 1678 1846 1718; x_wconf 91' lang='lat' dir='ltr'>M.</span> 
     </span>
    </p>

    <p class='ocr_par' dir='ltr' id='par_1_8' title="bbox 230 1733 1850 1791">
     <span class='ocr_line' id='line_1_28' title="bbox 230 1733 1850 1791; baseline -0.002 -13"><span class='ocrx_word' id='word_1_218' title='bbox 230 1735 342 1766; x_wconf 57' lang='lat' dir='ltr'>cosin</span> <span class='ocrx_word' id='word_1_219' title='bbox 355 1735 429 1778; x_wconf 83' lang='lat' dir='ltr'>Epi·</span> <span class='ocrx_word' id='word_1_220' title='bbox 444 1735 634 1785; x_wconf 84' lang='lat' dir='ltr'>Fulvius,</span> <span class='ocrx_word' id='word_1_221' title='bbox 677 1735 943 1791; x_wconf 88' lang='lat' dir='ltr'>Apolloniam</span> <span class='ocrx_word' id='word_1_222' title='bbox 983 1735 1166 1776; x_wconf 83' lang='lat' dir='ltr'>exercitu</span> <span class='ocrx_word' id='word_1_223' title='bbox 1212 1735 1399 1790; x_wconf 84' lang='lat' dir='ltr'>trajecto,</span> <span class='ocrx_word' id='word_1_224' title='bbox 1440 1749 1535 1775; x_wconf 90' lang='lat' dir='ltr'>cum</span> <span class='ocrx_word' id='word_1_225' title='bbox 1575 1733 1850 1790; x_wconf 85' lang='lat' dir='ltr'>Epirotarum</span> 
     </span>
    </p>

    <p class='ocr_par' dir='ltr' id='par_1_9' title="bbox 230 1788 1854 2303">
     <span class='ocr_line' id='line_1_29' title="bbox 230 1788 1846 1848; baseline -0.001 -16"><span class='ocrx_word' id='word_1_226' title='bbox 230 1788 271 1809; x_wconf 70' lang='grc' dir='ltr'>Ὀ·</span> <span class='ocrx_word' id='word_1_227' title='bbox 442 1791 699 1848; x_wconf 88' lang='lat' dir='ltr'>principibus</span> <span class='ocrx_word' id='word_1_228' title='bbox 734 1791 1009 1841; x_wconf 86' lang='lat' dir='ltr'>consultabat,</span> <span class='ocrx_word' id='word_1_229' title='bbox 1046 1791 1157 1832; x_wconf 90' lang='lat' dir='ltr'>unde</span> <span class='ocrx_word' id='word_1_230' title='bbox 1196 1791 1352 1831; x_wconf 88' lang='lat' dir='ltr'>bellum</span> <span class='ocrx_word' id='word_1_231' title='bbox 1382 1791 1594 1845; x_wconf 86' lang='lat' dir='ltr'>inciperet.</span> <span class='ocrx_word' id='word_1_232' title='bbox 1656 1790 1846 1846; x_wconf 78' lang='lat' dir='ltr'>Epirotis</span> 
     </span>
     <span class='ocr_line' id='line_1_30' title="bbox 443 1845 1847 1903; baseline -0.001 -14"><span class='ocrx_word' id='word_1_233' title='bbox 443 1848 711 1889; x_wconf 86' lang='lat' dir='ltr'>Ambraciam</span> <span class='ocrx_word' id='word_1_234' title='bbox 741 1848 927 1903; x_wconf 90' lang='lat' dir='ltr'>placebat</span> <span class='ocrx_word' id='word_1_235' title='bbox 959 1847 1146 1903; x_wconf 79' lang='lat' dir='ltr'>adgredi,</span> <span class='ocrx_word' id='word_1_236' title='bbox 1168 1863 1264 1903; x_wconf 87' lang='lat' dir='ltr'>quae</span> <span class='ocrx_word' id='word_1_237' title='bbox 1287 1855 1377 1888; x_wconf 89' lang='lat' dir='ltr'>tum</span> <span class='ocrx_word' id='word_1_238' title='bbox 1399 1846 1682 1888; x_wconf 86' lang='lat' dir='ltr'>contribuerat</span> <span class='ocrx_word' id='word_1_239' title='bbox 1704 1862 1746 1887; x_wconf 91' lang='lat' dir='ltr'>se</span> <span class='ocrx_word' id='word_1_240' title='bbox 1769 1845 1847 1887; x_wconf 87' lang='lat' dir='ltr'>AE-</span> 
     </span>
     <span class='ocr_line' id='line_1_31' title="bbox 443 1904 1850 1956; baseline -0.001 -11"><span class='ocrx_word' id='word_1_241' title='bbox 443 1904 548 1945; x_wconf 92' lang='lat' dir='ltr'>tolis.</span> <span class='ocrx_word' id='word_1_242' title='bbox 574 1907 656 1946; x_wconf 82' lang='lat' dir='ltr'>sive</span> <span class='ocrx_word' id='word_1_243' title='bbox 672 1907 727 1945; x_wconf 78' lang='lat' dir='ltr'>ad</span> <span class='ocrx_word' id='word_1_244' title='bbox 745 1906 930 1944; x_wconf 80' lang='lat' dir='ltr'>tuendam</span> <span class='ocrx_word' id='word_1_245' title='bbox 947 1908 1052 1944; x_wconf 57' lang='lat' dir='ltr'>eam*</span> <span class='ocrx_word' id='word_1_246' title='bbox 1074 1905 1255 1945; x_wconf 82' lang='lat' dir='ltr'>venirent</span> <span class='ocrx_word' id='word_1_247' title='bbox 1271 1904 1420 1952; x_wconf 85' lang='lat' dir='ltr'>AEtoli‚</span> <span class='ocrx_word' id='word_1_248' title='bbox 1439 1910 1600 1956; x_wconf 81' lang='lat' dir='ltr'>apertos</span> <span class='ocrx_word' id='word_1_249' title='bbox 1619 1905 1724 1944; x_wconf 86' lang='lat' dir='ltr'>circa</span> <span class='ocrx_word' id='word_1_250' title='bbox 1741 1918 1850 1944; x_wconf 86' lang='lat' dir='ltr'>cam-</span> 
     </span>
     <span class='ocr_line' id='line_1_32' title="bbox 436 1960 1851 2015; baseline 0.001 -15"><span class='ocrx_word' id='word_1_251' title='bbox 436 1975 512 2014; x_wconf 83' lang='lat' dir='ltr'>pos</span> <span class='ocrx_word' id='word_1_252' title='bbox 532 1963 589 2001; x_wconf 87' lang='lat' dir='ltr'>ad</span> <span class='ocrx_word' id='word_1_253' title='bbox 608 1963 876 2002; x_wconf 80' lang='lat' dir='ltr'>dimicandum</span> <span class='ocrx_word' id='word_1_254' title='bbox 898 1976 995 2002; x_wconf 79' lang='lat' dir='ltr'>esse.-</span> <span class='ocrx_word' id='word_1_255' title='bbox 1027 1963 1108 2002; x_wconf 83' lang='lat' dir='ltr'>sive</span> <span class='ocrx_word' id='word_1_256' title='bbox 1129 1963 1396 2002; x_wconf 80' lang='lat' dir='ltr'>detrectarent</span> <span class='ocrx_word' id='word_1_257' title='bbox 1415 1967 1628 2011; x_wconf 80' lang='lat' dir='ltr'>certamen,</span> <span class='ocrx_word' id='word_1_258' title='bbox 1648 1960 1851 2015; x_wconf 80' lang='lat' dir='ltr'>obpugna-</span> 
     </span>
     <span class='ocr_line' id='line_1_33' title="bbox 442 2017 1853 2074; baseline 0 -16"><span class='ocrx_word' id='word_1_259' title='bbox 442 2019 586 2058; x_wconf 83' lang='lat' dir='ltr'>tionem</span> <span class='ocrx_word' id='word_1_260' title='bbox 593 2021 695 2073; x_wconf 80' lang='lat' dir='ltr'>sore</span> <span class='ocrx_word' id='word_1_261' title='bbox 709 2019 819 2058; x_wconf 78' lang='lat' dir='ltr'>haud</span> <span class='ocrx_word' id='word_1_262' title='bbox 836 2019 1050 2074; x_wconf 68' lang='lat' dir='ltr'>dg&#39;ffi‘cilem.</span> <span class='ocrx_word' id='word_1_263' title='bbox 1075 2032 1166 2059; x_wconf 84' lang='lat' dir='ltr'>nam</span> <span class='ocrx_word' id='word_1_264' title='bbox 1189 2025 1225 2058; x_wconf 84' lang='lat' dir='ltr'>et</span> <span class='ocrx_word' id='word_1_265' title='bbox 1246 2019 1401 2071; x_wconf 76' lang='lat' dir='ltr'>copiam</span> <span class='ocrx_word' id='word_1_266' title='bbox 1422 2017 1464 2057; x_wconf 81' lang='lat' dir='ltr'>in</span> <span class='ocrx_word' id='word_1_267' title='bbox 1478 2019 1711 2071; x_wconf 76' lang='lat' dir='ltr'>propinquo</span> <span class='ocrx_word' id='word_1_268' title='bbox 1727 2025 1853 2059; x_wconf 84' lang='lat' dir='ltr'>mate·</span> 
     </span>
     <span class='ocr_line' id='line_1_34' title="bbox 442 2074 1851 2130; baseline 0.001 -15"><span class='ocrx_word' id='word_1_269' title='bbox 442 2076 519 2115; x_wconf 81' lang='lat' dir='ltr'>rioe</span> <span class='ocrx_word' id='word_1_270' title='bbox 539 2077 594 2115; x_wconf 85' lang='lat' dir='ltr'>ad</span> <span class='ocrx_word' id='word_1_271' title='bbox 614 2090 782 2130; x_wconf 83' lang='lat' dir='ltr'>aggeres</span> <span class='ocrx_word' id='word_1_272' title='bbox 797 2076 1027 2116; x_wconf 72' lang='lat' dir='ltr'>excitandos</span> <span class='ocrx_word' id='word_1_273' title='bbox 1043 2082 1080 2116; x_wconf 84' lang='lat' dir='ltr'>et</span> <span class='ocrx_word' id='word_1_274' title='bbox 1101 2082 1231 2116; x_wconf 81' lang='lat' dir='ltr'>cetera</span> <span class='ocrx_word' id='word_1_275' title='bbox 1253 2090 1377 2128; x_wconf 84' lang='lat' dir='ltr'>opera</span> <span class='ocrx_word' id='word_1_276' title='bbox 1390 2089 1490 2116; x_wconf 84' lang='lat' dir='ltr'>esse:</span> <span class='ocrx_word' id='word_1_277' title='bbox 1512 2081 1550 2115; x_wconf 84' lang='lat' dir='ltr'>et</span> <span class='ocrx_word' id='word_1_278' title='bbox 1570 2074 1851 2126; x_wconf 63' lang='lat' dir='ltr'>Ammontem,</span> 
     </span>
     <span class='ocr_line' id='line_1_35' title="bbox 443 2133 1854 2186; baseline 0.001 -15"><span class='ocrx_word' id='word_1_279' title='bbox 443 2133 711 2186; x_wconf 81' lang='lat' dir='ltr'>navigabilem</span> <span class='ocrx_word' id='word_1_280' title='bbox 741 2147 908 2183; x_wconf 77' lang='lat' dir='ltr'>amnem,</span> <span class='ocrx_word' id='word_1_281' title='bbox 938 2139 1201 2186; x_wconf 80' lang='lat' dir='ltr'>opportunum</span> <span class='ocrx_word' id='word_1_282' title='bbox 1231 2134 1288 2173; x_wconf 85' lang='lat' dir='ltr'>ad</span> <span class='ocrx_word' id='word_1_283' title='bbox 1314 2133 1616 2185; x_wconf 84' lang='lat' dir='ltr'>comportanda,</span> <span class='ocrx_word' id='word_1_284' title='bbox 1647 2145 1736 2185; x_wconf 82' lang='lat' dir='ltr'>quae</span> <span class='ocrx_word' id='word_1_285' title='bbox 1762 2133 1854 2173; x_wconf 81' lang='lat' dir='ltr'>usui</span> 
     </span>
     <span class='ocr_line' id='line_1_36' title="bbox 443 2189 1853 2246; baseline 0.001 -18"><span class='ocrx_word' id='word_1_286' title='bbox 443 2189 537 2237; x_wconf 85' lang='lat' dir='ltr'>sint,</span> <span class='ocrx_word' id='word_1_287' title='bbox 556 2196 709 2242; x_wconf 76' lang='lat' dir='ltr'>praeter</span> <span class='ocrx_word' id='word_1_288' title='bbox 730 2191 818 2242; x_wconf 81' lang='lat' dir='ltr'>ipsa</span> <span class='ocrx_word' id='word_1_289' title='bbox 839 2191 985 2230; x_wconf 83' lang='lat' dir='ltr'>moenia</span> <span class='ocrx_word' id='word_1_290' title='bbox 989 2190 1146 2246; x_wconf 82' lang='lat' dir='ltr'>fluere:</span> <span class='ocrx_word' id='word_1_291' title='bbox 1179 2196 1217 2230; x_wconf 86' lang='lat' dir='ltr'>et</span> <span class='ocrx_word' id='word_1_292' title='bbox 1232 2196 1407 2230; x_wconf 63' lang='lat' dir='ltr'>aestatem</span> <span class='ocrx_word' id='word_1_293' title='bbox 1428 2195 1566 2242; x_wconf 82' lang='lat' dir='ltr'>aptam</span> <span class='ocrx_word' id='word_1_294' title='bbox 1587 2189 1650 2229; x_wconf 83' lang='lat' dir='ltr'>rei</span> <span class='ocrx_word' id='word_1_295' title='bbox 1663 2190 1853 2243; x_wconf 68' lang='lat' dir='ltr'>gerendae</span> 
     </span>
     <span class='ocr_line' id='line_1_37' title="bbox 445 2246 1584 2303; baseline 0.001 -18"><span class='ocrx_word' id='word_1_296' title='bbox 445 2247 589 2286; x_wconf 83' lang='lat' dir='ltr'>adesse.</span> <span class='ocrx_word' id='word_1_297' title='bbox 621 2246 686 2287; x_wconf 91' lang='lat' dir='ltr'>his</span> <span class='ocrx_word' id='word_1_298' title='bbox 706 2255 1014 2302; x_wconf 83' lang='lat' dir='ltr'>persuaserunt,</span> <span class='ocrx_word' id='word_1_299' title='bbox 1037 2255 1084 2288; x_wconf 89' lang='lat' dir='ltr'>ut</span> <span class='ocrx_word' id='word_1_300' title='bbox 1105 2262 1179 2303; x_wconf 86' lang='lat' dir='ltr'>per</span> <span class='ocrx_word' id='word_1_301' title='bbox 1200 2247 1379 2302; x_wconf 85' lang='lat' dir='ltr'>Epirum</span> <span class='ocrx_word' id='word_1_302' title='bbox 1402 2247 1584 2287; x_wconf 89' lang='lat' dir='ltr'>duceret.</span> 
     </span>
    </p>

    <p class='ocr_par' dir='ltr' id='par_1_10' title="bbox 502 2302 1849 2358">
     <span class='ocr_line' id='line_1_38' title="bbox 502 2302 1849 2358; baseline 0.001 -16"><span class='ocrx_word' id='word_1_303' title='bbox 502 2303 576 2342; x_wconf 91' lang='lat' dir='ltr'>IV.</span> <span class='ocrx_word' id='word_1_304' title='bbox 611 2303 798 2353; x_wconf 87' lang='lat' dir='ltr'>Consuli,</span> <span class='ocrx_word' id='word_1_305' title='bbox 820 2303 872 2343; x_wconf 90' lang='lat' dir='ltr'>ad</span> <span class='ocrx_word' id='word_1_306' title='bbox 895 2303 1161 2344; x_wconf 82' lang='lat' dir='ltr'>Ambraciam</span> <span class='ocrx_word' id='word_1_307' title='bbox 1192 2303 1440 2352; x_wconf 84' lang='lat' dir='ltr'>advenienti,</span> <span class='ocrx_word' id='word_1_308' title='bbox 1463 2302 1601 2358; x_wconf 85' lang='lat' dir='ltr'>magni</span> <span class='ocrx_word' id='word_1_309' title='bbox 1621 2302 1756 2357; x_wconf 89' lang='lat' dir='ltr'>operis</span> <span class='ocrx_word' id='word_1_310' title='bbox 1777 2302 1849 2344; x_wconf 92' lang='lat' dir='ltr'>ob-</span> 
     </span>
    </p>
   </div>
   <div class='ocr_carea' id='block_1_3' title="bbox 821 2411 1470 2443">
    <p class='ocr_par' dir='ltr' id='par_1_11' title="bbox 821 2411 1470 2443">
     <span class='ocr_line' id='line_1_39' title="bbox 821 2411 1470 2443; baseline -0.002 -1"><span class='ocrx_word' id='word_1_311' title='bbox 821 2415 835 2431; x_wconf 86' lang='lat'>²</span> <span class='ocrx_word' id='word_1_312' title='bbox 851 2418 875 2442; x_wconf 81' lang='lat' dir='ltr'>el</span> <span class='ocrx_word' id='word_1_313' title='bbox 893 2411 953 2442; x_wconf 86' lang='lat' dir='ltr'>del.</span> <span class='ocrx_word' id='word_1_314' title='bbox 970 2412 1066 2443; x_wconf 86' lang='lat' dir='ltr'>Gron.</span> <span class='ocrx_word' id='word_1_315' title='bbox 1197 2412 1212 2435; x_wconf 83' lang='lat' dir='ltr'>b</span> <span class='ocrx_word' id='word_1_316' title='bbox 1228 2424 1288 2443; x_wconf 78' lang='lat' dir='ltr'>eam</span> <span class='ocrx_word' id='word_1_317' title='bbox 1303 2412 1364 2443; x_wconf 89' lang='lat' dir='ltr'>del.</span> <span class='ocrx_word' id='word_1_318' title='bbox 1380 2411 1470 2442; x_wconf 80' lang='lat' dir='ltr'>Crev.</span> 
     </span>
    </p>
   </div>
   <div class='ocr_carea' id='block_1_4' title="bbox 442 2508 1851 2932">
    <p class='ocr_par' dir='ltr' id='par_1_12' title="bbox 442 2508 1851 2932">
     <span class='ocr_line' id='line_1_40' title="bbox 485 2508 1846 2553; baseline 0 -11"><span class='ocrx_word' id='word_1_319' title='bbox 485 2511 505 2542; x_wconf 90' lang='lat'><strong>6</strong></span> <span class='ocrx_word' id='word_1_320' title='bbox 531 2510 644 2541; x_wconf 72' lang='lat' dir='ltr'>Postero</span> <span class='ocrx_word' id='word_1_321' title='bbox 658 2512 720 2552; x_wconf 80' lang='lat' dir='ltr'>die]</span> <span class='ocrx_word' id='word_1_322' title='bbox 748 2510 900 2547; x_wconf 77' lang='lat' dir='ltr'>Andreas,</span> <span class='ocrx_word' id='word_1_323' title='bbox 914 2517 943 2541; x_wconf 84' lang='lat' dir='ltr'>et</span> <span class='ocrx_word' id='word_1_324' title='bbox 955 2517 1014 2542; x_wconf 87' lang='lat' dir='ltr'>tres</span> <span class='ocrx_word' id='word_1_325' title='bbox 1028 2512 1122 2553; x_wconf 89' lang='lat' dir='ltr'>scrip·</span> <span class='ocrx_word' id='word_1_326' title='bbox 1209 2513 1227 2542; x_wconf 92' lang='lat'><strong>7</strong></span> <span class='ocrx_word' id='word_1_327' title='bbox 1253 2512 1290 2542; x_wconf 82' lang='lat' dir='ltr'>Et</span> <span class='ocrx_word' id='word_1_328' title='bbox 1318 2510 1454 2551; x_wconf 85' lang='lat' dir='ltr'>Romam]</span> <span class='ocrx_word' id='word_1_329' title='bbox 1502 2509 1540 2539; x_wconf 79' lang='lat' dir='ltr'>Et</span> <span class='ocrx_word' id='word_1_330' title='bbox 1566 2508 1745 2549; x_wconf 84' lang='lat' dir='ltr'>adjecimus,</span> <span class='ocrx_word' id='word_1_331' title='bbox 1771 2520 1846 2542; x_wconf 79' lang='lat' dir='ltr'>auc-</span> 
     </span>
     <span class='ocr_line' id='line_1_41' title="bbox 444 2553 1748 2589; baseline 0.001 -6"><span class='ocrx_word' id='word_1_332' title='bbox 444 2553 477 2589; x_wconf 85' lang='lat' dir='ltr'>ti,</span> <span class='ocrx_word' id='word_1_333' title='bbox 499 2563 578 2583; x_wconf 91' lang='lat' dir='ltr'>unus</span> <span class='ocrx_word' id='word_1_334' title='bbox 600 2554 670 2584; x_wconf 78' lang='lat' dir='ltr'>JaC.</span> <span class='ocrx_word' id='word_1_335' title='bbox 695 2553 862 2589; x_wconf 79' lang='lat' dir='ltr'>Gronovio,</span> <span class='ocrx_word' id='word_1_336' title='bbox 887 2554 963 2584; x_wconf 88' lang='lat' dir='ltr'>alter</span> <span class='ocrx_word' id='word_1_337' title='bbox 988 2555 1123 2585; x_wconf 84' lang='lat' dir='ltr'>llearnio</span> <span class='ocrx_word' id='word_1_338' title='bbox 1167 2553 1281 2585; x_wconf 87' lang='lat' dir='ltr'>toribus</span> <span class='ocrx_word' id='word_1_339' title='bbox 1293 2554 1417 2585; x_wconf 82' lang='lat' dir='ltr'>Thuan.</span> <span class='ocrx_word' id='word_1_340' title='bbox 1431 2558 1462 2583; x_wconf 87' lang='lat' dir='ltr'>et</span> <span class='ocrx_word' id='word_1_341' title='bbox 1477 2553 1559 2583; x_wconf 75' lang='lat' dir='ltr'>vict.</span> <span class='ocrx_word' id='word_1_342' title='bbox 1577 2553 1748 2584; x_wconf 76' lang='lat' dir='ltr'>codicibus-</span> 
     </span>
     <span class='ocr_line' id='line_1_42' title="bbox 443 2596 1848 2638; baseline 0 -12"><span class='ocrx_word' id='word_1_343' title='bbox 443 2596 615 2637; x_wconf 82' lang='lat' dir='ltr'>inspectuS‚</span> <span class='ocrx_word' id='word_1_344' title='bbox 637 2596 743 2626; x_wconf 82' lang='lat' dir='ltr'>tertius</span> <span class='ocrx_word' id='word_1_345' title='bbox 766 2602 865 2628; x_wconf 84' lang='lat' dir='ltr'>noster</span> <span class='ocrx_word' id='word_1_346' title='bbox 893 2597 976 2627; x_wconf 66' lang='lat' dir='ltr'>vict.</span> <span class='ocrx_word' id='word_1_347' title='bbox 999 2608 1053 2638; x_wconf 87' lang='lat' dir='ltr'>pro</span> <span class='ocrx_word' id='word_1_348' title='bbox 1076 2596 1122 2628; x_wconf 88' lang='lat' dir='ltr'>his</span> <span class='ocrx_word' id='word_1_349' title='bbox 1209 2598 1228 2627; x_wconf 90' lang='lat'>8</span> <span class='ocrx_word' id='word_1_350' title='bbox 1253 2597 1350 2632; x_wconf 70' lang='lat' dir='ltr'>Nihil,</span> <span class='ocrx_word' id='word_1_351' title='bbox 1366 2607 1401 2626; x_wconf 80' lang='lat' dir='ltr'>ne</span> <span class='ocrx_word' id='word_1_352' title='bbox 1423 2596 1528 2626; x_wconf 77' lang='lat' dir='ltr'>bellurn</span> <span class='ocrx_word' id='word_1_353' title='bbox 1552 2596 1686 2626; x_wconf 75' lang='lat' dir='ltr'>habereut</span> <span class='ocrx_word' id='word_1_354' title='bbox 1709 2618 1717 2626; x_wconf 89' lang='lat'>.</span> <span class='ocrx_word' id='word_1_355' title='bbox 1741 2617 1750 2626; x_wconf 86' lang='lat'>.</span> <span class='ocrx_word' id='word_1_356' title='bbox 1769 2606 1848 2635; x_wconf 74' lang='lat' dir='ltr'>prer-</span> 
     </span>
     <span class='ocr_line' id='line_1_43' title="bbox 444 2637 1848 2681; baseline -0.001 -12"><span class='ocrx_word' id='word_1_357' title='bbox 444 2639 564 2669; x_wconf 79' lang='lat' dir='ltr'>duabus</span> <span class='ocrx_word' id='word_1_358' title='bbox 580 2639 706 2669; x_wconf 84' lang='lat' dir='ltr'>vocibus</span> <span class='ocrx_word' id='word_1_359' title='bbox 721 2638 866 2669; x_wconf 83' lang='lat' dir='ltr'>exhibent</span> <span class='ocrx_word' id='word_1_360' title='bbox 879 2646 983 2677; x_wconf 72' lang='lat' dir='ltr'>postea.</span> <span class='ocrx_word' id='word_1_361' title='bbox 1029 2640 1121 2675; x_wconf 86' lang='lat' dir='ltr'>Sane,</span> <span class='ocrx_word' id='word_1_362' title='bbox 1166 2640 1312 2681; x_wconf 64' lang='lat' dir='ltr'>meditati]</span> <span class='ocrx_word' id='word_1_363' title='bbox 1344 2639 1449 2675; x_wconf 88' lang='lat' dir='ltr'>Quum</span> <span class='ocrx_word' id='word_1_364' title='bbox 1472 2637 1549 2668; x_wconf 86' lang='lat' dir='ltr'>nihil</span> <span class='ocrx_word' id='word_1_365' title='bbox 1572 2638 1789 2680; x_wconf 79' lang='lat' dir='ltr'>praecavissent</span> <span class='ocrx_word' id='word_1_366' title='bbox 1805 2638 1848 2669; x_wconf 80' lang='lat' dir='ltr'>ad</span> 
     </span>
     <span class='ocr_line' id='line_1_44' title="bbox 444 2680 1851 2724; baseline 0 -14"><span class='ocrx_word' id='word_1_367' title='bbox 444 2681 468 2710; x_wconf 89' lang='lat' dir='ltr'>si</span> <span class='ocrx_word' id='word_1_368' title='bbox 496 2681 571 2711; x_wconf 87' lang='lat' dir='ltr'>nulli</span> <span class='ocrx_word' id='word_1_369' title='bbox 595 2681 785 2712; x_wconf 88' lang='lat' dir='ltr'>Macedones</span> <span class='ocrx_word' id='word_1_370' title='bbox 810 2681 839 2710; x_wconf 91' lang='lat' dir='ltr'>in</span> <span class='ocrx_word' id='word_1_371' title='bbox 863 2681 1053 2711; x_wconf 76' lang='lat' dir='ltr'>Athamania</span> <span class='ocrx_word' id='word_1_372' title='bbox 1076 2691 1120 2712; x_wconf 82' lang='lat' dir='ltr'>re·</span> <span class='ocrx_word' id='word_1_373' title='bbox 1168 2681 1405 2724; x_wconf 81' lang='lat' dir='ltr'>impetrandum,</span> <span class='ocrx_word' id='word_1_374' title='bbox 1434 2689 1472 2711; x_wconf 87' lang='lat' dir='ltr'>ne</span> <span class='ocrx_word' id='word_1_375' title='bbox 1499 2680 1556 2711; x_wconf 80' lang='lat' dir='ltr'>sibi</span> <span class='ocrx_word' id='word_1_376' title='bbox 1581 2681 1697 2712; x_wconf 86' lang='lat' dir='ltr'>bellum</span> <span class='ocrx_word' id='word_1_377' title='bbox 1725 2680 1851 2711; x_wconf 81' lang='lat' dir='ltr'>inferre-</span> 
     </span>
     <span class='ocr_line' id='line_1_45' title="bbox 443 2723 1847 2765; baseline 0.001 -12"><span class='ocrx_word' id='word_1_378' title='bbox 443 2729 632 2759; x_wconf 81' lang='lat' dir='ltr'>manserunt,</span> <span class='ocrx_word' id='word_1_379' title='bbox 669 2723 752 2754; x_wconf 87' lang='lat' dir='ltr'>haud</span> <span class='ocrx_word' id='word_1_380' title='bbox 798 2723 888 2753; x_wconf 79' lang='lat' dir='ltr'>facile</span> <span class='ocrx_word' id='word_1_381' title='bbox 924 2724 1120 2765; x_wconf 74' lang='lat' dir='ltr'>intelligetur,</span> <span class='ocrx_word' id='word_1_382' title='bbox 1168 2730 1227 2759; x_wconf 87' lang='lat' dir='ltr'>tur,</span> <span class='ocrx_word' id='word_1_383' title='bbox 1244 2724 1342 2755; x_wconf 86' lang='lat' dir='ltr'>donec</span> <span class='ocrx_word' id='word_1_384' title='bbox 1357 2733 1392 2754; x_wconf 87' lang='lat' dir='ltr'>eo</span> <span class='ocrx_word' id='word_1_385' title='bbox 1408 2733 1456 2754; x_wconf 87' lang='lat' dir='ltr'>res</span> <span class='ocrx_word' id='word_1_386' title='bbox 1472 2723 1608 2754; x_wconf 79' lang='lat' dir='ltr'>adducta</span> <span class='ocrx_word' id='word_1_387' title='bbox 1620 2729 1710 2759; x_wconf 83' lang='lat' dir='ltr'>esset,</span> <span class='ocrx_word' id='word_1_388' title='bbox 1727 2727 1761 2753; x_wconf 85' lang='lat' dir='ltr'>ut</span> <span class='ocrx_word' id='word_1_389' title='bbox 1775 2723 1847 2754; x_wconf 85' lang='lat' dir='ltr'>hos-</span> 
     </span>
     <span class='ocr_line' id='line_1_46' title="bbox 443 2765 1847 2808; baseline 0.001 -15"><span class='ocrx_word' id='word_1_390' title='bbox 443 2766 596 2806; x_wconf 79' lang='lat' dir='ltr'>quomodo</span> <span class='ocrx_word' id='word_1_391' title='bbox 619 2766 637 2796; x_wconf 91' lang='lat' dir='ltr'>ii</span> <span class='ocrx_word' id='word_1_392' title='bbox 659 2767 710 2808; x_wconf 89' lang='lat' dir='ltr'>qui</span> <span class='ocrx_word' id='word_1_393' title='bbox 735 2776 788 2807; x_wconf 82' lang='lat' dir='ltr'>per</span> <span class='ocrx_word' id='word_1_394' title='bbox 811 2766 970 2807; x_wconf 79' lang='lat' dir='ltr'>Gomphos</span> <span class='ocrx_word' id='word_1_395' title='bbox 994 2766 1024 2796; x_wconf 88' lang='lat' dir='ltr'>in</span> <span class='ocrx_word' id='word_1_396' title='bbox 1049 2767 1120 2795; x_wconf 78' lang='lat' dir='ltr'>Ma-</span> <span class='ocrx_word' id='word_1_397' title='bbox 1166 2766 1204 2796; x_wconf 82' lang='lat' dir='ltr'>tis</span> <span class='ocrx_word' id='word_1_398' title='bbox 1232 2777 1309 2808; x_wconf 84' lang='lat' dir='ltr'>pene</span> <span class='ocrx_word' id='word_1_399' title='bbox 1341 2767 1371 2797; x_wconf 84' lang='lat' dir='ltr'>in</span> <span class='ocrx_word' id='word_1_400' title='bbox 1398 2772 1564 2808; x_wconf 87' lang='lat' dir='ltr'>conspectu</span> <span class='ocrx_word' id='word_1_401' title='bbox 1595 2766 1682 2797; x_wconf 84' lang='lat' dir='ltr'>foret.</span> <span class='ocrx_word' id='word_1_402' title='bbox 1728 2765 1847 2796; x_wconf 85' lang='lat' dir='ltr'>Mirum</span> 
     </span>
     <span class='ocr_line' id='line_1_47' title="bbox 442 2807 1849 2850; baseline 0.001 -13"><span class='ocrx_word' id='word_1_403' title='bbox 442 2808 601 2839; x_wconf 72' lang='lat' dir='ltr'>cetloniam</span> <span class='ocrx_word' id='word_1_404' title='bbox 633 2808 670 2839; x_wconf 80' lang='lat' dir='ltr'>ad</span> <span class='ocrx_word' id='word_1_405' title='bbox 708 2808 883 2850; x_wconf 83' lang='lat' dir='ltr'>Philippum</span> <span class='ocrx_word' id='word_1_406' title='bbox 923 2815 1120 2843; x_wconf 74' lang='lat' dir='ltr'>recurreram,</span> <span class='ocrx_word' id='word_1_407' title='bbox 1165 2815 1220 2843; x_wconf 72' lang='lat' dir='ltr'>cst.</span> <span class='ocrx_word' id='word_1_408' title='bbox 1248 2810 1405 2850; x_wconf 85' lang='lat' dir='ltr'>Sigonium</span> <span class='ocrx_word' id='word_1_409' title='bbox 1434 2809 1466 2840; x_wconf 89' lang='lat' dir='ltr'>in</span> <span class='ocrx_word' id='word_1_410' title='bbox 1492 2819 1523 2841; x_wconf 77' lang='lat' dir='ltr'>te</span> <span class='ocrx_word' id='word_1_411' title='bbox 1553 2815 1617 2840; x_wconf 88' lang='lat' dir='ltr'>tam</span> <span class='ocrx_word' id='word_1_412' title='bbox 1646 2809 1730 2840; x_wconf 78' lang='lat' dir='ltr'>clara</span> <span class='ocrx_word' id='word_1_413' title='bbox 1758 2807 1849 2839; x_wconf 74' lang='lat' dir='ltr'>haesi·</span> 
     </span>
     <span class='ocr_line' id='line_1_48' title="bbox 443 2851 1256 2892; baseline 0.004 -13"><span class='ocrx_word' id='word_1_414' title='bbox 443 2851 593 2890; x_wconf 83' lang='lat' dir='ltr'>potuerint</span> <span class='ocrx_word' id='word_1_415' title='bbox 618 2858 724 2889; x_wconf 74' lang='lat' dir='ltr'>postero</span> <span class='ocrx_word' id='word_1_416' title='bbox 752 2853 798 2881; x_wconf 75' lang='lat' dir='ltr'>dic</span> <span class='ocrx_word' id='word_1_417' title='bbox 827 2861 896 2881; x_wconf 88' lang='lat' dir='ltr'>cum</span> <span class='ocrx_word' id='word_1_418' title='bbox 922 2851 1124 2892; x_wconf 68' lang='lat' dir='ltr'>Amynandro</span> <span class='ocrx_word' id='word_1_419' title='bbox 1166 2857 1256 2883; x_wconf 80' lang='lat' dir='ltr'>tasse.</span> 
     </span>
     <span class='ocr_line' id='line_1_49' title="bbox 443 2893 1122 2932; baseline 0.001 -10"><span class='ocrx_word' id='word_1_420' title='bbox 443 2893 567 2932; x_wconf 75' lang='lat' dir='ltr'>pacisci.</span> <span class='ocrx_word' id='word_1_421' title='bbox 615 2894 717 2924; x_wconf 65' lang='lat' dir='ltr'>Nimia</span> <span class='ocrx_word' id='word_1_422' title='bbox 741 2900 786 2926; x_wconf 84' lang='lat' dir='ltr'>cst</span> <span class='ocrx_word' id='word_1_423' title='bbox 809 2893 942 2925; x_wconf 85' lang='lat' dir='ltr'>locorum</span> <span class='ocrx_word' id='word_1_424' title='bbox 966 2893 1122 2924; x_wconf 80' lang='lat' dir='ltr'>distantia.</span> 
     </span>
    </p>
   </div>
  </div>
 </body>
</html>
