1947 3222
192 251 285 282 U.C.
295 255 367 285 558.

193 293 218 323 A
248 295 282 325 C.
299 297 369 328 194.

192 863 232 894 U.
247 862 282 893 C.
297 862 370 893 559.

192 906 234 936 A.
246 905 283 935 C.
301 906 370 935 193.

191 949 229 979 L.
238 947 391 983 Cornelio,

406 137 478 171 180
925 134 1067 173 ΤΙΤΙ
1108 134 1285 172 LIVII

402 247 482 282 tum
501 246 612 290 esset,
633 241 1012 298 interpretantibus.
1044 249 1081 283 et
1102 245 1236 283 omnia
1257 243 1494 283 discrimina
1525 243 1645 291 talia,
1666 241 1805 296 quihus

402 299 564 339 ordines
578 298 908 348 discernerentur,
927 306 964 339 et
983 301 1216 347 concordiae,
1232 306 1269 340 et
1289 299 1322 324 9²
1334 299 1534 340 libertatis
1553 312 1664 352 aeque
1678 299 1806 338 minu·

402 356 517 395 endae
535 369 628 397 esse.
686 357 756 398 Ad
776 356 1127 409 quingentesimum
1154 357 1517 410 quinquagesimum
1538 361 1714 395 octavum
1734 368 1807 394 an-

403 426 494 452 num
523 413 566 452 in
590 413 815 465 promiscuo
842 419 1054 464 spectatum
1077 427 1168 452 esse.
1232 412 1344 461 Quid
1370 418 1531 465 repente
1543 411 1719 466 factum,
1741 425 1809 452 cur

403 469 606 509 inmisceri
624 469 702 509 sibi
722 469 764 508 in
783 482 903 508 cavea
922 469 1072 509 Patres
1095 470 1248 521 plebem
1269 471 1421 510 nollent
1437 472 1458 508 ,Ρ
1489 483 1559 509 cur
1579 469 1688 508 dives
1700 482 1809 520 pau-

395 539 534 579 perem
548 538 804 565 consessorem
809 525 1032 577 fastidiret
1045 528 1066 563 ?
1095 539 1233 566 novam
1247 532 1285 566 et
1298 526 1505 579 superbam
1521 525 1741 573 libidinem,
1760 524 1811 564 ab

404 583 553 622 nullius
572 588 668 621 ante
677 582 811 635 gentis
825 587 965 621 senatu
984 595 1108 635 neque
1129 583 1408 630 desideratam,
1426 596 1550 636 neque
1571 583 1807 622 institutam.

407 639 622 679 Postremo
656 638 795 692 ipsum
830 652 999 692 quoque
1035 638 1297 689 Africanum,
1328 639 1443 694 quod
1481 638 1624 679 consul
1664 646 1809 679 auctor

405 694 495 749 ejus
515 694 573 734 rei
571 693 755 773 93fuisset,
777 693 1019 749 poenituisse
1038 694 1193 736 ferunt.
1224 695 1326 757 adeo
1353 695 1455 736 nihil
1485 704 1645 736 motum
1666 710 1716 734 ex
1738 709 1808 734 an-

405 749 587 804 tiqu0,⁹
588 748 831 815 ³probabile
863 757 946 791 est:
979 750 1204 801 veteribus,
1231 750 1308 792 nisi
1338 766 1434 807 quae
1465 766 1566 792 usus
1596 750 1809 792 evidenter

406 805 560 861 arguit,
583 807 682 847 stari
702 806 875 848 malunt.

463 862 553 903 LV.
586 863 798 918 Principio
827 863 936 914 anni,
959 879 1044 919 quo
1065 864 1116 904 L.
1141 864 1372 914 Cornelius,
1397 865 1444 914 Q.
1468 864 1684 905 Minucius
1711 880 1808 905 con-

406 918 513 959 sules
539 919 727 969 fuerunt,
751 928 871 961 terrae
900 928 1038 961 motus
1067 921 1128 961 ita
1156 920 1288 962 crebri
1317 921 1637 969 nunciabantur,
1658 929 1707 962 ut
1726 936 1808 961 non

194 992 235 1027 Q.
251 990 391 1022 Minucio
404 975 462 1016 rei
490 983 656 1017 tantum
685 976 831 1031 ipsius,
854 976 925 1017 sed
953 977 1152 1017 feriarum
1183 992 1352 1033 quoque
1381 977 1435 1018 ob
1463 977 1509 1018 id
1542 977 1808 1027 indictarum,

193 1033 281 1063 Coss.

191 1075 218 1105 T
220 1085 293 1106 errae
307 1087 371 1106 mo-

193 1123 251 1149 tus.

192 1494 370 1526 Provincia-

193 1549 259 1569 rum
275 1537 392 1569 divisio.

193 1887 339 1928 Ligurum

193 1936 372 1972 conjuratio.

192 2114 372 2156 Adparatus

193 2157 351 2188 Romano-

193 2210 270 2230 rum.

404 1031 589 1073 homines
609 1032 793 1074 taederet.
825 1048 920 1073 nam
949 1048 1084 1088 neque
1109 1042 1274 1075 senatus
1303 1033 1461 1084 haberi,
1483 1049 1617 1089 neque
1637 1033 1811 1089 respub-

404 1088 483 1129 lica
511 1088 790 1130 administrari
819 1097 997 1144 pote1·,at
1020 1090 1286 1131 sacrificando
1315 1089 1606 1145 expiandoque
1635 1105 1810 1145 occupa-

406 1144 458 1186 tis
493 1145 743 1187 consulibus.
804 1146 1034 1195 Postremo,
1068 1146 1310 1187 decemviris
1349 1146 1463 1187 adire
1503 1146 1630 1187 libros
1663 1147 1809 1202 jussis,

405 1217 457 1242 ex
486 1216 683 1257 responso
712 1217 855 1242 eorum
891 1202 1137 1265 supplicatio
1170 1218 1244 1258 pe1
1279 1202 1466 1243 triduum
1501 1203 1596 1244 fuit.
1628 1203 1810 1245 coronati

405 1257 459 1298 ad
498 1258 634 1298 omnia
673 1258 908 1314 pulvinaria
942 1258 1303 1314 supplicaverunt:
1348 1258 1616 1314 edictumque
1650 1267 1726 1309 est,
1762 1267 1811 1300 ut

404 1329 559 1364 omnes,
581 1315 657 1377 qui
686 1329 736 1355 ex
759 1330 843 1355 una
871 1314 1027 1355 familia
1046 1323 1194 1365 essent,
1216 1315 1370 1370 pariter
1391 1315 1683 1378 supplicarent.
1709 1316 1810 1356 item

404 1386 455 1411 ex
477 1370 724 1412 auctoritate
755 1379 920 1412 senatus
949 1371 1135 1412 consules
1165 1371 1399 1421 edixerunt,
1421 1387 1472 1412 ne
1493 1387 1600 1427 qu1S,
1623 1387 1708 1427 quo
1728 1371 1811 1423 die,

404 1436 526 1468 terrae
565 1435 683 1469 motu
722 1428 933 1477 nunciato,
963 1427 1078 1468 feriae
1117 1428 1282 1469 indictae
1317 1436 1466 1478 essent,
1502 1444 1549 1468 eo
1584 1428 1651 1468 die
1684 1427 1811 1469 alium

405 1491 526 1524 terrae
554 1491 715 1524 motum
745 1484 972 1524 nunciaret.
1033 1483 1271 1525 Provincias
1292 1484 1442 1525 deinde
1462 1484 1649 1525 consules
1678 1483 1809 1540 prius,

405 1547 496 1580 tum
527 1548 726 1595 praetores
757 1539 902 1581 sortiti.
965 1540 1181 1581 Cornelius
1214 1540 1408 1590 Galliam,
1435 1541 1650 1581 Minucius
1681 1540 1815 1596 Ligu-

405 1611 470 1637 res
492 1596 626 1638 sortiti
648 1605 757 1637 sunt.
821 1597 867 1637 C.
893 1596 1130 1637 Scribonius
1160 1598 1377 1647 urbanam,
1400 1597 1460 1637 M.
1484 1596 1672 1637 Valerius
1695 1612 1812 1653 pere-

405 1653 582 1707 grinam,
620 1653 670 1693 L.
707 1653 923 1693 Cornelius
961 1653 1155 1703 Siciliam,
1194 1653 1242 1694 L.
1276 1654 1450 1695 Porcius
1482 1653 1727 1704 Sardiniam,
1761 1655 1808 1694 C.

405 1687 641 1750 Flaminius
681 1710 929 1765 Hispaniam
969 1709 1213 1761 citeriorem,
1256 1711 1318 1750 M.
1350 1710 1527 1750 Fulvius
1563 1709 1810 1766 Hispaniam

407 1765 657 1807 ulteriorem.

465 1823 582 1863 LVI.
616 1824 734 1864 Nihil
761 1823 860 1865 belli
881 1840 928 1865 eo
955 1839 1061 1865 anno
1081 1824 1416 1887 exspectantibus
1446 1824 1699 1874 consulibus,
1721 1824 1812 1865 lite-

407 1893 464 1919 rae
497 1879 560 1919 M.
586 1880 719 1921 Cincii
757 1880 999 1937 (praefectus
1032 1882 1093 1921 is¹¹
1124 1881 1230 1922 Pisis
1264 1884 1371 1935 erat)
1403 1881 1576 1922 adlatae:
1613 1881 1811 1934 Ligurum

407 1937 555 1989 viginti
575 1938 706 1977 millia
726 1944 984 1985 armatorum,
1005 1937 1281 1992 corjuratione
1296 1952 1376 1991 pe7
1395 1939 1525 1978 omnia
1546 1937 1812 1978 conciliabula

407 1993 603 2033 αηίυειειε
618 1995 898 2049 gentisfacta,
926 1995 1141 2035 Lunensem
1166 1996 1340 2047 primum
1370 2009 1510 2049 agrum
1540 1996 1812 2059 depopulatos,

407 2051 602 2090 Pisanum
624 2051 768 2091 deinde
784 2052 908 2105 finem
938 2058 1217 2106 transgressos,
1237 2066 1383 2093 omnem
1405 2066 1515 2092 oram
1545 2053 1669 2092 maris
1690 2066 1815 2104 pera-

402 2121 455 2161 gr
456 2121 554 2148 asse.
617 2108 769 2163 Itaque
792 2108 1006 2149 Minucius
1027 2108 1184 2159 consul,
1201 2108 1268 2149 cui
1289 2109 1469 2164 Ligures
1489 2107 1701 2163 provincia
1721 2123 1770 2148 ev
1772 2123 1812 2148 e-

407 2172 538 2213 nerat,
561 2179 612 2204 ex
642 2166 888 2206 auctoritate
915 2166 1090 2206 Patrum
1120 2165 1161 2205 in
1191 2166 1345 2206 Rostra
1346 2142 1570 2215 aasoendjt’
1592 2173 1633 2205 et
1663 2164 1810 2213 edixit,

416 2220 469 2260 Ut
485 2221 662 2275 legiones
681 2222 770 2261 duae
784 2222 963 2271 urbanae,
977 2236 1066 2276 quoe
1079 2223 1284 2275 superiore
1298 2236 1406 2261 anno
1421 2222 1656 2274 conscriptae
1670 2226 1808 2269 essent,

405 2284 491 2328 post
519 2279 622 2317 diem
643 2279 828 2319 decimum
850 2279 1018 2319 Arretii
1044 2280 1238 2320 adessent.
1270 2280 1313 2319 in
1344 2293 1478 2319 earum
1507 2279 1630 2318 Iocum
1649 2291 1690 2318 se
1709 2278 1810 2317 duas

405 2334 580 2388 legiones
600 2334 776 2376 urbanas
794 2337 1048 2389 scripturum.
1079 2336 1177 2377 item
1198 2335 1231 2360 ⁹⁴
1243 2335 1361 2377 sociis
1380 2343 1419 2376 et
1444 2333 1596 2375 Latino
1619 2333 1809 2383 nomini⁰‚

701 2410 716 2427 ¹¹
734 2409 756 2437 is
770 2407 831 2439 del.
849 2408 944 2439 Gron.
961 2408 1052 2439 Crev.
1137 2411 1153 2429 ⁰
1166 2408 1267 2438 Latini
1286 2408 1406 2437 nominis
1421 2406 1517 2437 Gron.

445 2480 687 2512 92⁴*Libermtis
736 2483 833 2523 teque]
893 2482 1085 2513 Adverbium
1129 2482 1258 2523 stringit.
1302 2482 1389 2512 Sociis
1411 2489 1438 2512 et
1466 2481 1571 2511 latino
1600 2483 1719 2517 nomini,
1747 2491 1808 2512 non

402 2533 484 2562 oeque
505 2533 611 2564 parum
627 2533 681 2554 aut
703 2525 906 2556 necessarium
922 2530 975 2556 aut
993 2526 1086 2556 etiam
1130 2525 1201 2574 ipsis
1230 2524 1416 2559 civitatibus,
1444 2524 1496 2554 sed
1524 2536 1587 2564 mag
1582 2526 1739 2554 istratilms
1769 2525 1809 2554 Ie-

403 2565 478 2595 utile
506 2571 563 2597 est.
608 2567 751 2598 libentei
774 2569 943 2607 legeremus
969 2570 1085 2598 liberta-
1127 2570 1258 2615 galislue
1286 2579 1306 2597 ει
1309 2579 1392 2601 rrum.
1418 2577 1476 2596 non
1508 2567 1654 2602 omnium,
1678 2566 1732 2597 sed
1758 2568 1809 2606 qui

403 2609 439 2637 tis
460 2619 552 2648 oeque,
568 2608 597 2638 id
624 2615 680 2643 est,
701 2620 770 2652 quae
791 2621 881 2652 aequa
906 2611 982 2641 inter
1005 2610 1087 2641 cives
1129 2621 1165 2641 ex
1188 2610 1225 2640 iis
1248 2611 1350 2640 nu'lites
1370 2611 1439 2639 dare
1462 2611 1607 2639 ‹I‹l›el›‹mt.
1652 2609 1807 2640 Nimirum

401 2660 508 2681 omnes
522 2661 587 2682 esse
602 2651 703 2682 debet.
1126 2659 1198 2683 tunc
1220 2663 1314 2693 quum
1338 2652 1514 2692 reipublic‘n
1538 2662 1614 2694 opus
1640 2662 1701 2682 non
1725 2657 1807 2682 esset

445 2694 485 2723 93
500 2694 517 2712 ³*
534 2694 559 2723 1’
562 2695 682 2725 robubile
706 2695 761 2736 est]
797 2694 898 2725 Facile
926 2695 1082 2736 probatur,
1127 2705 1247 2736 magnis
1273 2695 1468 2729 exercitibus,
1491 2705 1551 2725 non
1577 2695 1717 2725 omnibus
1743 2695 1805 2724 La-

402 2735 491 2766 facile
506 2736 618 2778 placet.
1125 2737 1180 2767 tini
1203 2737 1334 2767 nominis
1354 2738 1474 2778 populis
1495 2737 1733 2790 imperabantur
1746 2735 1804 2766 mi-

443 2779 483 2807 94
508 2781 594 2809 Sociis
616 2785 642 2809 et
670 2779 772 2809 Ῑαείιιο
795 2777 919 2821 nomini]
940 2779 1001 2810 llic
1024 2779 1081 2810 tria
1125 2780 1209 2811 lites:
1235 2780 1286 2810 sed
1303 2791 1350 2810 res
1365 2790 1395 2809 ιιι
1415 2781 1517 2811 orbem
1541 2781 1615 2810 ibat.
1660 2778 1806 2809 Similiter

400 2826 471 2850 sunt
493 2823 641 2857 membra,
659 2822 687 2852 in
703 2821 815 2862 quibus
835 2821 982 2863 posterius
1003 2832 1079 2852 sem-
1125 2823 1216 2864 plane
1247 2828 1394 2853 structam
1427 2823 1593 2854 ontionem
1627 2822 1723 2852 habes
1753 2831 1805 2851 su-

401 2873 453 2905 1cr
481 2864 641 2907 supe-notis
669 2874 790 2896 sensum
818 2864 952 2907 explicat
978 2871 1007 2896 ct
1035 2876 1080 2897 re-
1125 2875 1188 2907 pra,
1207 2865 1226 2895 1.
1245 2866 1366 2897 xxvl.
1383 2876 1408 2895 c.
1423 2867 1475 2897 33.
1499 2865 1601 2906 Hujus
1615 2863 1674 2895 loci
1689 2862 1804 2894 sanitas
