1947 3222
364 148 438 183 352
870 137 1033 182 ,ΤΙΤΙ
1079 142 1247 181 L1V11

156 259 194 291 U.
205 259 242 291 C.
256 259 330 290 563.
361 252 587 293 eulandum
617 251 764 302 missis,
789 251 894 292 duas
925 261 1052 294 tectas
1083 267 1206 293 naves
1235 261 1277 293 et
1308 263 1390 293 tres
1421 251 1576 292 lembos
1610 251 1769 293 adimit.

150 303 192 335 Α·
205 302 242 333 C·
259 303 329 334 189.
361 309 441 358 his,
457 309 558 350 alios
579 317 706 364 atque
726 308 828 350 alios
847 308 935 350 dies
955 317 1180 373 noctesque
1201 308 1520 359 transvehendo,
1541 309 1652 350 intra
1671 324 1773 364 pau-

361 380 430 406 cos
450 365 538 406 dies
561 380 701 406 omnes
730 366 869 421 copias
899 365 1073 420 trajecit.
1135 365 1267 406 Haud
1297 366 1357 406 ita
1385 365 1519 406 multo
1548 373 1642 421 post
1666 365 1772 406 Leo-

361 421 518 472 norius‚
557 422 786 485 adjuvante
827 421 1053 462 Nicomede
1094 421 1305 477 Bithyniae
1348 438 1460 478 rege,
1501 437 1525 462 a
1566 422 1773 478 Byzantio

361 478 601 520 transmisit.
663 480 826 520 Coeunt
848 477 1030 518 deinde
1019 492 1062 517 m
1089 493 1221 518 unum
1242 494 1386 520 rursus
1393 457 1535 528 DGalli,
1557 487 1597 519 et
1620 478 1776 519 auxilia

363 535 581 576 Nicomedi
621 535 737 585 dant,
778 535 978 575 adversus
1017 533 1050 558 ⁶⁰
1065 535 1311 590 Zyboetam'
1314 565 1326 584 ,
1362 544 1523 600 partem
1565 542 1772 576 tenentem

361 592 640 655 Bithyniae‚g
641 592 771 632 erenti
799 591 968 632 bellum.
1030 592 1176 646 Atque
1197 607 1340 632 e01um
1361 593 1539 633 maxime
1559 607 1686 647 opera
1705 591 1775 632 de-

360 648 496 690 victus
518 650 553 688 7
556 649 701 703 yboeta
724 655 800 697 est,
825 647 1110 703 Bithyniaque
1139 647 1271 688 omnis
1302 648 1344 689 in
1364 648 1563 689 ditionem
1585 649 1776 689 Nicome-

360 705 425 746 dis
445 705 655 746 concessit.
717 704 901 745 Profecti
931 720 982 745 ex
1005 704 1241 767 Bithynia
1230 719 1274 745 ln
1297 705 1441 745 Aslam
1470 714 1770 760 processerunt.

360 777 442 803 non
465 762 561 818 plus
581 777 632 802 ex
653 760 803 817 viginti
832 761 1017 802 millibus
1046 760 1277 812 hominum,
1300 777 1425 817 quam
1448 761 1588 802 decem
1615 770 1776 803 armata

360 828 489 860 erant.
513 826 650 859 tamen
671 827 836 859 tantum
854 819 1023 859 terroris
1043 817 1249 868 omnibus,
1265 834 1360 874 quae
1376 819 1434 859 cis
1452 819 1673 859 Taurum
1664 834 1774 860 mco-

360 875 468 925 lunt,
485 876 681 931 gentibus
701 875 949 931 injecerunt,
967 884 1029 925 ut,
1047 890 1152 931 quas
1173 875 1370 925 adissent,
1392 891 1581 931 quasque
1601 890 1684 916 non
1704 876 1774 916 ad-

360 931 501 982 issent,
523 933 679 988 pariter
701 931 860 973 ultimae
881 932 1142 988 propinqms,
1164 932 1338 988 imperio
1358 940 1565 988 parerent.
1612 933 1777 973 Postre-

360 1003 443 1038 mo,
461 1004 595 1044 quum
611 997 695 1030 tres
712 998 846 1030 essent
862 998 1025 1052 gentes,
1045 990 1085 1029 Τ
1088 989 1310 1039 ohstoLou,
1330 989 1515 1039 Trocmi,
1535 989 1774 1045 Tectosagi,

359 1045 403 1086 in
425 1053 508 1086 ties
528 1054 682 1102 partes,
700 1061 786 1101 qua
805 1046 959 1101 cuique
979 1046 1231 1102 populorum
1251 1062 1422 1087 suorum
1438 1046 1652 1101 vectigalis
1673 1046 1777 1087 Asia

360 1110 480 1151 esset,
503 1102 585 1143 du
577 1118 655 1143 lsei
659 1112 747 1144 unt
781 1102 971 1144 Trocmis
990 1103 1253 1159 Hellesponti
1274 1119 1346 1144 ora
1366 1103 1488 1144 data·
1479 1135 1489 1151 ,
1525 1103 1775 1144 'lolistoboii

362 1158 534 1200 AEolida
562 1167 690 1215 atque
720 1160 896 1210 Ioniam,
921 1161 1144 1215 Tectosagi
1174 1160 1475 1201 meditelranea
1496 1159 1611 1200 Asiae
1642 1159 1774 1201 sortiti

360 1224 469 1256 sunt.
492 1224 533 1257 et
555 1216 809 1279 stipendium
832 1224 921 1257 tota
941 1217 998 1257 cis
1022 1218 1213 1257 Taurum
1232 1217 1335 1257 Asia
1356 1217 1590 1271 exigebant.
1625 1216 1773 1257 Sedem

146 1277 257 1326 Sedem
272 1287 324 1326 pa·
360 1280 501 1313 autem
522 1273 601 1328 ipsi
624 1273 701 1314 sibi
724 1288 831 1313 elrca
854 1273 998 1329 Halyn
1026 1273 1180 1314 flumen
1203 1282 1414 1329 ceperunt.
1446 1282 1674 1329 tantusque
1695 1282 1776 1315 ter-

148 1327 333 1394 piiglntncuca
361 1345 429 1370 ror
465 1344 608 1370 eorum
639 1329 816 1370 nominis
852 1338 954 1380 erat,
986 1329 1257 1371 multitudine
1292 1330 1416 1372 etiam
1451 1345 1602 1385 magna
1637 1330 1775 1371 sobole

214 1375 232 1405 y
259 1386 267 1394 '
361 1394 498 1436 aucta,
531 1395 578 1427 ut
621 1387 753 1442 Syriae
783 1402 953 1442 quoque
983 1387 1036 1427 ad
1077 1395 1333 1443 postremum
1368 1403 1485 1442 reges
1521 1387 1771 1442 stipendium

361 1443 460 1484 dare
498 1458 581 1484 non
620 1444 862 1484 abnuerent.
925 1444 1110 1485 Primus>
1131 1444 1272 1485 Asiam
1320 1444 1587 1485 incolentium
1629 1443 1775 1484 abnuit

148 1506 322 1538 Vincuntur
362 1500 552 1550 AttaluS,
583 1509 702 1556 patei
737 1501 846 1556 regis
881 1500 1104 1542 Eumenis:
1147 1501 1379 1557 audacique
1414 1501 1593 1556 incepto,
1624 1515 1685 1556 pr
1677 1509 1777 1541 eter

148 1550 189 1580 ab
204 1549 322 1581 Attalo
362 1557 548 1598 omnium
579 1558 828 1613 opinion-em,
851 1557 988 1599 adfuit
1019 1557 1203 1607 fortuna,
1226 1566 1267 1599 et
1298 1559 1425 1613 signis
1455 1557 1627 1598 conlatis
1658 1573 1777 1614 supe-

361 1614 445 1655 rior
465 1613 560 1655 fuit.
591 1629 673 1655 non
704 1623 841 1655 tamen
872 1614 931 1655 ita
961 1615 1130 1671 infregit
1161 1616 1318 1656 animos
1349 1630 1506 1664 eorum,
1529 1622 1577 1655 ut
1608 1614 1776 1655 absiste-

361 1679 454 1712 rent
484 1672 672 1727 imperio.
732 1671 904 1712 Eaedem
928 1687 1026 1727 opes
1047 1688 1182 1728 usque
1203 1672 1257 1713 ad
1280 1672 1435 1713 bellum
1459 1671 1658 1712 Antiochi
1681 1686 1776 1712 cum

363 1728 564 1768 Romanis
590 1739 841 1769 manserunt
874 1737 964 1770 tum
985 1744 1097 1785 quoq
1106 1745 1169 1778 ue,
1193 1729 1314 1785 pulso
1336 1729 1561 1776 Antiocho,
1583 1743 1774 1783 magnam

363 1799 476 1840 spem
512 1785 765 1835 habuerunt,
800 1785 900 1840 quia
940 1785 1086 1842 procul
1121 1801 1224 1826 mari
1260 1785 1499 1834 incolerent,
1538 1786 1774 1825 Romanum

361 1841 592 1883 exercitum
613 1842 666 1882 ad
688 1858 729 1882 se
750 1857 832 1882 non
854 1850 1165 1897 perventurum.

420 1898 576 1939 XVII.
612 1900 719 1939 Cum
754 1899 833 1939 hoc
872 1899 1004 1948 hoste,
1037 1907 1120 1940 tam
1157 1899 1332 1941 terribili
1367 1899 1560 1939 omnibus
1597 1898 1777 1954 regionis

362 1956 467 2010 ejuS,
509 1955 608 2011 quia
657 1955 815 1996 bellum
862 1955 1091 2011 gerendum
1133 1965 1235 2006 erat,
1277 1972 1354 2012 pro
1393 1957 1586 1997 concione
1625 1955 1776 1996 milites

150 2016 289 2071 Manlius
327 2059 332 2064 ⁴
362 2012 393 2036 ⁶¹
407 2013 586 2054 maxime
616 2012 657 2053 in
687 2013 799 2053 hunc
830 2012 1000 2053 modum
1036 2012 1255 2055 adlocutus
1286 2022 1346 2054 est
1377 2013 1547 2054 consul:
1590 2012 1686 2052 Non
1716 2027 1776 2052 me

148 2060 558 2134 ἓξῖζῇξῑἿυ-ατενὶί,
583 2071 741 2119 milites,
764 2071 948 2117 onmium,
972 2085 1060 2124 quae
1082 2070 1222 2111 Asiam
1252 2072 1399 2119 colunt,
1428 2071 1609 2124 gentium
1634 2069 1780 2110 Gallos

148 2151 207 2177 tur.
346 2128 473 2182 sama
494 2127 591 2168 belli
614 2134 826 2180 praestare.
885 2128 1002 2168 Inter
1021 2129 1267 2169 mitissimum
1292 2142 1419 2182 genus
1438 2128 1779 2180 lzominumserooe

363 2186 493 2233 natio,
510 2192 739 2239 pervagata
757 2185 858 2225 bello
872 2199 1001 2238 prope
1021 2186 1149 2225 orbem
1171 2192 1386 2234 terrarum,
1401 2186 1527 2226 sedem
1547 2185 1663 2237 cepit.
1679 2198 1777 2237 pro-

363 2256 455 2282 cera
472 2256 658 2294 corpora,
674 2244 886 2295 promissa»
901 2249 939 2282 et
959 2245 1138 2283 rutilatoe
1153 2257 1283 2291 comce,
1301 2248 1415 2283 vasta
1431 2249 1556 2292 scuta,
1573 2242 1779 2294 praelongi

358 2300 498 2353 gladii
505 2317 516 2338 .·
551 2301 607 2338 acl
624 2300 697 2338 lzoc
717 2307 858 2339 cantus
880 2301 1124 2340 ineuntiumk
1149 2302 1353 2354 praelium,
1377 2306 1414 2340 et
1433 2301 1622 2347 ululatus,
1645 2305 1682 2338 et
1702 2299 1778 2337 tri.

357 2358 506 2409 predia,
528 2363 566 2396 et
586 2358 849 2410 quatientium
870 2364 980 2398 scuta
1003 2359 1046 2398 in
1072 2359 1253 2410 patrium
1276 2358 1478 2411 quemdam
1500 2355 1665 2396 modum·
1686 2355 1776 2394 7107·-

363 2415 510 2454 rena'us
526 2428 724 2454 armorum
738 2415 933 2467 crepitus:
957 2416 1095 2455 omnia
1111 2417 1160 2455 de
1181 2417 1382 2455 industria
1399 2415 1610 2466 composita
1629 2413 1685 2451 ad
1699 2418 1777 2451 ter-

363 2485 502 2511 rorem.
564 2472 643 2512 Sed
660 2472 756 2520 ltcz’c,
779 2472 918 2525 quibus
940 2473 1105 2513 insolita
1123 2479 1242 2527 alque
1263 2473 1419 2512 insueta
1439 2477 1542 2519 sunt,
1570 2470 1718 2520 Gravi,
1741 2476 1779 2509 et

509 2575 666 2620 iZyboeam
684 2581 781 2611 Gron.
797 2580 888 2611 Crev.
976 2580 994 2604 k
1009 2581 1206 2612 inchoantium
1222 2579 1311 2610 Eaed.
1398 2577 1405 2601 ¹
1423 2589 1526 2609 morem
1542 2578 1630 2609 Emd.

409 2680 450 2709 60
477 2679 625 2720 Zylnrmn]
662 2679 691 2710 Χ
694 2679 721 2709 el
756 2679 857 2720 potius
892 2681 1049 2720 ΖυΙιιιΜιιιι
1093 2679 1267 2720 conjectura
1282 2683 1337 2709 est.

365 2721 518 2763 quomodo
551 2722 739 2753 meinbranae
770 2723 968 2762 moguntina:
995 2722 1049 2753 lia-1
1135 2722 1343 2752 61⁴·Ma.11·me
1365 2723 1394 2751 in
1415 2721 1493 2751 hunc
1507 2722 1638 2763 modum]
1663 2721 1713 2752 Sic
1730 2721 1774 2751 in-

366 2766 450 2801 bent,
488 2770 564 2795 teste
602 2764 772 2796 Gronovio:
817 2764 868 2805 qui
908 2765 1049 2795 obse-:rut
1095 2765 1139 2794 fra
1163 2765 1358 2795 xxxixa.
1385 2765 1434 2793 twc
1457 2767 1576 2795 maxime
1603 2766 1691 2794 modo.
1740 2765 1775 2793 ln

364 2818 434 2838 eum
469 2819 569 2848 regem
603 2819 620 2839 a
655 2809 823 2838 Memnone
854 2808 1000 2841 Ζιτοίτην,
1031 2819 1049 2837 a
1094 2807 1152 2838 liae
1189 2807 1343 2838 locutione
1380 2809 1500 2838 mar-ime
1539 2807 1618 2839 idem
1657 2813 1702 2837 aas!
1741 2817 1775 2837 ac

370 2850 504 2881 Diodoro
532 2851 653 2883 Ἰιξύτην
676 2851 838 2893 appellari:
865 2853 964 2881 *euin
990 2851 1048 2880 fra·
1084 2850 1162 2891 siv-e.

369 2899 443 2923 trem
485 2893 661 2924 Nicomedis
699 2894 788 2924 suis-se
824 2904 882 2924 non
918 2893 1047 2923 absurda
