1947 3222
489 151 611 189 LIB.
640 149 837 186 XXXIX.
881 150 1015 189 CAP.
1045 150 1183 188 XXII.
1464 155 1536 194 417

123 259 200 315 qui
221 259 273 301 ad
297 260 433 301 Lunae
454 266 622 316 portum
645 259 692 299 C.
712 256 988 314 Calpurnium
1020 267 1240 314 praetorem
1270 275 1538 316 consequere·
1551 271 1588 302 U.
1604 269 1640 301 C.
1654 270 1727 301 566.

125 325 224 363 tur;
259 316 569 371 nunciaretque,
592 322 780 355 senatum
811 329 982 370 aequum
1013 329 1191 363 censere,
1214 330 1264 356 ne
1295 318 1380 358 sine
1410 314 1639 373 impe-AC·
1659 314 1729 343 ¹⁸⁶·

126 373 188 413 rio
224 373 434 429 provincia
470 381 589 418 esset,
612 380 821 412 maturare
851 386 944 412 eum
983 371 1200 427 proficisci.
1263 373 1422 422 Quarto
1455 373 1536 422 die,
1734 382 1736 386 ’

126 429 202 484 qui
232 430 379 471 missus
408 441 510 477 erat,
535 428 701 469 Lunam
732 428 857 469 venit.
889 428 1033 484 paucis
1062 436 1158 469 ante
1187 427 1335 469 diebus
1363 430 1539 485 Calpur-

125 486 219 527 nius
249 487 461 542 profectus
490 493 591 526 erat.
652 486 711 526 Et
742 484 784 526 in
819 485 1008 526 citeriore
1039 484 1246 540 Hispania
1276 485 1326 525 L.
1353 486 1540 527 Manlius

126 543 346 593 Acidinus,
373 541 447 598 qui
477 541 622 582 eodem
653 551 854 595 tempore,
886 557 971 597 quo
1004 543 1050 582 C.
1074 541 1262 592 Atinius,
1294 543 1338 582 in
1372 543 1540 598 provin-

123 599 229 640 ciam
267 600 386 649 ierat,
422 614 517 640 cum
556 598 776 640 Celtiberis
815 599 902 639 acie
936 598 1134 639 conflixit.
1175 598 1333 641 incerta
1366 598 1540 640 victoria

123 655 347 696 discessum
368 664 445 704 est,
468 655 546 696 nisi
567 655 683 711 quod
706 655 906 697 Celtiberi
926 664 1062 697 castra
1082 655 1178 697 inde
1208 664 1329 697 nocte
1349 655 1542 712 proxima

123 720 366 753 moverunt:
412 713 612 753 Romanis
647 720 689 753 et
725 727 821 753 suos
857 712 1097 769 sepeliendi,
1129 721 1169 754 et
1211 712 1342 769 spolia
1375 712 1540 768 legendi

122 783 175 809 ex
221 768 413 810 hostibus
452 777 637 825 potestas
681 769 793 810 facta
831 778 905 811 est.
968 770 1130 810 Paucos
1176 779 1271 825 post
1311 770 1415 820 dies,
1456 784 1541 810 ma-

115 825 209 881 jore
249 834 392 867 coacto
431 826 616 867 exercitu
627 832 657 877 ¹¹,
700 825 899 867 Celtiberi
940 826 995 867 ad
1032 825 1295 882 Calagurrim
1334 826 1540 883 oppidum

125 881 238 923 ultro
267 882 561 925 lacessiverunt
596 882 745 938 proelio
776 883 1000 924 Romanos.
1062 883 1180 924 Nihil
1212 884 1410 934 traditur,
1441 899 1538 939 quae

123 953 269 981 caussa
287 955 461 981 numero
481 948 605 981 aucto
634 940 879 981 infirmiores
899 955 968 981 eos
988 939 1144 982 fecerit.
1177 941 1361 997 superati
1392 940 1540 996 proelio

122 1003 232 1037 sunt.
264 996 318 1038 ad
349 996 569 1038 duodecim
598 996 730 1037 millia
758 997 973 1038 hominum
1004 1012 1124 1047 caesa,
1149 997 1246 1053 plus
1275 998 1362 1039 duo
1391 1007 1537 1053 capta:

120 1061 163 1094 et
195 1053 339 1095 castris
374 1052 587 1095 Romanus
616 1054 789 1110 potitus·
821 1063 878 1103 et,
900 1054 979 1094 nisi
1009 1069 1220 1095 successor
1249 1054 1434 1096 adventu
1465 1069 1541 1095 suo

121 1109 370 1152 inhibuisset
391 1111 581 1166 inpetum
604 1111 786 1160 victoris,
808 1110 970 1151 subacti
993 1110 1193 1151 Celtiberi
1218 1111 1368 1152 forent.
1429 1111 1540 1151 Novi

122 1175 325 1223 praetores
345 1168 468 1208 ambo
488 1167 695 1208 exercitus
715 1167 757 1207 in
777 1167 951 1208 hiberna
971 1166 1252 1209 deduxerunt.

181 1224 345 1265 XXII.
382 1224 461 1265 Per
493 1239 561 1264 eos
591 1223 693 1274 dies,
716 1224 873 1279 quibus
902 1224 993 1265 haec
1023 1239 1075 1264 ex
1107 1224 1315 1281 Hispania
1342 1224 1541 1266 nunciata

121 1289 235 1332 sunt,
276 1279 309 1304 ³⁰
322 1280 411 1321 ludi
449 1280 623 1321 Taurii*
658 1296 733 1336 per
771 1280 950 1322 biduum
991 1280 1092 1322 facti
1131 1281 1343 1337 religionis
1382 1297 1539 1323 caussa.

121 1338 174 1391 (81
187 1352 262 1394 per
291 1337 416 1393 diesy)
448 1337 592 1378 decem
618 1336 652 1361 ⁸²
664 1338 887 1394 adparatos
916 1337 1068 1379 deinde
1103 1337 1225 1379 ludos
1257 1338 1321 1380 M.
1345 1338 1540 1388 Fulvius,

119 1410 228 1451 quos
269 1403 438 1436 voverat
476 1393 662 1435 Hitolico
701 1394 825 1444 bello,
866 1394 977 1436 fecit.
1052 1395 1182 1436 Multi
1224 1394 1258 1419 ⁸3
1271 1395 1449 1437 artifices
1487 1412 1540 1437 ex

125 1451 291 1493 Graecia
311 1457 532 1492 veneruntz
559 1450 727 1492 honoris
747 1451 837 1507 ejus
858 1467 1013 1492 caussa.
1076 1452 1350 1494 Athletarum
1371 1468 1543 1509 quoque

123 1517 332 1549 certamen
368 1516 459 1548 tum
495 1508 631 1564 primo
662 1509 863 1549 Romanis
899 1508 1136 1564 spectaculo
1170 1509 1268 1560 fuit,
1300 1518 1341 1551 et
1376 1511 1543 1551 venatio

121 1565 223 1606 data
252 1564 418 1605 leonum
443 1573 484 1607 et
514 1565 838 1621 pantherarum;
874 1577 915 1606 et
946 1580 1076 1622 prope
1108 1565 1236 1622 hujus
1267 1566 1394 1607 seculi
1424 1567 1544 1623 copia

121 1637 171 1662 ac
199 1621 399 1662 varietate
429 1621 638 1662 ludicrum
669 1621 923 1663 celebratum
953 1631 1026 1663 est.
1090 1623 1362 1664 Novemdiale
1392 1623 1543 1664 deinde

124 1694 288 1720 sacrum
310 1679 461 1728 tenuit,
484 1678 600 1734 quod
630 1679 671 1719 in
696 1678 849 1719 Piceno
878 1693 952 1734 per
974 1679 1163 1720 triduum
1185 1680 1397 1736 lapidibus
1427 1680 1544 1736 plue-

122 1743 203 1785 rat,
239 1734 438 1791 ignesque
475 1735 660 1777 coelestes
695 1735 967 1777 multifariam
1003 1736 1084 1778 orti
1120 1737 1326 1778 adussisse
1359 1737 1545 1793 complu-

123 1791 232 1833 rium
254 1791 334 1832 levi
354 1791 512 1834 adflatu
533 1792 779 1834 vestimenta
799 1793 978 1833 maxime
995 1793 1255 1834 dicebantur.
1315 1794 1481 1835 Addita
1501 1803 1542 1835 et

123 1863 254 1889 unum
293 1848 403 1889 diem
444 1848 695 1906 supplicatio
735 1857 796 1890 est
832 1865 884 1890 ex
924 1849 1091 1891 decreto
1130 1850 1391 1906 pontificum,
1428 1851 1545 1906 quod

121 1905 233 1947 aedes
255 1906 359 1962 Opis
380 1905 422 1946 in
445 1905 655 1962 Capitolio
676 1906 728 1947 de
749 1906 853 1946 coelo
875 1914 988 1948 tacta
1007 1915 1108 1948 erat.
1139 1907 1285 1949 hostiis
1315 1908 1546 1964 majoribus

121 1962 310 2003 consules
330 1971 623 2018 procurarunt,
644 1962 677 1985 ⁸⁴
692 1963 923 2018 urbemque
954 1963 1251 2005 lustraverunt.
1315 1965 1403 2006 Sub
1434 1964 1543 2005 idem

122 2027 289 2075 tempus
310 2028 351 2060 et
377 2035 427 2059 ex
451 2019 632 2060 Umbria
660 2019 904 2060 nunciatum
935 2028 1011 2070 est,
1034 2020 1289 2061 semimarem
1321 2021 1543 2062 duodecim

122 2075 252 2117 ferme
281 2090 409 2116 annos
439 2084 585 2117 natum
621 2075 849 2117 inventum.
886 2076 931 2117 id
965 2076 1206 2132 prodigium
1243 2077 1543 2125 abominantes,

122 2131 251 2173 arceri
297 2133 488 2173 Romano
538 2147 639 2188 agro
687 2132 909 2188 necarique
955 2134 1268 2189 quamprimum
1312 2135 1542 2190 jusserunt.

163 2223 179 2240 ¹¹
193 2226 287 2251 coacto
303 2222 409 2259 majore
424 2221 552 2250 emmim
568 2221 666 2251 Gron.
684 2220 775 2251 Crev.
869 2224 887 2241 Χ
906 2221 1041 2251 Taurilia
1058 2222 1146 2253 Eaed.
1243 2226 1260 2250 Y
1273 2234 1326 2262 per
1341 2224 1400 2253 dies
1413 2223 1543 2254 sublatis

122 2263 256 2298 uncinis,
272 2263 357 2294 velut
372 2263 411 2293 ab
428 2263 644 2294 emendatione
659 2263 719 2294 illae
736 2273 826 2294 voces
841 2274 902 2295 non
918 2264 1085 2294 venissent.
1107 2264 1197 2295 Eaed.
1243 2270 1261 2286 Ζ
1274 2272 1409 2296 venerant
1423 2267 1510 2296 Eaed.

167 2344 207 2373 ΒΟ
230 2343 311 2373 Ludi
341 2343 492 2384 Taurilia]
529 2343 571 2372 Hi
600 2342 676 2378 ludi,
704 2343 756 2384 qui
782 2349 812 2373 et

126 2385 232 2415 Taurii
256 2385 409 2422 dicuntur,
434 2385 588 2428 quomodo
614 2385 665 2415 hic
691 2396 813 2426 quoque

127 2428 269 2459 Andreas
291 2429 395 2464 habet,
411 2434 441 2459 et
455 2429 516 2459 duo
531 2439 547 2459 e
564 2429 658 2458 MSS.
672 2428 811 2464 Hearnii,

125 2473 255 2500 instituti
279 2477 487 2502 memorantur
516 2482 534 2502 a
561 2472 651 2501 Festo
680 2473 735 2501 diis
760 2471 812 2500 In-

115 2513 196 2555 feris
224 2524 255 2543 ez*
287 2515 339 2544 hac
367 2525 466 2545 causa.
513 2515 672 2554 Tarquinio
701 2514 809 2552 Super-

123 2558 155 2585 bo
195 2563 346 2597 regnante,
383 2569 473 2598 quum
517 2569 624 2598 magna
665 2558 810 2587 incidisset

120 2599 285 2638 pestilentia
313 2601 345 2629 in
373 2601 506 2631 mulieres
530 2601 680 2641 gravidas,
708 2611 810 2630 eurum

113 2642 210 2683 foetus
242 2641 345 2682 infecti
376 2649 445 2673 sunt
478 2654 510 2673 ex
540 2654 628 2673 ιάνιέ
659 2644 810 2673 direndiia

119 2685 227 2724 populo
277 2691 429 2714 murm-um
478 2687 699 2716 immolatorum.
768 2686 810 2715 ΟΙ)

123 2728 174 2757 hoc
201 2728 264 2757 ludi
290 2728 399 2757 Taurii
419 2729 557 2766 appellati
581 2735 659 2763 sunt,
679 2735 706 2759 et
721 2729 808 2768 fiunt

121 2772 155 2800 in
181 2769 265 2799 Circo
290 2769 446 2805 Flaminio,
466 2780 501 2800 ne
526 2772 605 2801 intra
628 2782 723 2801 muros
744 2782 805 2801 evo*-

125 2819 230 2843 centzm·
249 2813 292 2842 dii
309 2812 418 2849 Inferi.
461 2811 559 2842 Addit
581 2819 684 2844 autem
701 2813 807 2844 Livius

124 2856 272 2896 religionis
300 2865 399 2889 causa,
429 2859 463 2884 ut
492 2854 661 2895 distinguat
698 2856 806 2886 horum

124 2897 267 2928 ludorum
299 2897 456 2928 solennem
484 2903 656 2938 statumque
686 2898 806 2938 religio-

183 2954 277 2981 voL.
304 2954 372 2980 111.

856 2353 926 2373 nem
951 2353 969 2374 a
995 2343 1077 2373 ludis
1100 2343 1210 2374 votivis
1225 2345 1274 2375 M.
1289 2343 1402 2380 Fulvii,
1418 2345 1457 2375 de
1476 2345 1545 2386 qui-

855 2386 914 2416 bus
930 2396 1000 2416 mox
1024 2386 1160 2417 dicturus
1178 2393 1224 2417 est
1240 2399 1247 2424 3
1271 2387 1323 2427 qui
1340 2387 1464 2428 quidem
1487 2389 1544 2418 etsi

857 2429 1011 2469 religionis
1026 2440 1149 2471 quoque
1174 2429 1307 2465 nomine,
1322 2436 1426 2460 tamen
1447 2431 1545 2461 inulto

856 2471 956 2512 magis
988 2482 1111 2514 pompae
1141 2478 1172 2503 et
1207 2473 1419 2504 oblectationis
1449 2483 1544 2505 causa

854 2513 1039 2544 edebantur.

898 2558 935 2587 81
962 2558 1021 2587 Per
1043 2559 1103 2587 dies
1124 2558 1237 2598 decem]
1258 2557 1384 2599 Adjecit
1400 2558 1544 2599 Sigonius

854 2599 896 2629 τὰ
909 2611 959 2638 ρετ·
974 2601 1034 2630 dies
1048 2609 1085 2630 ex
1099 2600 1253 2641 probabili
1267 2601 1455 2642 conjectura.

896 2644 936 2673 82
959 2644 1121 2682 Apparatus
1139 2665 1147 2674 .
1163 2665 1171 2673 .
1193 2644 1289 2685 ludos]
1316 2644 1421 2674 Ludos
1444 2653 1540 2683 appa-

853 2690 918 2715 rate
950 2685 1175 2726 magnificeque
1201 2685 1308 2722 factos,
1340 2693 1374 2716 ut
1405 2685 1539 2725 loquitur

853 2728 969 2763 Livius,
987 2728 1008 2758 l.
1023 2728 1145 2758 XXXI.
1161 2738 1188 2758 c.
1203 2731 1233 2758 4.

894 2772 933 2801 83
958 2772 1107 2812 Artifices]
1142 2771 1217 2802 Vid.
1244 2777 1305 2801 not.
1331 2772 1362 2800 2.
1386 2770 1425 2800 ad
1449 2770 1472 2800 l.
1496 2771 1539 2801 V.

851 2824 878 2844 e.
897 2815 924 2844 1.
941 2824 1044 2855 supra.

894 2857 934 2886 84
962 2857 1121 2895 Urbemque
1145 2855 1359 2895 lusum-eram]
1385 2853 1459 2885 Vid.
1474 2860 1542 2887 not.

852 2897 927 2928 adl.
943 2899 1050 2929 XLII.
1066 2908 1094 2928 c.
1110 2899 1161 2927 20.
1176 2896 1263 2927 infra.

936 2954 1005 2980 Ee
