1947 3222
528 132 649 169 LIB.
679 130 915 168 XXXVIII.
955 132 1031 167 (ΞΛ
1049 132 1087 176 I'.
1120 131 1249 168 XVII.
1528 139 1601 172 :353

176 240 375 295 Phryges,
399 247 436 280 et
461 241 585 282 Cares
606 240 789 280 timeant:
811 237 1062 289 ⁶²Romanis,
1084 239 1232 279 Gallici
1254 241 1439 283 tumultus
1460 244 1598 283 adsue·
1614 245 1655 278 U·
1669 246 1790 281 (2562.

173 298 237 346 tis,
251 292 369 338 etiam
387 297 586 338 vanitates
599 303 706 337 ποίεε
719 302 826 337 sunt.
870 296 1000 337 Semel
1007 295 1136 348 primo
1150 309 1362 350 congressu
1374 300 1430 340 ad
1445 299 1598 342 Alliam
1612 289 1652 320 A.
1667 291 1702 321 Ο·
1718 292 1790 326 189.

170 354 263 394 olim
275 354 472 406 juderunt
490 353 662 408 majores
682 360 850 395 nostros:
881 369 932 395 επ
952 369 996 394 eo
1018 359 1193 406 tempore
1217 367 1287 406 per
1306 356 1492 397 ducentos
1499 356 1595 411 jam

169 425 292 452 annos
308 426 489 464 pecorum
501 412 542 451 in
558 412 719 452 modurn
735 418 1001 452 consternatas
1016 413 1168 452 caedunt
1173 409 1409 465 fugantque
1414 429 1431 460 ,·
1453 421 1489 455 et
1502 415 1593 467 plu-

168 483 233 509 res
249 483 373 521 prope
393 470 442 508 de
466 469 597 508 Gallis
619 469 821 522 triumphi,
844 483 965 523 quam
987 470 1036 510 de
1066 475 1147 509 toto
1167 470 1260 508 orbe
1281 476 1489 520 terrarum,
1513 474 1593 513 acti

165 533 269 566 sunt.
327 527 425 566 Jam
456 539 529 565 usu
563 526 636 566 hoc
664 527 866 582 cognitam
899 533 969 575 est,
999 527 1033 566 si
1060 527 1230 579 primum
1260 526 1446 578 inpetum,
1477 543 1590 582 quem

156 581 319 634 fervido
339 583 498 637 ingenio
520 590 556 623 et
577 598 681 624 coeca
707 586 769 626 ira
799 582 1021 639 effundunt,
1042 583 1283 633 sustinueris,
1293 585 1429 639 fluunt
1448 587 1590 626 sudore

166 646 206 679 et
237 639 470 680 lassitudine
500 642 687 690 membra,
721 641 861 682 labant
896 655 1032 682 arma:
1063 640 1202 682 mollia
1224 655 1404 693 corpora,
1438 643 1586 692 molles,

166 697 230 737 ubi
258 698 322 737 ira
351 699 538 747 consedit,
569 699 722 739 animos
750 699 822 748 sol,
840 700 986 751 pulvis,
1007 699 1107 747 sitis,
1128 697 1208 738 ⁶³ut
1228 697 1387 750 ferrum
1408 714 1484 740 non
1515 702 1589 741 ad-

158 768 333 805 moveas,
354 761 619 805 prosternunt.
681 757 774 798 Non
798 757 1013 812 legionibus
1031 757 1203 811 legiones
1223 771 1353 797 eorum
1370 757 1495 797 solum
1518 773 1585 798 ex-

158 812 265 863 perti
285 826 434 859 sumus,
455 814 524 853 sed
543 814 602 854 vir
631 829 728 854 unus
757 829 844 855 cum
874 815 959 855 viro
986 814 1288 869 congrediendo,
1319 815 1364 854 T.
1391 815 1584 865 Manlius,

161 870 228 910 sps.
257 869 451 918 Valerius,
473 877 665 924 qzcantum
699 872 899 912 Gallicam
928 872 1075 912 rabiem
1106 872 1274 912 vinceret
1296 871 1487 912 Romana
1506 872 1588 913 vir-

162 933 236 974 tus,
260 928 483 968 docuerunt.
543 929 642 969 Jam
667 929 732 970 Μ.
755 929 940 970 Manlius
967 943 1068 969 unus
1097 929 1259 982 agmine
1286 931 1517 970 scandentes
1544 930 1585 971 ‘in

166 984 404 1036 Capitolium
439 985 582 1026 Gallos
611 987 795 1028 detrusit.
873 988 931 1027 Et
964 987 1041 1027 illis
1070 984 1283 1040 majoribus
1316 988 1462 1027 nostris
1498 1002 1586 1027 cum

163 1041 270 1082 haud
291 1042 419 1081 dubiis
443 1043 573 1083 Gallis
592 1043 632 1084 in
655 1050 760 1084 terra
787 1058 860 1084 sua
879 1044 1026 1099 genitis
1054 1058 1116 1084 res
1145 1050 1242 1084 erat.
1311 1044 1374 1084 Hi
1390 1043 1485 1098 jam
1516 1046 1585 1084 de-

159 1113 325 1152 generes
344 1106 451 1147 sunt3
483 1101 612 1146 mixti,
636 1108 674 1140 et
699 1101 943 1155 Gallogrceci
963 1114 1062 1148 vere,
1080 1102 1182 1154 quod.
1208 1100 1482 1152 adpellantur:
1511 1102 1585 1142 sic-

163 1162 204 1195 ut
224 1157 264 1196 in
281 1155 474 1210 frugibus
494 1158 800 1212 pecudibusque,
822 1173 898 1199 >non
919 1164 1069 1198 tantum
1091 1158 1240 1197 semina
1263 1159 1317 1197 ad
1345 1159 1586 1199 servandam

160 1213 332 1253 indolem
374 1213 518 1264 valent,
556 1221 744 1268 quantum
786 1222 897 1256 terroe
930 1216 1154 1268 proprietas
1190 1215 1366 1268 coelique,
1398 1217 1470 1255 sub
1507 1230 1585 1270 quo

161 1270 334 1320 aluntur,
360 1279 498 1311 mutat.
560 1272 820 1322 Macedones,
842 1274 908 1326 qui
935 1272 1221 1314 Alexandriam
1241 1272 1284 1312 in
1305 1273 1498 1327 AEgypto,
1519 1274 1586 1328 qui

161 1327 382 1368 Seleuciam
404 1343 452 1369 ac
477 1329 755 1383 Babyloniam,
778 1331 922 1384 quique
943 1330 1047 1370 alias
1065 1343 1228 1382 sparsas
1255 1344 1324 1382 per
1352 1332 1482 1371 orbem
1506 1338 1584 1371 ter-

158 1399 292 1425 rarum
316 1386 488 1426 colonias
510 1387 664 1436 habent,
688 1388 726 1427 in
760 1387 890 1441 Syros,
917 1388 1106 1436 Parthos,
1129 1387 1342 1441 AEgyptias
1362 1389 1582 1442 degenera-

156 1449 261 1484 runt.
321 1444 530 1494 Massilia,
559 1445 661 1484 inter
694 1445 832 1485 Gallos
861 1445 952 1492 sita,
988 1445 1110 1485 traxit
1147 1445 1395 1497 aliquantum
1429 1446 1478 1485 ub
1509 1447 1583 1485 ad-

158 1500 250 1539 cotis
266 1501 500 1541 animorum.
568 1502 792 1542 Tarentinis
809 1502 906 1556 quid
925 1517 976 1541 eac
998 1502 1212 1554 Spartana,
1231 1502 1332 1542 dura
1349 1502 1417 1542 illa
1439 1509 1475 1542 et
1495 1503 1583 1542 hor-

157 1557 262 1604 rida,
296 1557 508 1609 disciplina
547 1558 723 1598 mansit?
766 1558 1046 1599 ⁶⁴¹Gener0sius
1085 1559 1126 1598 in
1160 1559 1456 1613 suaquidquid
1488 1560 1583 1601 sede

153 1614 362 1668 gignitur,·
395 1615 552 1655 insitum
573 1616 715 1656 alience
745 1622 871 1665 terrae,
895 1616 935 1656 in
964 1616 1020 1665 vid,
1044 1631 1121 1669 qno
1152 1615 1287 1665 alitur,
1319 1622 1466 1657 natura
1496 1631 1581 1658 ver-

163 1678 269 1711 tente
298 1685 352 1719 se,
375 1674 604 1727 degenerat.
669 1674 860 1727 Phrygas
888 1674 1016 1727 igitur
1049 1673 1213 1713 Gallicis
1242 1680 1425 1713 oneratos
1446 1676 1581 1724 arinis,

156 1729 259 1768 sicut
278 1728 320 1768 in
341 1730 428 1769 acie
449 1731 628 1771 Antiochi
658 1731 861 1779 cecidistis,
884 1731 1006 1771 victos
1025 1731 1190 1771 victores
1210 1729 1374 1770 caedetis.
1437 1731 1583 1786 lifagis

158 1786 202 1825 id
231 1801 377 1835 vereor,
409 1800 457 1827 ne
484 1802 627 1839 parum
656 1788 748 1828 inde
779 1788 928 1842 gloriae,
960 1802 1079 1843 quam
1114 1801 1162 1827 ne
1197 1787 1360 1827 nimium
1395 1788 1488 1828 belli
1516 1789 1579 1829 sit.

158 1844 328 1883 Attalus
349 1859 497 1885 cosrex
517 1843 1012 1900 soepefiiditfitgacitque.
1075 1844 1214 1886 Nolite
1239 1844 1480 1894 existimare,
1504 1846 1582 1886 bel-

161 1901 251 1940 luas
273 1907 427 1941 tantum
447 1917 579 1943 recens
599 1910 740 1953 captas
749 1901 957 1954 feritatem
981 1903 1093 1942 illam
1114 1902 1329 1943 silvestrem
1348 1902 1478 1954 primo
1499 1916 1582 1944 ser-

157 1972 265 2006 vare,
296 1959 448 2008 deinde,
481 1975 598 2013 quum
630 1961 698 2000 diu
728 1961 907 2000 manibus
937 1959 1120 2000 humanis
1150 1959 1323 2008 alantur,
1355 1960 1578 2008 mitescere,-

158 2014 200 2054 in
217 2015 412 2056 hominum
423 2014 593 2067 feritate
614 2017 819 2057 mulcenda
834 2031 909 2057 uon
930 2018 1106 2057 eamdem
1126 2023 1311 2056 naturam
1333 2029 1427 2056 esse.
1474 2017 1580 2057 Eos—

0 2076 2 2115 }
157 2073 298 2112 demae
327 2073 395 2113 lios
423 2075 582 2115 creditis
609 2089 703 2121 esse,
727 2075 793 2128 qui
815 2082 950 2126 patres
970 2087 1105 2114 eorum
1126 2074 1268 2127 avique
1279 2071 1481 2124 ficerunt?
1511 2088 1580 2114 ea:-

160 2135 285 2170 torres
314 2130 449 2182 inopia
483 2145 670 2187 agrorum
698 2130 865 2184 profecti
896 2132 1011 2172 domo
1033 2145 1105 2183 per
1136 2130 1396 2182 asperrimam
1427 2130 1581 2184 Illyrici

154 2201 289 2235 oram,·
324 2188 534 2228 Pceoniam
554 2189 646 2229 inde
667 2196 704 2229 et
732 2188 959 2237 Thraciam,
981 2189 1202 2243 pugnando
1223 2201 1311 2227 cum
1318 2185 1580 2239 ferocissimis

153 2245 351 2297 gentibus,
374 2247 532 2294 emensi,
556 2247 778 2294 hasterras
809 2252 1008 2298 ceperunt.
1071 2245 1254 2286 Duratos
1283 2258 1348 2284 eos
1378 2251 1434 2284 tot
1463 2246 1580 2285 malis

158 2308 488 2356 exasperatosque
507 2304 656 2355 accepit
679 2310 797 2352 terra,
819 2317 906 2357 quce
925 2304 1036 2355 copia
1056 2317 1186 2343 rerum
1213 2302 1384 2341 omnium
1414 2302 1580 2355 sagina-

156 2364 228 2398 ret.
260 2360 454 2400 uberrimo
484 2374 599 2414 agro,
620 2361 822 2401 mitissimo
851 2360 956 2408 coelo,
979 2359 1229 2401 clementibus
1258 2358 1490 2399 adcolarum
1518 2359 1578 2398 in-

158 2415 299 2467 geniis,
322 2417 450 2456 omnis
479 2417 564 2466 illa,
586 2432 672 2457 cum
701 2431 781 2471 qua
804 2423 1004 2468 venerant,
1026 2415 1303 2466 mansuefacta
1334 2422 1391 2455 est
1409 2414 1576 2467 feritas.

169 2471 297 2524 Vobis,
319 2472 548 2524 mehercule,
571 2474 724 2516 Martis
743 2474 850 2525 viris,
873 2475 1051 2515 cavenda
1082 2487 1130 2514 ac
1147 2471 1351 2527 ficgienda
1379 2473 1579 2526 quampri-

205 2584 246 2614 62
269 2584 406 2618 Romanis
439 2589 551 2620 Gallici
578 2589 739 2629 tumultus]
777 2588 843 2619 Ro·
931 2587 1068 2628 63*Ut]
1094 2585 1236 2617 EtIamsi.

162 2627 263 2657 manis
278 2628 426 2660 vanitates
446 2642 568 2673 quoque
592 2631 707 2662 Gallici
730 2631 843 2661 tumul·
931 2631 972 2661 64
997 2630 1169 2660 Generosius
1196 2631 1229 2660 in
1255 2640 1307 2659 sua
1344 2627 1485 2667 quidquid
1513 2627 1577 2656 sede

163 2674 212 2698 tus
234 2675 314 2699 notae
342 2678 424 2709 sunt,
448 2674 708 2714 quemadmodum
737 2680 768 2705 et
795 2679 845 2704 tu-
886 2673 1041 2714 gignitur]
1074 2672 1164 2703 Nihil
1187 2671 1236 2701 hic
1262 2671 1383 2701 videtur
1407 2679 1483 2710 opus
1509 2678 1576 2699 esse

163 2711 280 2742 multus
301 2713 377 2754 ipse,
395 2721 501 2756 utpote
524 2716 673 2756 assuetis;
697 2717 845 2752 Romani,
889 2715 1068 2747 mutatione.
1130 2714 1290 2745 Interdum
1319 2712 1404 2758 enim⁸
1434 2712 1578 2758 quidquid

164 2759 270 2794 utpote
292 2756 404 2787 assueti
427 2758 558 2790 Gallicis
578 2759 680 2796 bellis,
703 2765 736 2790 et
757 2759 845 2790 illum
888 2769 943 2800 pro
979 2760 1105 2799 quidque
1140 2757 1273 2799 positum
1310 2760 1468 2795 repentur.
1525 2754 1577 2784 Slc

162 2796 204 2826 ad
246 2801 390 2829 terrorem
434 2801 636 2843 compositum
686 2802 847 2844 pugnandi
891 2801 1002 2832 Cicero
1024 2811 1078 2843 pro
1102 2800 1226 2832 Cluent.
1250 2808 1280 2828 n.
1304 2798 1356 2828 52.
1371 2798 1418 2826 sed
1433 2803 1468 2826 ut
1490 2798 1576 2836 quid-

162 2849 278 2869 morem
301 2848 422 2877 norunt,
447 2848 478 2874 et
499 2854 593 2885 quam
616 2855 713 2877 vanus
734 2846 774 2877 sit
795 2845 848 2877 ille
890 2845 961 2883 quid
977 2855 1028 2884 ego
1041 2843 1296 2882 apprehenderam,
1311 2840 1410 2870 statim
1426 2845 1577 2870 accusator
1617 2878 1626 2884 μ’

161 2886 267 2912 terror.
892 2888 1076 2926 extorquebat
1090 2897 1104 2916 e
1119 2885 1261 2915 manibus.

218 2939 311 2965 ΥΟΕ.
336 2940 406 2967 111.
962 2943 988 2966 A
1011 2943 1035 2967 a
