1947 3222
367 152 444 197 204
890 142 1242 189 T1T1L1V11

367 271 453 311 quo
481 255 661 310 quisque
690 252 875 308 asperius
909 251 1106 292 adversus
1138 250 1346 291 Romanos
1376 249 1541 290 locutus
1569 255 1689 296 esset,
1719 262 1768 287 eo

368 327 460 368 spes
478 312 625 367 gratiae
645 310 776 365 major
796 311 904 404 erat?
927 307 1031 348 alius
1052 307 1288 362 superbiam
1313 306 1618 362 postulatorum
1639 303 1768 343 incre-

366 383 480 424 pare,
513 375 725 422 tamquam
760 364 914 405 Nabici
942 365 1067 413 victo,
1099 363 1154 403 sic
1184 363 1408 412 Antiocho,
1439 361 1619 402 maximo
1653 359 1768 400 Asiae

366 439 528 480 regum,
558 422 845 479 inponentium
876 420 996 474 leges.
1028 434 1264 472 quamquam
1293 419 1454 459 Nabidi
1485 425 1614 457 tamen
1644 417 1769 456 domi-

367 482 569 522 nationem
594 482 637 520 z'n
661 478 845 532 patriam
865 490 989 523 suam,
1012 481 1049 515 et
1073 477 1256 528 patriam
1277 476 1612 521 Lacedaemonem,
1635 473 1772 513 remis-

367 552 465 579 sam.
521 535 761 577 &Antiocho
787 534 823 574 si
845 532 1016 586 Smyrna
1036 538 1075 573 et
1100 532 1341 585 Lampsacus
1371 534 1568 586 imperata
1583 530 1770 584 faciant,

368 596 575 648 indignum
597 592 740 633 videri.
770 588 855 640 alii,
870 602 1025 642 parvas
1045 595 1083 629 et
1102 590 1171 629 vix
1191 590 1299 629 (lictu
1328 590 1473 643 dignas
1499 589 1594 628 belli
1612 600 1772 627 caussas

366 657 484 692 tanto
513 650 601 702 regi
632 662 700 688 eas
732 647 913 687 civitates
942 660 1033 686 esse.
1074 647 1144 686 sed
1174 646 1332 686 initium
1361 660 1513 699 semper
1537 644 1602 684 ⁵⁵a
1627 644 1772 697 parvis

367 707 519 761 injusta
547 704 777 757 imperandi
787 703 933 755 fiet-ib.-
964 701 1043 741 uisi
1061 703 1278 749 crederent,
1302 704 1464 751 Persas,
1487 716 1602 755 quum
1624 715 1770 754 aquam

365 771 592 816 terramque
612 761 663 801 ab
684 759 1006 801 Lacedcemoniis
1019 759 1241 810 petierunt,
1257 758 1409 811 ⁵⁶gleba
1431 765 1552 799 terra>
1571 765 1608 799 et
1627 759 1774 798 liaustu

364 833 482 873 aquce
501 819 666 873 eguisse.
726 818 806 857 Per
825 817 993 857 similem
1014 816 1273 855 tentationem
1293 815 1327 842 ⁵⁷
1337 815 1532 855 Romanis
1552 816 1600 855 de
1620 815 1771 855 duabus

363 876 595 917 civitatibus
619 875 703 929 agi.
733 873 811 914 ⁵⁸et
832 874 939 913 alias
968 873 1164 920 civitates,
1186 873 1304 912 simul
1332 874 1431 913 duas
1446 871 1591 925 jugum
1621 873 1772 912 exuisse

364 934 569 981 vidissent,
591 933 647 972 ad
664 931 914 972 liberatorem
938 931 1129 982 populum
1151 929 1386 983 defecturas.
1445 930 1488 970 Si
1507 943 1586 968 non
1605 928 1772 969 libertas

363 991 553 1031 servitute
566 989 707 1042 potior
726 989 793 1035 sit,
807 993 940 1027 tamen
962 988 1071 1026 omni
1082 987 1278 1040 praesenti
1293 992 1402 1027 statu
1421 999 1528 1039 spem
1543 986 1682 1040 cuique
1702 1000 1770 1025 no-

365 1048 491 1088 vandi
510 1060 572 1086 res
590 1059 683 1086 suas
703 1045 950 1084 blandiorem
970 1058 1063 1084 esse.

428 1103 608 1144 XVIII.
645 1100 887 1142 Alexander
919 1101 1114 1141 Acarnan
1148 1100 1191 1141 in
1227 1100 1414 1141 consilioc
1445 1108 1548 1150 erat,
1584 1099 1770 1156 Philippi

366 1159 577 1216 quondam
606 1159 778 1207 amicus,
799 1172 932 1212 nuper
953 1156 1096 1197 relicto
1123 1172 1171 1197 eo
1192 1166 1358 1198 secutus
1386 1157 1687 1213 opulentiorem
1710 1172 1773 1196 re-

366 1217 475 1272 giam
507 1215 732 1256 Antiochi:
763 1222 819 1263 et,
842 1225 1053 1268 tamquam
1085 1214 1245 1269 peritus
1277 1214 1468 1262 Graeciae,
1499 1228 1573 1253 nec
1603 1213 1772 1269 ignarus

369 1274 668 1321 Romanorum,
702 1270 743 1311 in
779 1284 874 1310 eum
913 1269 1091 1324 gradum
1128 1269 1320 1310 amicitiae
1355 1270 1477 1325 regis,
1511 1278 1558 1311 ut
1594 1269 1772 1310 consiliis

367 1345 536 1386 quoque
557 1327 714 1368 arcanis
733 1327 961 1375 interesset,
983 1334 1176 1382 acceptus
1197 1335 1296 1367 erat.
1359 1327 1417 1376 Is,
1439 1335 1653 1381 tamquam
1673 1341 1770 1376 non,

368 1394 512 1427 utrum
531 1384 771 1426 bellandum
793 1391 912 1432 esset,
934 1397 1008 1423 nec
1032 1397 1098 1432 ne,
1120 1383 1419 1433 consuleretur,
1442 1383 1512 1424 sed
1533 1383 1607 1424 ubi
1626 1392 1667 1424 et
1688 1397 1774 1438 qua

367 1443 526 1489 ratione
554 1440 710 1482 bellum
741 1447 967 1494 gereretur,
996 1439 1214 1480 Victoriam
1239 1454 1278 1479 se
1307 1441 1418 1480 haud
1444 1440 1605 1479 dubiam
1629 1454 1775 1492 propo-

367 1514 462 1539 nere
490 1499 627 1538 animo
656 1496 916 1543 adfirmabat,
945 1496 981 1536 si
1010 1497 1054 1535 in
1082 1497 1291 1548 Europam
1320 1498 1529 1537 transisset
1557 1511 1642 1545 rex,
1664 1503 1703 1536 et
1732 1497 1776 1537 in

368 1557 509 1609 aliqua
533 1554 705 1595 Graeciae
718 1559 841 1605 parte
854 1553 985 1593 sedem
1005 1553 1105 1592 bello
1124 1554 1301 1605 cepisset.
1351 1554 1445 1593 Jam
1459 1554 1633 1606 primum
1655 1553 1778 1594 AEto-

367 1614 441 1663 Ios,
463 1613 533 1666 qui
561 1611 784 1651 umbilicum
809 1609 985 1650 Graeciae
1014 1611 1244 1657 incolerent,
1268 1611 1310 1650 in
1331 1611 1456 1650 armis
1485 1625 1568 1651 eum
1596 1612 1778 1651 inventu-

368 1684 470 1719 rum,
487 1670 770 1722 antesignanos
786 1668 842 1706 ad
856 1668 1079 1718 asperrima
1097 1680 1258 1720 quoeque
1277 1667 1374 1707 belli
1384 1674 1570 1719 paratos.
1615 1668 1665 1708 In
1681 1668 1778 1708 duo-

369 1727 438 1771 bus
459 1727 562 1766 velut
582 1724 765 1765 cornibus
785 1722 972 1772 Graeciae,
991 1723 1133 1763 Nabin
1151 1738 1176 1762 a
1197 1725 1470 1776 Peloponneso
1489 1725 1778 1765 concitaturum

370 1784 521 1833 omnia,
553 1787 791 1834 repetentem
826 1781 1068 1834 Argivorum
1103 1780 1250 1828 urbem,
1282 1788 1518 1833 repetentem
1551 1783 1779 1822 maritimas

370 1841 572 1880 civitates:
603 1838 743 1892 quibus
773 1851 855 1876 eum
886 1838 1088 1889 depulsum
1120 1837 1296 1877 Romani
1325 1838 1627 1879 Lacedaemonis
1656 1839 1781 1879 muris

371 1897 642 1944 inclusissent;
681 1909 707 1935 a
740 1894 987 1934 Macedonia
1020 1894 1271 1947 Philippum,
1302 1894 1371 1935 ubi
1396 1895 1570 1947 primum
1601 1896 1780 1936 bellicum

372 1955 467 1994 cani
495 1953 684 2000 audisset,
706 1965 821 1990 arma
850 1957 1073 2003 capturum.
1134 1951 1261 1991 Nosse
1287 1966 1328 1991 se
1356 1953 1518 2004 spiritus
1547 1951 1643 2005 ejus,
1671 1967 1783 1993 nosse

374 2011 569 2051 animum:
600 2010 714 2057 scire,
730 2009 922 2062 ferarum
952 2009 1080 2055 modo,
1103 2022 1192 2061 quae
1217 2009 1404 2049 claustris
1434 2016 1503 2049 aut
1532 2010 1697 2050 vinculis
1725 2016 1783 2050 te-

375 2074 562 2116 neantur,
585 2067 765 2120 ingentes
781 2063 872 2118 jam
893 2065 964 2104 diu
993 2066 1081 2105 iras
1100 2079 1184 2105 eum
1206 2066 1250 2105 in
1274 2072 1436 2118 pectore
1456 2067 1618 2107 volvere.
1651 2068 1782 2107 memi-

375 2125 480 2165 nisse
508 2124 629 2164 etiam
648 2137 703 2173 se,
725 2123 877 2176 quoties
898 2123 940 2162 in
962 2121 1063 2162 bello
1086 2123 1253 2174 precari
1281 2137 1411 2163 omnes
1432 2124 1543 2163 Deos
1561 2124 1696 2164 solitus
1713 2125 1781 2172 sit,

373 2188 418 2221 ut
439 2181 674 2221 Antiochum
694 2179 772 2220 sibi
795 2180 940 2219 darent
960 2178 1194 2232 adjutorem.
1224 2178 1334 2233 cujus
1354 2181 1437 2220 voti
1455 2181 1492 2220 si
1510 2195 1662 2233 compos
1682 2194 1785 2221 nunc

356 2239 460 2292 fiat,
482 2239 633 2277 nullam
663 2250 812 2276 moram
841 2235 1062 2276 rebellandi
1074 2236 1303 2290 facturum..
1369 2237 1542 2277 Tantum
1568 2251 1648 2277 non
1668 2252 1784 2278 cunc-

374 2295 553 2343 tandum,
588 2307 713 2347 neque
745 2293 972 2334 cessandum
1004 2307 1095 2334 esse.
1136 2295 1180 2333 in
1214 2308 1258 2334 eo
1293 2295 1396 2334 enim
1428 2295 1634 2334 victoriam
1667 2296 1784 2346 verti,

454 2382 472 2406 δ
486 2393 593 2422 semper
606 2383 717 2421 pei-jus
729 2382 839 2420 injusta
854 2381 1127 2421 impetrtmdifieri:
1150 2383 1246 2412 Gron.
1330 2384 1344 2402 Ε
1360 2382 1479 2413 concilio
1496 2382 1591 2412 Gron.
1608 2381 1699 2413 Crev-

423 2452 463 2482 54
487 2451 628 2480 Antiocho
643 2451 667 2479 si
691 2471 698 2479 .
715 2471 722 2479 .
739 2471 747 2480 .
771 2451 911 2488 imperata
923 2449 1064 2490 faciant]
1150 2450 1191 2481 56
1228 2450 1317 2480 Gleba
1362 2456 1448 2481 ἵει-ηε
1483 2457 1508 2481 et
1545 2452 1649 2481 haustu
1686 2451 1786 2493 aqua]

381 2494 414 2526 Si
428 2492 582 2524 Antiocho
596 2497 732 2533 pareant.
1109 2492 1203 2523 Haud
1228 2493 1352 2523 fortasse
1378 2494 1640 2524 accommodatum
1662 2495 1701 2525 ad
1723 2506 1786 2527 rem

426 2538 466 2567 55
490 2537 512 2565 A
539 2537 636 2574 parvis
659 2536 766 2573 injusta
795 2535 970 2575 imperandi]
1013 2534 1064 2565 Sic
1109 2542 1287 2576 praesentem
1321 2536 1506 2577 exemplum.
1564 2538 1667 2573 Quum
1705 2539 1787 2569 enim

385 2578 549 2610 Rubenius
577 2588 594 2608 e
623 2577 797 2617 conjectura
835 2578 1064 2613 emendaverat,
1109 2579 1210 2608 Persa:
1234 2587 1345 2618 aquam
1368 2583 1397 2607 et
1423 2584 1531 2609 terram
1554 2587 1703 2620 peterent,
1728 2591 1788 2612 non

385 2631 482 2662 quum
516 2619 599 2661 prius
632 2619 783 2657 legeretur
809 2631 859 2658 per
877 2623 933 2659 jus
961 2621 1067 2657 injusta
1112 2620 1168 2650 sibi
1191 2620 1305 2650 aditum
1323 2630 1341 2649 a
1361 2621 1462 2661 parvis
1484 2622 1522 2651 :ul
1547 2623 1690 2654 ulteriora
1711 2634 1788 2665 prae-

386 2665 573 2702 impetrandi.
640 2662 775 2691 Firmant
824 2662 1068 2693 emendationem
1113 2663 1286 2693 struebant:
1319 2663 1373 2692 sed
1400 2664 1543 2694 volebant
1568 2666 1657 2706 plane
1678 2676 1710 2696 se
1735 2666 1788 2697 do-

390 2707 451 2737 duo
477 2705 572 2737 MSS.
601 2703 740 2745 Dujatio,
768 2704 829 2733 ‹luo
861 2705 995 2735 llearnio
1023 2705 1067 2735 in·
1113 2706 1210 2735 minos
1248 2704 1382 2739 agnosci,
1412 2712 1444 2735 ut
1473 2714 1591 2738 constat
1620 2719 1657 2738 ex
1688 2709 1791 2739 multis

390 2748 496 2789 spocti,
526 2758 596 2778 cum
626 2753 726 2778 nostro
758 2747 871 2777 Victor.
903 2747 957 2776 nisi
988 2748 1068 2787 quod
1112 2747 1482 2789 passimllermlotilocis.

392 2791 542 2831 pamicula
565 2804 580 2820 a
609 2801 668 2821 non
691 2790 720 2820 in
747 2790 887 2819 omnibus
913 2790 1070 2830 reperitur.
1156 2791 1195 2820 57
1225 2790 1377 2819 Romanis.
1396 2814 1402 2820 .
1419 2793 1483 2832 agi]
1516 2794 1597 2826 Lege
1621 2805 1689 2824 cum
1714 2795 1792 2826 Gro-

391 2834 442 2863 ,ει-εἰ
468 2834 496 2863 in
520 2834 639 2865 duobus
667 2838 783 2863 tantuin
808 2844 824 2862 c
847 2832 981 2872 quinque
1009 2844 1070 2863 me-
1116 2832 1214 2867 novio‚
1231 2845 1247 2862 a
1265 2833 1410 2865 Romanis,
1561 2826 1575 2858 Ῠ

391 2876 522 2905 morati&
1159 2877 1198 2906 58
1220 2876 1253 2905 13!
1270 2876 1358 2916 alias]
1390 2877 1557 2908 Mancinus
1572 2881 1617 2908 >ed
1632 2881 1715 2910 alias.
