<?xml version="1.0" encoding="UTF-8"?>
<!DOCTYPE html PUBLIC "-//W3C//DTD XHTML 1.0 Transitional//EN"
    "http://www.w3.org/TR/xhtml1/DTD/xhtml1-transitional.dtd">
<html xmlns="http://www.w3.org/1999/xhtml" xml:lang="en" lang="en">
 <head>
  <title>
</title>
<meta http-equiv="Content-Type" content="text/html;charset=utf-8" />
  <meta name='ocr-system' content='tesseract 3.04.00' />
  <meta name='ocr-capabilities' content='ocr_page ocr_carea ocr_par ocr_line ocrx_word'/>
</head>
<body>
  <div class='ocr_page' id='page_1' title='image "./historiarumaburb03livyuoft_0437.png"; bbox 0 0 1947 3222; ppageno 0'>
   <div class='ocr_carea' id='block_1_1' title="bbox 452 110 1525 156">
    <p class='ocr_par' dir='ltr' id='par_1_1' title="bbox 452 110 1525 156">
     <span class='ocr_line' id='line_1_1' title="bbox 452 110 1525 156; baseline 0.001 -6"><span class='ocrx_word' id='word_1_1' title='bbox 452 111 572 150; x_wconf 88' lang='lat' dir='ltr'><strong>LIB.</strong></span> <span class='ocrx_word' id='word_1_2' title='bbox 600 110 795 149; x_wconf 86' lang='lat' dir='ltr'>XXXIX.</span> <span class='ocrx_word' id='word_1_3' title='bbox 823 110 956 148; x_wconf 83' lang='lat' dir='ltr'><strong>CAP.</strong></span> <span class='ocrx_word' id='word_1_4' title='bbox 983 110 1160 150; x_wconf 86' lang='lat' dir='ltr'>XXXII.</span> <span class='ocrx_word' id='word_1_5' title='bbox 1449 116 1525 156; x_wconf 78' lang='lat'>427</span> 
     </span>
    </p>
   </div>
   <div class='ocr_carea' id='block_1_2' title="bbox 109 216 1767 2436">
    <p class='ocr_par' dir='ltr' id='par_1_2' title="bbox 109 216 1738 1185">
     <span class='ocr_line' id='line_1_2' title="bbox 109 216 1727 278; baseline 0 -16"><span class='ocrx_word' id='word_1_6' title='bbox 109 219 288 264; x_wconf 89' lang='lat' dir='ltr'>alterum</span> <span class='ocrx_word' id='word_1_7' title='bbox 322 220 506 262; x_wconf 87' lang='lat' dir='ltr'>hostium</span> <span class='ocrx_word' id='word_1_8' title='bbox 539 220 650 261; x_wconf 87' lang='lat' dir='ltr'>latus</span> <span class='ocrx_word' id='word_1_9' title='bbox 681 216 865 260; x_wconf 83' lang='lat' dir='ltr'>invadit:</span> <span class='ocrx_word' id='word_1_10' title='bbox 912 217 984 259; x_wconf 88' lang='lat' dir='ltr'>sed</span> <span class='ocrx_word' id='word_1_11' title='bbox 1022 218 1144 274; x_wconf 86' lang='lat' dir='ltr'>longe</span> <span class='ocrx_word' id='word_1_12' title='bbox 1179 220 1314 262; x_wconf 85' lang='lat' dir='ltr'>acrius</span> <span class='ocrx_word' id='word_1_13' title='bbox 1350 220 1582 278; x_wconf 82' lang='lat' dir='ltr'>Calpur-u.</span> <span class='ocrx_word' id='word_1_14' title='bbox 1597 234 1636 266; x_wconf 87' lang='lat' dir='ltr'>c.</span> <span class='ocrx_word' id='word_1_15' title='bbox 1651 233 1727 265; x_wconf 83' lang='lat'><strong>567.</strong></span> 
     </span>
     <span class='ocr_line' id='line_1_3' title="bbox 110 274 1738 340; baseline 0.001 -21"><span class='ocrx_word' id='word_1_16' title='bbox 110 277 222 319; x_wconf 86' lang='lat' dir='ltr'>niani</span> <span class='ocrx_word' id='word_1_17' title='bbox 243 277 405 334; x_wconf 87' lang='lat' dir='ltr'><strong>equites</strong></span> <span class='ocrx_word' id='word_1_18' title='bbox 433 276 693 340; x_wconf 84' lang='lat' dir='ltr'>pugnabant,</span> <span class='ocrx_word' id='word_1_19' title='bbox 714 283 756 316; x_wconf 90' lang='lat' dir='ltr'>et</span> <span class='ocrx_word' id='word_1_20' title='bbox 785 283 948 339; x_wconf 88' lang='lat' dir='ltr'>praetor</span> <span class='ocrx_word' id='word_1_21' title='bbox 970 274 1059 339; x_wconf 90' lang='lat' dir='ltr'>ipse</span> <span class='ocrx_word' id='word_1_22' title='bbox 1089 283 1186 316; x_wconf 88' lang='lat' dir='ltr'>ante</span> <span class='ocrx_word' id='word_1_23' title='bbox 1216 277 1329 318; x_wconf 85' lang='grc'>31105</span> <span class='ocrx_word' id='word_1_24' title='bbox 1360 293 1457 319; x_wconf 86' lang='lat' dir='ltr'>nam</span> <span class='ocrx_word' id='word_1_25' title='bbox 1487 278 1585 320; x_wconf 83' lang='lat' dir='ltr'>etA·</span> <span class='ocrx_word' id='word_1_26' title='bbox 1598 277 1637 309; x_wconf 89' lang='lat' dir='ltr'>C.</span> <span class='ocrx_word' id='word_1_27' title='bbox 1656 277 1738 320; x_wconf 49' lang='lat'>185„</span> 
     </span>
     <span class='ocr_line' id='line_1_4' title="bbox 111 330 1531 400; baseline 0 -24"><span class='ocrx_word' id='word_1_28' title='bbox 111 334 271 400; x_wconf 81' lang='lat' dir='ltr'>primus</span> <span class='ocrx_word' id='word_1_29' title='bbox 299 334 458 376; x_wconf 85' lang='lat' dir='ltr'>hostem</span> <span class='ocrx_word' id='word_1_30' title='bbox 487 331 706 396; x_wconf 83' lang='lat' dir='ltr'>percussit,</span> <span class='ocrx_word' id='word_1_31' title='bbox 728 339 770 372; x_wconf 89' lang='lat' dir='ltr'>et</span> <span class='ocrx_word' id='word_1_32' title='bbox 795 330 854 372; x_wconf 82' lang='lat' dir='ltr'>ita</span> <span class='ocrx_word' id='word_1_33' title='bbox 875 347 916 373; x_wconf 92' lang='lat' dir='ltr'>se</span> <span class='ocrx_word' id='word_1_34' title='bbox 937 331 1149 373; x_wconf 83' lang='lat' dir='ltr'>inmiscuit</span> <span class='ocrx_word' id='word_1_35' title='bbox 1179 333 1341 384; x_wconf 89' lang='lat' dir='ltr'>mediis,</span> <span class='ocrx_word' id='word_1_36' title='bbox 1364 343 1412 376; x_wconf 88' lang='lat' dir='ltr'>ut</span> <span class='ocrx_word' id='word_1_37' title='bbox 1441 334 1531 385; x_wconf 84' lang='lat' dir='ltr'>vix,</span> 
     </span>
     <span class='ocr_line' id='line_1_5' title="bbox 111 388 1534 453; baseline 0.001 -21"><span class='ocrx_word' id='word_1_38' title='bbox 111 391 248 433; x_wconf 88' lang='lat' dir='ltr'>utrius</span> <span class='ocrx_word' id='word_1_39' title='bbox 268 391 399 447; x_wconf 88' lang='lat' dir='ltr'>partis</span> <span class='ocrx_word' id='word_1_40' title='bbox 424 398 543 439; x_wconf 90' lang='lat' dir='ltr'>esset,</span> <span class='ocrx_word' id='word_1_41' title='bbox 573 402 687 430; x_wconf 87' lang='lat' dir='ltr'>noscl</span> <span class='ocrx_word' id='word_1_42' title='bbox 714 397 866 445; x_wconf 82' lang='lat' dir='ltr'>posset.</span> <span class='ocrx_word' id='word_1_43' title='bbox 898 396 940 430; x_wconf 90' lang='lat' dir='ltr'>et</span> <span class='ocrx_word' id='word_1_44' title='bbox 966 388 1129 453; x_wconf 83' lang='lat' dir='ltr'>equites</span> <span class='ocrx_word' id='word_1_45' title='bbox 1158 389 1349 444; x_wconf 86' lang='lat' dir='ltr'>praetoris</span> <span class='ocrx_word' id='word_1_46' title='bbox 1379 391 1534 432; x_wconf 82' lang='lat' dir='ltr'>eximia</span> 
     </span>
     <span class='ocr_line' id='line_1_6' title="bbox 112 445 1535 509; baseline 0.001 -22"><span class='ocrx_word' id='word_1_47' title='bbox 112 447 284 498; x_wconf 84' lang='lat' dir='ltr'>virtute,</span> <span class='ocrx_word' id='word_1_48' title='bbox 320 456 361 489; x_wconf 86' lang='lat' dir='ltr'>et</span> <span class='ocrx_word' id='word_1_49' title='bbox 400 446 590 502; x_wconf 87' lang='lat' dir='ltr'>equitum</span> <span class='ocrx_word' id='word_1_50' title='bbox 630 445 792 509; x_wconf 80' lang='lat' dir='ltr'>pedites</span> <span class='ocrx_word' id='word_1_51' title='bbox 831 446 990 487; x_wconf 87' lang='lat' dir='ltr'>accensi</span> <span class='ocrx_word' id='word_1_52' title='bbox 1032 453 1141 486; x_wconf 89' lang='lat' dir='ltr'>sunt.</span> <span class='ocrx_word' id='word_1_53' title='bbox 1216 445 1362 486; x_wconf 86' lang='lat' dir='ltr'>Pudor</span> <span class='ocrx_word' id='word_1_54' title='bbox 1402 446 1535 490; x_wconf 85' lang='lat' dir='ltr'>movit</span> 
     </span>
     <span class='ocr_line' id='line_1_7' title="bbox 113 502 1536 565; baseline 0 -21"><span class='ocrx_word' id='word_1_55' title='bbox 113 504 269 560; x_wconf 86' lang='lat' dir='ltr'>primos</span> <span class='ocrx_word' id='word_1_56' title='bbox 298 503 572 553; x_wconf 83' lang='lat' dir='ltr'>centuriones,</span> <span class='ocrx_word' id='word_1_57' title='bbox 604 503 678 558; x_wconf 89' lang='lat' dir='ltr'>qui</span> <span class='ocrx_word' id='word_1_58' title='bbox 709 502 816 543; x_wconf 88' lang='lat' dir='ltr'>inter</span> <span class='ocrx_word' id='word_1_59' title='bbox 851 502 935 545; x_wconf 85' lang='lat' dir='ltr'>tela</span> <span class='ocrx_word' id='word_1_60' title='bbox 968 502 1152 544; x_wconf 83' lang='lat' dir='ltr'>hostium</span> <span class='ocrx_word' id='word_1_61' title='bbox 1184 510 1405 565; x_wconf 83' lang='lat' dir='ltr'>praetorem</span> <span class='ocrx_word' id='word_1_62' title='bbox 1437 519 1536 544; x_wconf 85' lang='lat' dir='ltr'>con-</span> 
     </span>
     <span class='ocr_line' id='line_1_8' title="bbox 114 559 1537 624; baseline -0.001 -20.999"><span class='ocrx_word' id='word_1_63' title='bbox 114 568 351 624; x_wconf 31' lang='lat' dir='ltr'>spexeruntt.</span> <span class='ocrx_word' id='word_1_64' title='bbox 395 560 549 616; x_wconf 89' lang='lat' dir='ltr'>Itaque</span> <span class='ocrx_word' id='word_1_65' title='bbox 572 575 622 600; x_wconf 89' lang='grc'>01</span> <span class='ocrx_word' id='word_1_66' title='bbox 623 575 752 615; x_wconf 85' lang='lat' dir='ltr'>guere</span> <span class='ocrx_word' id='word_1_67' title='bbox 775 559 992 615; x_wconf 79' lang='lat' dir='ltr'>signiferos</span> <span class='ocrx_word' id='word_1_68' title='bbox 1012 574 1089 614; x_wconf 92' lang='lat' dir='ltr'>pro</span> <span class='ocrx_word' id='word_1_69' title='bbox 1112 574 1153 600; x_wconf 88' lang='grc'>55</span> <span class='ocrx_word' id='word_1_70' title='bbox 1175 574 1368 615; x_wconf 77' lang='lat' dir='ltr'>quisque,</span> <span class='ocrx_word' id='word_1_71' title='bbox 1385 560 1537 615; x_wconf 81' lang='lat' dir='ltr'>jubere</span> 
     </span>
     <span class='ocr_line' id='line_1_9' title="bbox 113 615 1729 672; baseline 0 -14"><span class='ocrx_word' id='word_1_72' title='bbox 113 617 263 659; x_wconf 88' lang='lat' dir='ltr'>inferre</span> <span class='ocrx_word' id='word_1_73' title='bbox 295 631 427 672; x_wconf 65' lang='lat' dir='ltr'>mgna,</span> <span class='ocrx_word' id='word_1_74' title='bbox 463 625 505 659; x_wconf 92' lang='lat' dir='ltr'>et</span> <span class='ocrx_word' id='word_1_75' title='bbox 540 616 759 657; x_wconf 84' lang='lat' dir='ltr'>confestim</span> <span class='ocrx_word' id='word_1_76' title='bbox 791 616 966 657; x_wconf 90' lang='lat' dir='ltr'>militem</span> <span class='ocrx_word' id='word_1_77' title='bbox 1000 615 1130 672; x_wconf 86' lang='lat' dir='ltr'>sequi.</span> <span class='ocrx_word' id='word_1_78' title='bbox 1204 617 1451 658; x_wconf 83' lang='lat' dir='ltr'>Renovatur</span> <span class='ocrx_word' id='word_1_79' title='bbox 1486 617 1729 658; x_wconf 61' lang='lat' dir='ltr'>abxincuntur</span> 
     </span>
     <span class='ocr_line' id='line_1_10' title="bbox 114 670 1697 730; baseline -0.001 -15"><span class='ocrx_word' id='word_1_80' title='bbox 114 674 306 715; x_wconf 85' lang='lat' dir='ltr'>omnibus</span> <span class='ocrx_word' id='word_1_81' title='bbox 326 674 493 715; x_wconf 85' lang='lat' dir='ltr'>clamor.</span> <span class='ocrx_word' id='word_1_82' title='bbox 524 673 693 730; x_wconf 84' lang='lat' dir='ltr'>inpetus</span> <span class='ocrx_word' id='word_1_83' title='bbox 713 673 760 714; x_wconf 86' lang='lat' dir='ltr'>fit</span> <span class='ocrx_word' id='word_1_84' title='bbox 793 673 908 714; x_wconf 86' lang='lat' dir='ltr'>velut</span> <span class='ocrx_word' id='word_1_85' title='bbox 929 688 981 713; x_wconf 86' lang='lat' dir='ltr'>ex</span> <span class='ocrx_word' id='word_1_86' title='bbox 1008 672 1219 728; x_wconf 83' lang='lat' dir='ltr'>superiore</span> <span class='ocrx_word' id='word_1_87' title='bbox 1240 672 1341 714; x_wconf 88' lang='lat' dir='ltr'>loco.</span> <span class='ocrx_word' id='word_1_88' title='bbox 1406 672 1541 714; x_wconf 85' lang='lat' dir='ltr'>Haud</span> <span class='ocrx_word' id='word_1_89' title='bbox 1555 670 1697 713; x_wconf 74' lang='lat' dir='ltr'>Inspam.</span> 
     </span>
     <span class='ocr_line' id='line_1_11' title="bbox 116 729 1542 787; baseline 0 -16"><span class='ocrx_word' id='word_1_90' title='bbox 116 746 232 772; x_wconf 91' lang='lat' dir='ltr'>secus</span> <span class='ocrx_word' id='word_1_91' title='bbox 263 745 378 785; x_wconf 84' lang='lat' dir='ltr'>ergO,</span> <span class='ocrx_word' id='word_1_92' title='bbox 401 746 526 787; x_wconf 90' lang='lat' dir='ltr'>quam</span> <span class='ocrx_word' id='word_1_93' title='bbox 558 730 754 772; x_wconf 88' lang='lat' dir='ltr'>torrentis</span> <span class='ocrx_word' id='word_1_94' title='bbox 775 730 915 779; x_wconf 88' lang='lat' dir='ltr'>modo,</span> <span class='ocrx_word' id='word_1_95' title='bbox 936 729 1124 771; x_wconf 89' lang='lat' dir='ltr'>fundunt</span> <span class='ocrx_word' id='word_1_96' title='bbox 1150 738 1427 785; x_wconf 88' lang='lat' dir='ltr'>sternuntque</span> <span class='ocrx_word' id='word_1_97' title='bbox 1448 745 1542 786; x_wconf 88' lang='lat' dir='ltr'>per-</span> 
     </span>
     <span class='ocr_line' id='line_1_12' title="bbox 114 786 1543 850; baseline 0.001 -23"><span class='ocrx_word' id='word_1_98' title='bbox 114 787 264 839; x_wconf 90' lang='lat' dir='ltr'>culsos,</span> <span class='ocrx_word' id='word_1_99' title='bbox 296 786 412 828; x_wconf 82' lang='grc'>181150</span> <span class='ocrx_word' id='word_1_100' title='bbox 443 787 646 829; x_wconf 88' lang='lat' dir='ltr'>sustinere</span> <span class='ocrx_word' id='word_1_101' title='bbox 680 786 750 827; x_wconf 83' lang='lat' dir='ltr'>alii</span> <span class='ocrx_word' id='word_1_102' title='bbox 780 802 905 850; x_wconf 84' lang='lat' dir='ltr'>supel</span> <span class='ocrx_word' id='word_1_103' title='bbox 936 786 1037 827; x_wconf 86' lang='lat' dir='ltr'>alios</span> <span class='ocrx_word' id='word_1_104' title='bbox 1071 786 1296 827; x_wconf 85' lang='lat' dir='ltr'>inferentes</span> <span class='ocrx_word' id='word_1_105' title='bbox 1332 802 1418 828; x_wconf 83' lang='lat' dir='ltr'>sese</span> <span class='ocrx_word' id='word_1_106' title='bbox 1448 801 1543 842; x_wconf 87' lang='lat' dir='ltr'>pos-</span> 
     </span>
     <span class='ocr_line' id='line_1_13' title="bbox 115 843 1545 907; baseline -0.001 -22"><span class='ocrx_word' id='word_1_107' title='bbox 115 852 227 886; x_wconf 88' lang='lat' dir='ltr'>sunt.</span> <span class='ocrx_word' id='word_1_108' title='bbox 288 844 517 900; x_wconf 82' lang='lat' dir='ltr'>Fugientes</span> <span class='ocrx_word' id='word_1_109' title='bbox 553 844 595 885; x_wconf 91' lang='lat' dir='ltr'>in</span> <span class='ocrx_word' id='word_1_110' title='bbox 630 852 764 885; x_wconf 86' lang='lat' dir='ltr'>castra</span> <span class='ocrx_word' id='word_1_111' title='bbox 796 843 959 899; x_wconf 86' lang='lat' dir='ltr'>equites</span> <span class='ocrx_word' id='word_1_112' title='bbox 993 843 1200 900; x_wconf 88' lang='lat' dir='ltr'>persecuti</span> <span class='ocrx_word' id='word_1_113' title='bbox 1232 851 1344 894; x_wconf 85' lang='lat' dir='ltr'>sunt,</span> <span class='ocrx_word' id='word_1_114' title='bbox 1378 851 1420 884; x_wconf 90' lang='lat' dir='ltr'>et</span> <span class='ocrx_word' id='word_1_115' title='bbox 1445 858 1545 907; x_wconf 88' lang='lat' dir='ltr'>per-</span> 
     </span>
     <span class='ocr_line' id='line_1_14' title="bbox 115 900 1544 964; baseline 0 -22"><span class='ocrx_word' id='word_1_116' title='bbox 115 900 238 942; x_wconf 81' lang='lat' dir='ltr'>mixti</span> <span class='ocrx_word' id='word_1_117' title='bbox 273 901 412 943; x_wconf 75' lang='lat' dir='ltr'>turbae</span> <span class='ocrx_word' id='word_1_118' title='bbox 446 901 631 943; x_wconf 88' lang='lat' dir='ltr'>hostium</span> <span class='ocrx_word' id='word_1_119' title='bbox 667 900 777 942; x_wconf 84' lang='lat' dir='ltr'>intra</span> <span class='ocrx_word' id='word_1_120' title='bbox 812 900 970 942; x_wconf 86' lang='lat' dir='ltr'>vallum</span> <span class='ocrx_word' id='word_1_121' title='bbox 1002 908 1200 964; x_wconf 56' lang='lat' dir='ltr'>penetrat</span> <span class='ocrx_word' id='word_1_122' title='bbox 1205 908 1340 941; x_wconf 72' lang='lat' dir='ltr'>erunt.</span> <span class='ocrx_word' id='word_1_123' title='bbox 1384 900 1458 942; x_wconf 85' lang='lat' dir='ltr'>ubi</span> <span class='ocrx_word' id='word_1_124' title='bbox 1490 901 1544 942; x_wconf 88' lang='lat' dir='ltr'>ab</span> 
     </span>
     <span class='ocr_line' id='line_1_15' title="bbox 115 956 1545 1014; baseline 0 -15"><span class='ocrx_word' id='word_1_125' title='bbox 115 957 270 1000; x_wconf 88' lang='lat' dir='ltr'>relictis</span> <span class='ocrx_word' id='word_1_126' title='bbox 305 958 347 999; x_wconf 92' lang='lat' dir='ltr'>in</span> <span class='ocrx_word' id='word_1_127' title='bbox 381 958 577 1014; x_wconf 81' lang='lat' dir='ltr'>praesidio</span> <span class='ocrx_word' id='word_1_128' title='bbox 613 966 842 999; x_wconf 87' lang='lat' dir='ltr'>castrorum</span> <span class='ocrx_word' id='word_1_129' title='bbox 884 957 1081 1014; x_wconf 79' lang='lat' dir='ltr'>pioelium</span> <span class='ocrx_word' id='word_1_130' title='bbox 1114 956 1426 999; x_wconf 81' lang='lat' dir='ltr'>instauratum:</span> <span class='ocrx_word' id='word_1_131' title='bbox 1479 973 1545 999; x_wconf 88' lang='lat' dir='ltr'>co-</span> 
     </span>
     <span class='ocr_line' id='line_1_16' title="bbox 117 1013 1546 1078; baseline -0.001 -22"><span class='ocrx_word' id='word_1_132' title='bbox 117 1014 283 1070; x_wconf 85' lang='lat' dir='ltr'>actique</span> <span class='ocrx_word' id='word_1_133' title='bbox 315 1023 413 1078; x_wconf 76' lang='lat' dir='ltr'>sunt</span> <span class='ocrx_word' id='word_1_134' title='bbox 445 1015 626 1056; x_wconf 83' lang='lat' dir='ltr'>Romani</span> <span class='ocrx_word' id='word_1_135' title='bbox 656 1014 818 1070; x_wconf 83' lang='lat' dir='ltr'>equites</span> <span class='ocrx_word' id='word_1_136' title='bbox 848 1014 1096 1055; x_wconf 80' lang='lat' dir='ltr'>descendere</span> <span class='ocrx_word' id='word_1_137' title='bbox 1131 1029 1183 1054; x_wconf 79' lang='lat' dir='ltr'>ex</span> <span class='ocrx_word' id='word_1_138' title='bbox 1217 1013 1348 1069; x_wconf 89' lang='lat' dir='ltr'>equis.</span> <span class='ocrx_word' id='word_1_139' title='bbox 1410 1013 1546 1055; x_wconf 88' lang='lat' dir='ltr'>Dimi-</span> 
     </span>
     <span class='ocr_line' id='line_1_17' title="bbox 118 1070 1545 1127; baseline 0 -15"><span class='ocrx_word' id='word_1_140' title='bbox 118 1071 309 1113; x_wconf 84' lang='lat' dir='ltr'>cantibus</span> <span class='ocrx_word' id='word_1_141' title='bbox 343 1071 407 1123; x_wconf 87' lang='lat' dir='ltr'>iis,</span> <span class='ocrx_word' id='word_1_142' title='bbox 440 1072 549 1127; x_wconf 87' lang='lat' dir='ltr'>legio</span> <span class='ocrx_word' id='word_1_143' title='bbox 584 1071 734 1127; x_wconf 85' lang='lat' dir='ltr'>quinta</span> <span class='ocrx_word' id='word_1_144' title='bbox 768 1071 1032 1127; x_wconf 87' lang='lat' dir='ltr'>supervenit:</span> <span class='ocrx_word' id='word_1_145' title='bbox 1077 1070 1243 1120; x_wconf 89' lang='lat' dir='ltr'>deinde,</span> <span class='ocrx_word' id='word_1_146' title='bbox 1281 1079 1330 1112; x_wconf 89' lang='lat' dir='ltr'>ut</span> <span class='ocrx_word' id='word_1_147' title='bbox 1365 1086 1545 1126; x_wconf 85' lang='lat' dir='ltr'>quaeque</span> 
     </span>
     <span class='ocr_line' id='line_1_18' title="bbox 119 1127 1545 1185; baseline -0.001 -15"><span class='ocrx_word' id='word_1_148' title='bbox 119 1136 359 1184; x_wconf 85' lang='lat' dir='ltr'>potuerant,</span> <span class='ocrx_word' id='word_1_149' title='bbox 400 1130 532 1185; x_wconf 86' lang='lat' dir='ltr'>copiae</span> <span class='ocrx_word' id='word_1_150' title='bbox 572 1128 826 1169; x_wconf 79' lang='lat' dir='ltr'>adfl·1ebant.</span> <span class='ocrx_word' id='word_1_151' title='bbox 891 1127 1128 1168; x_wconf 86' lang='lat' dir='ltr'>Caeduntur</span> <span class='ocrx_word' id='word_1_152' title='bbox 1168 1127 1323 1182; x_wconf 84' lang='lat' dir='ltr'>passim</span> <span class='ocrx_word' id='word_1_153' title='bbox 1365 1127 1545 1183; x_wconf 85' lang='lat' dir='ltr'>Hispani</span> 
     </span>
    </p>

    <p class='ocr_par' dir='ltr' id='par_1_3' title="bbox 119 1183 1548 1296">
     <span class='ocr_line' id='line_1_19' title="bbox 119 1183 1546 1247; baseline 0.001 -22"><span class='ocrx_word' id='word_1_154' title='bbox 119 1200 194 1242; x_wconf 89' lang='lat' dir='ltr'>per</span> <span class='ocrx_word' id='word_1_155' title='bbox 226 1194 315 1227; x_wconf 86' lang='lat' dir='ltr'>tota</span> <span class='ocrx_word' id='word_1_156' title='bbox 348 1194 508 1233; x_wconf 82' lang='lat' dir='ltr'>castra3</span> <span class='ocrx_word' id='word_1_157' title='bbox 551 1200 626 1226; x_wconf 88' lang='lat' dir='ltr'>nec</span> <span class='ocrx_word' id='word_1_158' title='bbox 659 1185 756 1241; x_wconf 91' lang='lat' dir='ltr'>plus</span> <span class='ocrx_word' id='word_1_159' title='bbox 787 1199 915 1240; x_wconf 83' lang='lat' dir='ltr'>quam</span> <span class='ocrx_word' id='word_1_160' title='bbox 948 1192 1133 1247; x_wconf 84' lang='lat' dir='ltr'>quatuor</span> <span class='ocrx_word' id='word_1_161' title='bbox 1162 1183 1295 1224; x_wconf 86' lang='lat' dir='ltr'>millia</span> <span class='ocrx_word' id='word_1_162' title='bbox 1328 1183 1546 1226; x_wconf 89' lang='lat' dir='ltr'>hominum</span> 
     </span>
     <span class='ocr_line' id='line_1_20' title="bbox 120 1241 1548 1306; baseline -0.001 -23"><span class='ocrx_word' id='word_1_163' title='bbox 120 1242 373 1306; x_wconf 84' lang='lat' dir='ltr'>effugerunt.</span> <span class='ocrx_word' id='word_1_164' title='bbox 403 1242 500 1283; x_wconf 85' lang='lat' dir='ltr'>inde</span> <span class='ocrx_word' id='word_1_165' title='bbox 522 1241 603 1283; x_wconf 85' lang='lat' dir='ltr'>tria</span> <span class='ocrx_word' id='word_1_166' title='bbox 623 1241 754 1282; x_wconf 82' lang='lat' dir='ltr'>miliia</span> <span class='ocrx_word' id='word_1_167' title='bbox 774 1241 876 1292; x_wconf 85' lang='lat' dir='ltr'>fere,</span> <span class='ocrx_word' id='word_1_168' title='bbox 898 1256 972 1296; x_wconf 82' lang='lat' dir='ltr'>qui</span> <span class='ocrx_word' id='word_1_169' title='bbox 1000 1256 1115 1304; x_wconf 82' lang='lat' dir='ltr'>arma</span> <span class='ocrx_word' id='word_1_170' title='bbox 1136 1241 1409 1291; x_wconf 82' lang='lat' dir='ltr'>retinuerant,</span> <span class='ocrx_word' id='word_1_171' title='bbox 1432 1257 1548 1282; x_wconf 84' lang='lat' dir='ltr'>mon-</span> 
     </span>
    </p>

    <p class='ocr_par' dir='ltr' id='par_1_4' title="bbox 121 1276 1548 1695">
     <span class='ocr_line' id='line_1_21' title="bbox 121 1276 1547 1356; baseline 0 -16"><span class='ocrx_word' id='word_1_172' title='bbox 121 1276 233 1340; x_wconf 45' lang='lat' dir='ltr'>tem&amp;</span> <span class='ocrx_word' id='word_1_173' title='bbox 240 1298 527 1356; x_wconf 88' lang='lat' dir='ltr'>propinquum</span> <span class='ocrx_word' id='word_1_174' title='bbox 562 1307 790 1355; x_wconf 85' lang='lat' dir='ltr'>ceperunt:</span> <span class='ocrx_word' id='word_1_175' title='bbox 837 1298 950 1338; x_wconf 88' lang='lat' dir='ltr'>mille</span> <span class='ocrx_word' id='word_1_176' title='bbox 990 1297 1224 1354; x_wconf 89' lang='lat' dir='ltr'>semiermes</span> <span class='ocrx_word' id='word_1_177' title='bbox 1258 1298 1437 1339; x_wconf 81' lang='lat' dir='ltr'>maxime</span> <span class='ocrx_word' id='word_1_178' title='bbox 1472 1314 1547 1355; x_wconf 89' lang='lat' dir='ltr'>per</span> 
     </span>
     <span class='ocr_line' id='line_1_22' title="bbox 121 1354 1547 1412; baseline 0.001 -16"><span class='ocrx_word' id='word_1_179' title='bbox 121 1371 242 1411; x_wconf 88' lang='lat' dir='ltr'>agros</span> <span class='ocrx_word' id='word_1_180' title='bbox 271 1356 402 1412; x_wconf 84' lang='lat' dir='ltr'>palati</span> <span class='ocrx_word' id='word_1_181' title='bbox 433 1364 541 1397; x_wconf 90' lang='lat' dir='ltr'>sunt.</span> <span class='ocrx_word' id='word_1_182' title='bbox 606 1357 741 1411; x_wconf 83' lang='lat' dir='ltr'>Supra</span> <span class='ocrx_word' id='word_1_183' title='bbox 772 1354 947 1410; x_wconf 86' lang='lat' dir='ltr'>triginta</span> <span class='ocrx_word' id='word_1_184' title='bbox 979 1355 1168 1411; x_wconf 91' lang='lat' dir='ltr'>quinque</span> <span class='ocrx_word' id='word_1_185' title='bbox 1200 1354 1337 1395; x_wconf 72' lang='lat' dir='ltr'>millia</span> <span class='ocrx_word' id='word_1_186' title='bbox 1360 1355 1547 1397; x_wconf 88' lang='lat' dir='ltr'>hostium</span> 
     </span>
     <span class='ocr_line' id='line_1_23' title="bbox 121 1411 1548 1477; baseline 0 -23"><span class='ocrx_word' id='word_1_187' title='bbox 121 1412 305 1463; x_wconf 83' lang='lat' dir='ltr'>fuerant,</span> <span class='ocrx_word' id='word_1_188' title='bbox 326 1428 377 1454; x_wconf 89' lang='lat' dir='ltr'>ex</span> <span class='ocrx_word' id='word_1_189' title='bbox 399 1413 555 1477; x_wconf 87' lang='lat' dir='ltr'>quibus</span> <span class='ocrx_word' id='word_1_190' title='bbox 576 1420 661 1453; x_wconf 84' lang='lat' dir='ltr'>tam</span> <span class='ocrx_word' id='word_1_191' title='bbox 683 1427 838 1468; x_wconf 81' lang='lat' dir='ltr'>exlgua</span> <span class='ocrx_word' id='word_1_192' title='bbox 867 1427 962 1466; x_wconf 88' lang='lat' dir='ltr'>pars</span> <span class='ocrx_word' id='word_1_193' title='bbox 989 1427 1147 1477; x_wconf 72' lang='lat' dir='ltr'>pugnae</span> <span class='ocrx_word' id='word_1_194' title='bbox 1176 1411 1397 1467; x_wconf 87' lang='lat' dir='ltr'>superfuit.</span> <span class='ocrx_word' id='word_1_195' title='bbox 1429 1412 1548 1467; x_wconf 83' lang='lat' dir='ltr'>signa</span> 
     </span>
     <span class='ocr_line' id='line_1_24' title="bbox 122 1468 1547 1532; baseline 0.001 -22"><span class='ocrx_word' id='word_1_196' title='bbox 122 1478 246 1525; x_wconf 86' lang='lat' dir='ltr'>capta</span> <span class='ocrx_word' id='word_1_197' title='bbox 276 1478 443 1511; x_wconf 90' lang='lat' dir='ltr'>centum</span> <span class='ocrx_word' id='word_1_198' title='bbox 480 1468 653 1525; x_wconf 90' lang='lat' dir='ltr'>triginta</span> <span class='ocrx_word' id='word_1_199' title='bbox 686 1470 778 1511; x_wconf 88' lang='lat' dir='ltr'>tria.</span> <span class='ocrx_word' id='word_1_200' title='bbox 840 1468 1020 1509; x_wconf 84' lang='lat' dir='ltr'>Romani</span> <span class='ocrx_word' id='word_1_201' title='bbox 1055 1469 1238 1524; x_wconf 82' lang='lat' dir='ltr'>soeilque</span> <span class='ocrx_word' id='word_1_202' title='bbox 1272 1468 1415 1524; x_wconf 85' lang='lat' dir='ltr'>paullo</span> <span class='ocrx_word' id='word_1_203' title='bbox 1449 1469 1547 1532; x_wconf 85' lang='lat' dir='ltr'>plus</span> 
     </span>
     <span class='ocr_line' id='line_1_25' title="bbox 123 1504 1548 1592; baseline 0 -25"><span class='ocrx_word' id='word_1_204' title='bbox 123 1526 322 1576; x_wconf 80' lang='lat' dir='ltr'>sexcenti,</span> <span class='ocrx_word' id='word_1_205' title='bbox 347 1534 389 1567; x_wconf 90' lang='lat' dir='ltr'>et</span> <span class='ocrx_word' id='word_1_206' title='bbox 416 1504 733 1589; x_wconf 80' lang='lat' dir='ltr'>provincialium</span> <span class='ocrx_word' id='word_1_207' title='bbox 757 1524 1009 1566; x_wconf 82' lang='lat' dir='ltr'>auxiliorum</span> <span class='ocrx_word' id='word_1_208' title='bbox 1040 1534 1206 1567; x_wconf 87' lang='lat' dir='ltr'>centum</span> <span class='ocrx_word' id='word_1_209' title='bbox 1236 1526 1548 1592; x_wconf 82' lang='lat' dir='ltr'>quinquaginta</span> 
     </span>
     <span class='ocr_line' id='line_1_26' title="bbox 123 1581 1545 1646; baseline 0.001 -23"><span class='ocrx_word' id='word_1_210' title='bbox 123 1582 254 1624; x_wconf 87' lang='lat' dir='ltr'>ferme</span> <span class='ocrx_word' id='word_1_211' title='bbox 284 1583 535 1624; x_wconf 88' lang='lat' dir='ltr'>ceciderunt.</span> <span class='ocrx_word' id='word_1_212' title='bbox 567 1582 726 1624; x_wconf 88' lang='lat' dir='ltr'>tribuni</span> <span class='ocrx_word' id='word_1_213' title='bbox 753 1582 934 1645; x_wconf 82' lang='lat' dir='ltr'>militum</span> <span class='ocrx_word' id='word_1_214' title='bbox 963 1581 1158 1646; x_wconf 89' lang='lat' dir='ltr'>quinque</span> <span class='ocrx_word' id='word_1_215' title='bbox 1175 1597 1327 1632; x_wconf 81' lang='grc'>31111551,</span> <span class='ocrx_word' id='word_1_216' title='bbox 1349 1591 1390 1624; x_wconf 90' lang='lat' dir='ltr'>et</span> <span class='ocrx_word' id='word_1_217' title='bbox 1420 1584 1545 1639; x_wconf 87' lang='lat' dir='ltr'>pauci</span> 
     </span>
     <span class='ocr_line' id='line_1_27' title="bbox 123 1638 1545 1695; baseline 0.001 -14"><span class='ocrx_word' id='word_1_218' title='bbox 123 1639 286 1695; x_wconf 88' lang='lat' dir='ltr'>equites</span> <span class='ocrx_word' id='word_1_219' title='bbox 322 1639 563 1690; x_wconf 84' lang='lat' dir='ltr'>Romani,¹</span> <span class='ocrx_word' id='word_1_220' title='bbox 568 1638 773 1681; x_wconf 86' lang='lat' dir='ltr'>⁹cruentae</span> <span class='ocrx_word' id='word_1_221' title='bbox 804 1638 984 1680; x_wconf 84' lang='lat' dir='ltr'>maxime</span> <span class='ocrx_word' id='word_1_222' title='bbox 1015 1638 1200 1681; x_wconf 85' lang='lat' dir='ltr'>victoriae</span> <span class='ocrx_word' id='word_1_223' title='bbox 1231 1639 1407 1695; x_wconf 88' lang='lat' dir='ltr'>speciem</span> <span class='ocrx_word' id='word_1_224' title='bbox 1439 1640 1545 1682; x_wconf 88' lang='lat' dir='ltr'>fece-</span> 
     </span>
    </p>

    <p class='ocr_par' dir='ltr' id='par_1_5' title="bbox 124 1695 1549 1924">
     <span class='ocr_line' id='line_1_28' title="bbox 124 1695 1546 1753; baseline 0.001 -16"><span class='ocrx_word' id='word_1_225' title='bbox 124 1704 236 1738; x_wconf 88' lang='lat' dir='ltr'>runt.</span> <span class='ocrx_word' id='word_1_226' title='bbox 299 1697 352 1737; x_wconf 89' lang='lat' dir='ltr'>In</span> <span class='ocrx_word' id='word_1_227' title='bbox 387 1697 532 1738; x_wconf 83' lang='lat' dir='ltr'>castris</span> <span class='ocrx_word' id='word_1_228' title='bbox 558 1696 666 1738; x_wconf 82' lang='lat' dir='ltr'>hosti</span> <span class='ocrx_word' id='word_1_229' title='bbox 656 1712 756 1747; x_wconf 59' lang='lat' dir='ltr'>ium,</span> <span class='ocrx_word' id='word_1_230' title='bbox 791 1696 891 1753; x_wconf 85' lang='lat' dir='ltr'>quia</span> <span class='ocrx_word' id='word_1_231' title='bbox 919 1695 1020 1752; x_wconf 88' lang='lat' dir='ltr'>ipsis</span> <span class='ocrx_word' id='word_1_232' title='bbox 1048 1695 1229 1752; x_wconf 86' lang='lat' dir='ltr'>spatium</span> <span class='ocrx_word' id='word_1_233' title='bbox 1260 1711 1336 1737; x_wconf 87' lang='lat' dir='ltr'>sua</span> <span class='ocrx_word' id='word_1_234' title='bbox 1361 1712 1546 1738; x_wconf 89' lang='lat' dir='ltr'>commu-</span> 
     </span>
     <span class='ocr_line' id='line_1_29' title="bbox 125 1752 1545 1812; baseline 0.001 -18"><span class='ocrx_word' id='word_1_235' title='bbox 125 1752 266 1795; x_wconf 89' lang='lat' dir='ltr'>niendi</span> <span class='ocrx_word' id='word_1_236' title='bbox 297 1769 380 1794; x_wconf 91' lang='lat' dir='ltr'>non</span> <span class='ocrx_word' id='word_1_237' title='bbox 413 1753 567 1804; x_wconf 83' lang='lat' dir='ltr'>fuerat,</span> <span class='ocrx_word' id='word_1_238' title='bbox 601 1762 853 1795; x_wconf 84' lang='lat' dir='ltr'>manserunt.</span> <span class='ocrx_word' id='word_1_239' title='bbox 931 1755 1015 1794; x_wconf 91' lang='lat' dir='ltr'>Pro</span> <span class='ocrx_word' id='word_1_240' title='bbox 1048 1768 1241 1794; x_wconf 84' lang='grc'>0011010115</span> <span class='ocrx_word' id='word_1_241' title='bbox 1275 1762 1442 1812; x_wconf 86' lang='lat' dir='ltr'>postero</span> <span class='ocrx_word' id='word_1_242' title='bbox 1477 1754 1545 1795; x_wconf 91' lang='lat' dir='ltr'>die</span> 
     </span>
     <span class='ocr_line' id='line_1_30' title="bbox 125 1809 1547 1874; baseline 0.001 -24"><span class='ocrx_word' id='word_1_243' title='bbox 125 1809 287 1851; x_wconf 84' lang='lat' dir='ltr'>laudati</span> <span class='ocrx_word' id='word_1_244' title='bbox 308 1810 537 1866; x_wconf 84' lang='lat' dir='ltr'>donatique</span> <span class='ocrx_word' id='word_1_245' title='bbox 557 1825 582 1851; x_wconf 87' lang='lat' dir='ltr'>a</span> <span class='ocrx_word' id='word_1_246' title='bbox 604 1811 651 1851; x_wconf 90' lang='lat' dir='ltr'>C.</span> <span class='ocrx_word' id='word_1_247' title='bbox 660 1810 906 1874; x_wconf 86' lang='lat' dir='ltr'>Calpurnio</span> <span class='ocrx_word' id='word_1_248' title='bbox 927 1810 1125 1866; x_wconf 72' lang='lat' dir='ltr'>equites²</span> <span class='ocrx_word' id='word_1_249' title='bbox 1127 1809 1341 1865; x_wconf 75' lang='lat' dir='ltr'>Ophaleris.</span> <span class='ocrx_word' id='word_1_250' title='bbox 1363 1825 1547 1866; x_wconf 87' lang='lat' dir='ltr'>pronun-</span> 
     </span>
     <span class='ocr_line' id='line_1_31' title="bbox 127 1866 1549 1931; baseline 0.001 -23"><span class='ocrx_word' id='word_1_251' title='bbox 127 1866 350 1924; x_wconf 85' lang='lat' dir='ltr'>ciavitque‚</span> <span class='ocrx_word' id='word_1_252' title='bbox 384 1882 528 1908; x_wconf 88' lang='lat' dir='ltr'>eorum</span> <span class='ocrx_word' id='word_1_253' title='bbox 560 1866 740 1908; x_wconf 80' lang='lat' dir='ltr'>maxime</span> <span class='ocrx_word' id='word_1_254' title='bbox 771 1883 898 1931; x_wconf 84' lang='lat' dir='ltr'>opera</span> <span class='ocrx_word' id='word_1_255' title='bbox 928 1867 1067 1909; x_wconf 89' lang='lat' dir='ltr'>hostes</span> <span class='ocrx_word' id='word_1_256' title='bbox 1097 1867 1228 1917; x_wconf 90' lang='lat' dir='ltr'>fusos,</span> <span class='ocrx_word' id='word_1_257' title='bbox 1259 1875 1395 1909; x_wconf 87' lang='lat' dir='ltr'>castra</span> <span class='ocrx_word' id='word_1_258' title='bbox 1425 1876 1549 1931; x_wconf 88' lang='lat' dir='ltr'>capta</span> 
     </span>
    </p>

    <p class='ocr_par' dir='ltr' id='par_1_6' title="bbox 128 1923 1549 1981">
     <span class='ocr_line' id='line_1_32' title="bbox 128 1923 1549 1981; baseline 0.001 -17"><span class='ocrx_word' id='word_1_259' title='bbox 128 1931 171 1965; x_wconf 93' lang='lat' dir='ltr'>et</span> <span class='ocrx_word' id='word_1_260' title='bbox 210 1933 452 1980; x_wconf 85' lang='lat' dir='ltr'>expugnata</span> <span class='ocrx_word' id='word_1_261' title='bbox 491 1939 589 1965; x_wconf 91' lang='lat' dir='ltr'>esse.</span> <span class='ocrx_word' id='word_1_262' title='bbox 667 1923 888 1974; x_wconf 83' lang='lat' dir='ltr'>Quinctius</span> <span class='ocrx_word' id='word_1_263' title='bbox 928 1925 1033 1966; x_wconf 83' lang='lat' dir='ltr'>alter</span> <span class='ocrx_word' id='word_1_264' title='bbox 1071 1932 1227 1980; x_wconf 79' lang='lat' dir='ltr'>praetor</span> <span class='ocrx_word' id='word_1_265' title='bbox 1260 1923 1397 1966; x_wconf 70' lang='lat' dir='ltr'>21suos</span> <span class='ocrx_word' id='word_1_266' title='bbox 1432 1940 1549 1981; x_wconf 86' lang='grc'>5001-</span> 
     </span>
    </p>

    <p class='ocr_par' dir='ltr' id='par_1_7' title="bbox 129 1980 1550 2135">
     <span class='ocr_line' id='line_1_33' title="bbox 129 1980 1548 2045; baseline 0 -23"><span class='ocrx_word' id='word_1_267' title='bbox 129 1988 192 2022; x_wconf 88' lang='lat' dir='ltr'>tes</span> <span class='ocrx_word' id='word_1_268' title='bbox 225 1980 424 2023; x_wconf 60' lang='lat' dir='ltr'>”catellis</span> <span class='ocrx_word' id='word_1_269' title='bbox 458 1996 505 2021; x_wconf 90' lang='grc'>30</span> <span class='ocrx_word' id='word_1_270' title='bbox 541 1980 681 2022; x_wconf 88' lang='lat' dir='ltr'>fibulis</span> <span class='ocrx_word' id='word_1_271' title='bbox 717 1980 900 2022; x_wconf 82' lang='lat' dir='ltr'>donavit.</span> <span class='ocrx_word' id='word_1_272' title='bbox 946 1981 1089 2023; x_wconf 88' lang='lat' dir='ltr'>donati</span> <span class='ocrx_word' id='word_1_273' title='bbox 1124 1990 1166 2045; x_wconf 81' lang='lat' dir='ltr'>et</span> <span class='ocrx_word' id='word_1_274' title='bbox 1201 1981 1463 2023; x_wconf 89' lang='lat' dir='ltr'>centuriones</span> <span class='ocrx_word' id='word_1_275' title='bbox 1497 1996 1548 2025; x_wconf 80' lang='lat' dir='ltr'>ex</span> 
     </span>
     <span class='ocr_line' id='line_1_34' title="bbox 130 2036 1550 2099; baseline 0.001 -21"><span class='ocrx_word' id='word_1_276' title='bbox 130 2036 352 2093; x_wconf 88' lang='lat' dir='ltr'>utriusque</span> <span class='ocrx_word' id='word_1_277' title='bbox 387 2037 574 2099; x_wconf 79' lang='lat' dir='ltr'>exercitu</span> <span class='ocrx_word' id='word_1_278' title='bbox 608 2037 833 2093; x_wconf 74' lang='lat' dir='ltr'>permulti·¹</span> <span class='ocrx_word' id='word_1_279' title='bbox 877 2038 1059 2079; x_wconf 83' lang='lat' dir='ltr'>maxime</span> <span class='ocrx_word' id='word_1_280' title='bbox 1093 2037 1166 2094; x_wconf 89' lang='lat' dir='ltr'>qui</span> <span class='ocrx_word' id='word_1_281' title='bbox 1207 2038 1387 2080; x_wconf 87' lang='lat' dir='ltr'>mediam</span> <span class='ocrx_word' id='word_1_282' title='bbox 1421 2037 1550 2080; x_wconf 84' lang='lat' dir='ltr'>aciem</span> 
     </span>
     <span class='ocr_line' id='line_1_35' title="bbox 132 2101 372 2135; baseline 0.004 -1"><span class='ocrx_word' id='word_1_283' title='bbox 132 2101 372 2135; x_wconf 87' lang='lat' dir='ltr'>tenuerunt.</span> 
     </span>
    </p>

    <p class='ocr_par' dir='ltr' id='par_1_8' title="bbox 130 2150 1767 2436">
     <span class='ocr_line' id='line_1_36' title="bbox 189 2150 1743 2216; baseline 0.001 -25"><span class='ocrx_word' id='word_1_284' title='bbox 189 2151 406 2192; x_wconf 86' lang='lat' dir='ltr'>XXXII.</span> <span class='ocrx_word' id='word_1_285' title='bbox 440 2151 641 2192; x_wconf 86' lang='lat' dir='ltr'>Consules</span> <span class='ocrx_word' id='word_1_286' title='bbox 661 2150 891 2215; x_wconf 80' lang='lat' dir='ltr'>delectibus</span> <span class='ocrx_word' id='word_1_287' title='bbox 921 2151 1111 2208; x_wconf 87' lang='lat' dir='ltr'>aliisque,</span> <span class='ocrx_word' id='word_1_288' title='bbox 1132 2166 1228 2215; x_wconf 74' lang='lat' dir='ltr'>quae</span> <span class='ocrx_word' id='word_1_289' title='bbox 1260 2152 1409 2194; x_wconf 89' lang='lat' dir='ltr'>Romae</span> <span class='ocrx_word' id='word_1_290' title='bbox 1428 2167 1552 2216; x_wconf 78' lang='lat' dir='ltr'>agen·</span> <span class='ocrx_word' id='word_1_291' title='bbox 1566 2161 1652 2194; x_wconf 85' lang='lat' dir='ltr'>Res</span> <span class='ocrx_word' id='word_1_292' title='bbox 1645 2172 1676 2192; x_wconf 84' lang='lat' dir='ltr'>m</span> <span class='ocrx_word' id='word_1_293' title='bbox 1692 2160 1743 2193; x_wconf 85' lang='lat' dir='ltr'>Li-</span> 
     </span>
     <span class='ocr_line' id='line_1_37' title="bbox 130 2205 1767 2272; baseline 0 -24"><span class='ocrx_word' id='word_1_294' title='bbox 130 2206 197 2249; x_wconf 86' lang='lat' dir='ltr'>dae</span> <span class='ocrx_word' id='word_1_295' title='bbox 224 2215 357 2258; x_wconf 89' lang='lat' dir='ltr'>erant,</span> <span class='ocrx_word' id='word_1_296' title='bbox 385 2207 562 2264; x_wconf 83' lang='lat' dir='ltr'>peractis</span> <span class='ocrx_word' id='word_1_297' title='bbox 589 2207 765 2258; x_wconf 87' lang='lat' dir='ltr'>rebus,</span> <span class='ocrx_word' id='word_1_298' title='bbox 757 2223 799 2248; x_wconf 87' lang='grc'>111</span> <span class='ocrx_word' id='word_1_299' title='bbox 829 2209 1010 2264; x_wconf 86' lang='lat' dir='ltr'>Ligures</span> <span class='ocrx_word' id='word_1_300' title='bbox 1039 2224 1295 2272; x_wconf 80' lang='lat' dir='ltr'>provlnciam</span> <span class='ocrx_word' id='word_1_301' title='bbox 1322 2209 1551 2251; x_wconf 85' lang='lat' dir='ltr'>exercitum</span> <span class='ocrx_word' id='word_1_302' title='bbox 1563 2205 1767 2248; x_wconf 75' lang='lat' dir='ltr'>guriagestae.</span> 
     </span>
     <span class='ocr_line' id='line_1_38' title="bbox 131 2263 1555 2322; baseline 0.001 -17"><span class='ocrx_word' id='word_1_303' title='bbox 131 2263 359 2306; x_wconf 85' lang='lat' dir='ltr'>duxerunt.</span> <span class='ocrx_word' id='word_1_304' title='bbox 422 2264 705 2320; x_wconf 88' lang='lat' dir='ltr'>Sempronius,</span> <span class='ocrx_word' id='word_1_305' title='bbox 733 2280 758 2306; x_wconf 89' lang='lat' dir='ltr'>a</span> <span class='ocrx_word' id='word_1_306' title='bbox 791 2265 898 2307; x_wconf 89' lang='lat' dir='ltr'>Pisis</span> <span class='ocrx_word' id='word_1_307' title='bbox 927 2265 1141 2321; x_wconf 89' lang='lat' dir='ltr'>profectus</span> <span class='ocrx_word' id='word_1_308' title='bbox 1172 2281 1215 2307; x_wconf 89' lang='grc'>111</span> <span class='ocrx_word' id='word_1_309' title='bbox 1244 2267 1450 2322; x_wconf 87' lang='lat' dir='ltr'>Apuanos</span> <span class='ocrx_word' id='word_1_310' title='bbox 1481 2266 1555 2307; x_wconf 91' lang='lat' dir='ltr'>Li-</span> 
     </span>
     <span class='ocr_line' id='line_1_39' title="bbox 134 2321 1553 2385; baseline 0.001 -23"><span class='ocrx_word' id='word_1_311' title='bbox 134 2336 275 2385; x_wconf 61' lang='lat' dir='ltr'>gures,</span> <span class='ocrx_word' id='word_1_312' title='bbox 302 2321 504 2363; x_wconf 92' lang='lat' dir='ltr'>vastando</span> <span class='ocrx_word' id='word_1_313' title='bbox 536 2336 672 2377; x_wconf 86' lang='lat' dir='ltr'>agros,</span> <span class='ocrx_word' id='word_1_314' title='bbox 707 2322 953 2378; x_wconf 90' lang='lat' dir='ltr'>urendoque</span> <span class='ocrx_word' id='word_1_315' title='bbox 983 2338 1094 2364; x_wconf 87' lang='lat' dir='ltr'>v1cos</span> <span class='ocrx_word' id='word_1_316' title='bbox 1124 2331 1166 2365; x_wconf 91' lang='lat' dir='ltr'>et</span> <span class='ocrx_word' id='word_1_317' title='bbox 1195 2323 1363 2364; x_wconf 87' lang='lat' dir='ltr'>castella</span> <span class='ocrx_word' id='word_1_318' title='bbox 1392 2338 1553 2373; x_wconf 85' lang='lat' dir='ltr'>eorum,</span> 
     </span>
     <span class='ocr_line' id='line_1_40' title="bbox 136 2376 1552 2436; baseline 0.002 -17"><span class='ocrx_word' id='word_1_319' title='bbox 136 2378 297 2433; x_wconf 84' lang='lat' dir='ltr'>aperuit</span> <span class='ocrx_word' id='word_1_320' title='bbox 320 2378 472 2420; x_wconf 86' lang='lat' dir='ltr'>saltum</span> <span class='ocrx_word' id='word_1_321' title='bbox 494 2393 628 2434; x_wconf 92' lang='lat' dir='ltr'>usque</span> <span class='ocrx_word' id='word_1_322' title='bbox 648 2376 702 2419; x_wconf 88' lang='lat' dir='ltr'>ad</span> <span class='ocrx_word' id='word_1_323' title='bbox 723 2377 902 2420; x_wconf 89' lang='lat' dir='ltr'>fiuvium</span> <span class='ocrx_word' id='word_1_324' title='bbox 924 2379 1113 2421; x_wconf 84' lang='lat' dir='ltr'>Macram</span> <span class='ocrx_word' id='word_1_325' title='bbox 1134 2388 1176 2422; x_wconf 90' lang='lat' dir='ltr'>et</span> <span class='ocrx_word' id='word_1_326' title='bbox 1205 2380 1339 2421; x_wconf 88' lang='lat' dir='ltr'>Lunae</span> <span class='ocrx_word' id='word_1_327' title='bbox 1366 2388 1552 2436; x_wconf 89' lang='lat' dir='ltr'>portum.</span> 
     </span>
    </p>
   </div>
   <div class='ocr_carea' id='block_1_3' title="bbox 140 2522 1555 2606">
    <p class='ocr_par' dir='ltr' id='par_1_9' title="bbox 140 2522 1555 2606">
     <span class='ocr_line' id='line_1_41' title="bbox 185 2522 1555 2571; baseline 0.004 -19"><span class='ocrx_word' id='word_1_328' title='bbox 185 2523 224 2553; x_wconf 83' lang='lat'>18</span> <span class='ocrx_word' id='word_1_329' title='bbox 249 2522 310 2553; x_wconf 85' lang='lat' dir='ltr'>Nec</span> <span class='ocrx_word' id='word_1_330' title='bbox 344 2525 487 2554; x_wconf 79' lang='lat' dir='ltr'>sustinere</span> <span class='ocrx_word' id='word_1_331' title='bbox 523 2525 578 2554; x_wconf 74' lang='lat' dir='ltr'>atii</span> <span class='ocrx_word' id='word_1_332' title='bbox 613 2534 698 2563; x_wconf 84' lang='lat' dir='ltr'>super</span> <span class='ocrx_word' id='word_1_333' title='bbox 734 2523 822 2571; x_wconf 81' lang='lat' dir='ltr'>alios]</span> <span class='ocrx_word' id='word_1_334' title='bbox 911 2524 953 2554; x_wconf 82' lang='lat'>20</span> <span class='ocrx_word' id='word_1_335' title='bbox 977 2523 1128 2566; x_wconf 80' lang='lat' dir='ltr'>Phaleris]</span> <span class='ocrx_word' id='word_1_336' title='bbox 1153 2523 1228 2556; x_wconf 88' lang='lat' dir='ltr'>Vid.</span> <span class='ocrx_word' id='word_1_337' title='bbox 1247 2530 1311 2556; x_wconf 86' lang='lat' dir='ltr'>not.</span> <span class='ocrx_word' id='word_1_338' title='bbox 1333 2527 1365 2557; x_wconf 88' lang='lat'>5.</span> <span class='ocrx_word' id='word_1_339' title='bbox 1389 2526 1428 2557; x_wconf 83' lang='lat' dir='ltr'>ad</span> <span class='ocrx_word' id='word_1_340' title='bbox 1450 2536 1478 2557; x_wconf 90' lang='grc'>0.</span> <span class='ocrx_word' id='word_1_341' title='bbox 1503 2525 1555 2557; x_wconf 84' lang='grc'>46.</span> 
     </span>
     <span class='ocr_line' id='line_1_42' title="bbox 140 2564 966 2606; baseline 0 -9"><span class='ocrx_word' id='word_1_342' title='bbox 140 2566 225 2606; x_wconf 84' lang='lat' dir='ltr'>Lege</span> <span class='ocrx_word' id='word_1_343' title='bbox 246 2564 313 2596; x_wconf 85' lang='lat' dir='ltr'>sine</span> <span class='ocrx_word' id='word_1_344' title='bbox 335 2565 401 2597; x_wconf 84' lang='lat' dir='ltr'>ulla</span> <span class='ocrx_word' id='word_1_345' title='bbox 421 2565 615 2598; x_wconf 84' lang='lat' dir='ltr'>dubitatione</span> <span class='ocrx_word' id='word_1_346' title='bbox 639 2577 711 2597; x_wconf 88' lang='lat' dir='ltr'>cum</span> <span class='ocrx_word' id='word_1_347' title='bbox 735 2565 823 2597; x_wconf 87' lang='lat' dir='ltr'>Peri·</span> <span class='ocrx_word' id='word_1_348' title='bbox 868 2567 890 2597; x_wconf 93' lang='lat'>1.</span> <span class='ocrx_word' id='word_1_349' title='bbox 905 2567 966 2598; x_wconf 90' lang='lat' dir='ltr'>IX.</span> 
     </span>
    </p>
   </div>
   <div class='ocr_carea' id='block_1_4' title="bbox 142 2607 1557 2652">
    <p class='ocr_par' dir='ltr' id='par_1_10' title="bbox 142 2607 1557 2652">
     <span class='ocr_line' id='line_1_43' title="bbox 142 2607 1557 2652; baseline 0.001 -14"><span class='ocrx_word' id='word_1_350' title='bbox 142 2607 247 2639; x_wconf 90' lang='lat' dir='ltr'>zonio·</span> <span class='ocrx_word' id='word_1_351' title='bbox 283 2618 334 2638; x_wconf 70' lang='lat' dir='ltr'>nec</span> <span class='ocrx_word' id='word_1_352' title='bbox 361 2610 520 2641; x_wconf 51' lang='lat' dir='ltr'>sustinent.</span> <span class='ocrx_word' id='word_1_353' title='bbox 535 2616 686 2650; x_wconf 81' lang='lat' dir='ltr'>.possunt,</span> <span class='ocrx_word' id='word_1_354' title='bbox 713 2619 825 2652; x_wconf 90' lang='lat' dir='ltr'>nempe</span> <span class='ocrx_word' id='word_1_355' title='bbox 912 2610 952 2640; x_wconf 85' lang='lat'>21</span> <span class='ocrx_word' id='word_1_356' title='bbox 985 2609 1057 2640; x_wconf 86' lang='lat' dir='ltr'>Suos</span> <span class='ocrx_word' id='word_1_357' title='bbox 1082 2610 1203 2651; x_wconf 80' lang='lat' dir='ltr'>equites]</span> <span class='ocrx_word' id='word_1_358' title='bbox 1238 2610 1300 2641; x_wconf 90' lang='lat' dir='ltr'>Eos</span> <span class='ocrx_word' id='word_1_359' title='bbox 1326 2611 1457 2652; x_wconf 87' lang='lat' dir='ltr'>equites,</span> <span class='ocrx_word' id='word_1_360' title='bbox 1479 2619 1557 2650; x_wconf 85' lang='lat' dir='ltr'>quos</span> 
     </span>
    </p>
   </div>
   <div class='ocr_carea' id='block_1_5' title="bbox 141 2649 1556 2738">
    <p class='ocr_par' dir='ltr' id='par_1_11' title="bbox 141 2649 1556 2738">
     <span class='ocr_line' id='line_1_44' title="bbox 141 2649 1556 2695; baseline 0.001 -13"><span class='ocrx_word' id='word_1_361' title='bbox 141 2649 290 2682; x_wconf 82' lang='lat' dir='ltr'>Romani.</span> <span class='ocrx_word' id='word_1_362' title='bbox 869 2651 901 2682; x_wconf 88' lang='lat' dir='ltr'>in</span> <span class='ocrx_word' id='word_1_363' title='bbox 916 2663 1022 2695; x_wconf 86' lang='lat' dir='ltr'>pugna</span> <span class='ocrx_word' id='word_1_364' title='bbox 1036 2652 1119 2684; x_wconf 83' lang='lat' dir='ltr'>eirca</span> <span class='ocrx_word' id='word_1_365' title='bbox 1142 2664 1174 2685; x_wconf 88' lang='lat' dir='ltr'>se</span> <span class='ocrx_word' id='word_1_366' title='bbox 1196 2653 1357 2684; x_wconf 77' lang='lat' dir='ltr'>habuerat.</span> <span class='ocrx_word' id='word_1_367' title='bbox 1402 2652 1477 2684; x_wconf 89' lang='lat' dir='ltr'>Vid.</span> <span class='ocrx_word' id='word_1_368' title='bbox 1491 2657 1556 2683; x_wconf 82' lang='lat' dir='ltr'>not.</span> 
     </span>
     <span class='ocr_line' id='line_1_45' title="bbox 189 2693 1038 2738; baseline 0.002 -14"><span class='ocrx_word' id='word_1_369' title='bbox 189 2693 256 2724; x_wconf 74' lang='lat'>19*</span> <span class='ocrx_word' id='word_1_370' title='bbox 268 2693 423 2734; x_wconf 76' lang='lat' dir='ltr'>cruentoe]</span> <span class='ocrx_word' id='word_1_371' title='bbox 448 2694 588 2725; x_wconf 78' lang='lat' dir='ltr'>Maxime</span> <span class='ocrx_word' id='word_1_372' title='bbox 604 2694 742 2726; x_wconf 84' lang='lat' dir='ltr'>fecerunt</span> <span class='ocrx_word' id='word_1_373' title='bbox 757 2706 824 2738; x_wconf 87' lang='lat' dir='ltr'>spe·</span> <span class='ocrx_word' id='word_1_374' title='bbox 874 2697 920 2726; x_wconf 91' lang='lat'>17.</span> <span class='ocrx_word' id='word_1_375' title='bbox 936 2706 1038 2737; x_wconf 85' lang='lat' dir='ltr'>supra.</span> 
     </span>
    </p>
   </div>
   <div class='ocr_carea' id='block_1_6' title="bbox 142 2735 1554 2780">
    <p class='ocr_par' dir='ltr' id='par_1_12' title="bbox 142 2735 1554 2780">
     <span class='ocr_line' id='line_1_46' title="bbox 142 2735 1554 2780; baseline 0 -13"><span class='ocrx_word' id='word_1_376' title='bbox 142 2735 222 2767; x_wconf 88' lang='lat' dir='ltr'>ciem</span> <span class='ocrx_word' id='word_1_377' title='bbox 264 2739 399 2766; x_wconf 77' lang='lat' dir='ltr'>cruentae</span> <span class='ocrx_word' id='word_1_378' title='bbox 441 2735 586 2773; x_wconf 80' lang='lat' dir='ltr'>victoriae,</span> <span class='ocrx_word' id='word_1_379' title='bbox 621 2738 756 2770; x_wconf 86' lang='lat' dir='ltr'>maxime</span> <span class='ocrx_word' id='word_1_380' title='bbox 794 2740 827 2769; x_wconf 88' lang='lat' dir='ltr'>in</span> <span class='ocrx_word' id='word_1_381' title='bbox 913 2739 954 2769; x_wconf 85' lang='lat'>22</span> <span class='ocrx_word' id='word_1_382' title='bbox 980 2739 1115 2780; x_wconf 83' lang='lat' dir='ltr'>Catellis]</span> <span class='ocrx_word' id='word_1_383' title='bbox 1153 2738 1191 2769; x_wconf 90' lang='lat' dir='ltr'>Id</span> <span class='ocrx_word' id='word_1_384' title='bbox 1218 2742 1274 2772; x_wconf 85' lang='lat' dir='ltr'>est,</span> <span class='ocrx_word' id='word_1_385' title='bbox 1297 2736 1457 2773; x_wconf 86' lang='lat' dir='ltr'>catenulis,</span> <span class='ocrx_word' id='word_1_386' title='bbox 1484 2746 1554 2778; x_wconf 79' lang='lat' dir='ltr'>quae</span> 
     </span>
    </p>
   </div>
   <div class='ocr_carea' id='block_1_7' title="bbox 143 2777 1555 2862">
    <p class='ocr_par' dir='ltr' id='par_1_13' title="bbox 143 2777 1555 2862">
     <span class='ocr_line' id='line_1_47' title="bbox 143 2777 1555 2829; baseline 0.001 -20"><span class='ocrx_word' id='word_1_387' title='bbox 143 2788 237 2810; x_wconf 85' lang='lat' dir='ltr'>causa</span> <span class='ocrx_word' id='word_1_388' title='bbox 259 2777 382 2808; x_wconf 80' lang='lat' dir='ltr'>fuerunt</span> <span class='ocrx_word' id='word_1_389' title='bbox 402 2787 455 2808; x_wconf 89' lang='lat' dir='ltr'>cur</span> <span class='ocrx_word' id='word_1_390' title='bbox 478 2778 605 2810; x_wconf 88' lang='lat' dir='ltr'>victoria</span> <span class='ocrx_word' id='word_1_391' title='bbox 624 2787 754 2828; x_wconf 80' lang='lat' dir='ltr'>cruenta</span> <span class='ocrx_word' id='word_1_392' title='bbox 775 2780 827 2829; x_wconf 75' lang='lat' dir='ltr'>ju·</span> <span class='ocrx_word' id='word_1_393' title='bbox 871 2787 973 2812; x_wconf 86' lang='lat' dir='ltr'>essent</span> <span class='ocrx_word' id='word_1_394' title='bbox 1007 2792 1062 2824; x_wconf 86' lang='lat' dir='ltr'>pro</span> <span class='ocrx_word' id='word_1_395' title='bbox 1097 2780 1282 2823; x_wconf 79' lang='lat' dir='ltr'>quibusdam</span> <span class='ocrx_word' id='word_1_396' title='bbox 1318 2780 1406 2821; x_wconf 85' lang='lat' dir='ltr'>quasi</span> <span class='ocrx_word' id='word_1_397' title='bbox 1442 2779 1555 2821; x_wconf 79' lang='lat' dir='ltr'>torqui-</span> 
     </span>
     <span class='ocr_line' id='line_1_48' title="bbox 143 2820 941 2862; baseline 0.005 -11"><span class='ocrx_word' id='word_1_398' title='bbox 143 2820 308 2854; x_wconf 84' lang='lat' dir='ltr'>dicasetur.</span> <span class='ocrx_word' id='word_1_399' title='bbox 352 2820 497 2851; x_wconf 85' lang='lat' dir='ltr'>Etenim&#39;</span> <span class='ocrx_word' id='word_1_400' title='bbox 490 2821 624 2862; x_wconf 79' lang='lat' dir='ltr'>insignes</span> <span class='ocrx_word' id='word_1_401' title='bbox 645 2823 701 2854; x_wconf 89' lang='lat' dir='ltr'>viri</span> <span class='ocrx_word' id='word_1_402' title='bbox 726 2824 828 2855; x_wconf 82' lang='lat' dir='ltr'>amissi</span> <span class='ocrx_word' id='word_1_403' title='bbox 871 2824 941 2856; x_wconf 87' lang='lat' dir='ltr'>bus.</span> 
     </span>
    </p>
   </div>
   <div class='ocr_carea' id='block_1_8' title="bbox 144 2864 818 2905">
    <p class='ocr_par' dir='ltr' id='par_1_14' title="bbox 144 2864 818 2905">
     <span class='ocr_line' id='line_1_49' title="bbox 144 2864 818 2905; baseline 0.003 -9"><span class='ocrx_word' id='word_1_404' title='bbox 144 2864 244 2905; x_wconf 86' lang='lat' dir='ltr'>majus</span> <span class='ocrx_word' id='word_1_405' title='bbox 257 2868 329 2895; x_wconf 86' lang='lat' dir='ltr'>sunt</span> <span class='ocrx_word' id='word_1_406' title='bbox 343 2873 435 2905; x_wconf 86' lang='lat' dir='ltr'>quam</span> <span class='ocrx_word' id='word_1_407' title='bbox 449 2873 503 2905; x_wconf 85' lang='lat' dir='ltr'>pro</span> <span class='ocrx_word' id='word_1_408' title='bbox 518 2874 642 2896; x_wconf 88' lang='lat' dir='ltr'>numero</span> <span class='ocrx_word' id='word_1_409' title='bbox 658 2866 818 2898; x_wconf 84' lang='lat' dir='ltr'>damnum.</span> 
     </span>
    </p>
   </div>
  </div>
 </body>
</html>
