1947 3222
506 104 632 141 L1B.
659 100 814 139 XXXI.
860 103 890 138 C
908 102 994 139 ΑΡ.
1023 103 1215 141 XLVIII.
1490 111 1539 144 43

135 221 180 254 ta
206 213 382 255 navibus
411 212 470 254 ibi
496 211 665 261 relictis,
685 210 852 267 ⁷2super
883 210 1067 251 Maleam
1100 210 1270 267 navigat
1302 214 1538 269 Corcyram.
1553 222 1593 255 U.
1608 222 1728 254 c.552.

139 268 298 326 Regem
328 270 508 326 spatium
541 267 764 309 Initiorum
796 267 973 317 Cereris,
1000 275 1047 308 ut
1078 267 1203 308 sacris
1233 267 1460 321 interesset,
1483 266 1732 312 te-A·C·²⁰⁰·

134 328 239 368 nuit.
272 325 498 368 secundum
522 325 651 366 Initia
671 332 711 365 et
736 325 824 380 ipse
844 325 887 365 in
909 325 1056 365 Asiam
1086 339 1128 365 se
1157 324 1327 381 recepit,
1351 327 1542 381 Agesim-

136 384 258 425 broto
293 392 333 425 et
366 382 544 423 Rhodiis
579 381 751 422 domurn
782 381 972 422 remissis,
1034 383 1140 422 Haec
1176 396 1224 422 ea
1258 389 1402 424 aestate
1434 391 1545 425 terra

136 441 324 496 marique
362 439 561 480 adversus
594 438 841 495 Philippum
873 438 1087 494 sociosque
1119 439 1210 495 ejus
1244 454 1270 479 a
1302 438 1469 480 consule
1504 448 1545 482 et

135 497 272 552 legato
294 495 507 546 Romanis,
525 495 824 552 adjuvantibus
843 511 940 551 rege
962 495 1110 537 Attalo
1137 503 1178 536 et
1200 495 1394 546 Rhodiis,
1415 504 1544 551 gesta.

140 553 296 594 Consul
316 553 420 594 alter
443 554 491 594 C.
510 552 711 594 Aurelius
732 552 786 593 ad
806 553 1041 594 confectum
1056 551 1213 594 bellum
1235 568 1368 608 quum
1389 553 1431 593 in
1453 568 1548 609 pro·
1557 569 1704 601 Aurelius

137 610 312 651 vinciam
342 610 534 660 venisset,
556 609 672 651 haud
693 609 798 650 clam
819 609 917 651 tulit
947 609 1051 651 iram
1080 609 1279 650 adversus
1307 617 1545 665 praetorem,
1560 612 1678 659 Cos-,in

137 667 252 722 quod
282 667 451 708 absente
472 682 513 708 se
533 681 621 708 rem
642 666 844 722 gessisset.
876 667 1001 708 misso
1029 667 1162 722 igitur
1182 682 1230 707 eo
1250 666 1292 707 in
1314 667 1547 718 Etruriam,
1561 654 1677 685 Galha.

136 723 224 779 ipse
258 725 301 764 in
337 739 486 779 agrum
525 724 710 765 hostium
749 723 930 779 legiones
969 723 1161 765 induxit:
1207 723 1548 780 populandoque,

136 795 232 821 cum
251 781 395 837 praeda
414 781 585 837 majore,
608 795 735 837 quam
754 780 902 836 gloria,
923 781 1081 821 bellum
1101 781 1241 837 gessit.
1303 781 1354 821 L.
1378 781 1549 831 Furius,
1563 787 1671 835 Fun’tis
1684 786 1739 837 'tri-

137 838 259 878 simul
291 837 407 894 quod
435 838 479 878 in
510 838 686 878 Etruria
714 837 819 878 nihil
848 845 935 878 erat
966 838 1040 887 rei,
1073 837 1189 893 quod
1223 844 1399 893 gereret,
1428 837 1551 879 simul
1562 830 1711 904 uffPtl‘um

140 895 303 935 Gallico
332 894 549 951 triumpho
569 894 785 943 inminens,
803 909 944 949 quem,
966 895 1136 935 absente
1167 894 1334 935 consule
1363 894 1470 936 irato
1492 902 1553 936 at-
1562 885 1625 917 ΡΕῙ

138 966 222 1006 que
249 952 476 1001 invidente,
497 950 660 992 facilius
689 950 886 1006 inPetrari
916 965 1036 1006 posse
1056 958 1186 1001 ratus,
1211 951 1391 991 Romam
1421 950 1554 1008 inopi-

139 1017 238 1049 nato
259 1018 391 1064 quum
411 1007 604 1057 venisset,
626 1015 816 1048 senatum
840 1006 882 1047 in
903 1007 993 1048 aede
1015 1007 1199 1048 Bellonae
1219 1006 1394 1048 habuit:
1428 1021 1555 1064 expo-

141 1064 314 1120 sitisque
343 1065 469 1106 rebus
498 1063 640 1120 gestis,
666 1073 715 1105 ut
746 1063 1024 1120 triumphanti
1054 1065 1133 1105 sibi
1164 1064 1205 1105 in
1235 1064 1384 1106 urbem
1414 1065 1552 1106 invehi

141 1120 295 1171 liceret,
316 1121 434 1177 petit.

198 1179 421 1219 XLVIII.
454 1178 589 1234 Apud
609 1193 803 1235 magnam
823 1186 984 1235 partem
1016 1186 1184 1220 senatus
1203 1187 1245 1220 et
1265 1179 1555 1235 magnitudine

139 1249 278 1275 rerum
309 1242 522 1291 gestarum
542 1235 722 1285 valebat,
745 1244 784 1277 et
806 1236 952 1292 gratia.
1016 1237 1202 1292 Majores
1222 1244 1325 1277 natu
1346 1237 1557 1293 negabant

138 1291 416 1348 triumphum,
435 1299 473 1334 et
492 1294 598 1347 quod
617 1294 752 1334 alieno
769 1294 945 1334 exercitu
965 1304 1046 1334 rem
1061 1294 1262 1347 gessisset,
1279 1300 1316 1334 et
1337 1296 1446 1348 quod
1455 1308 1556 1347 pro·
1570 1302 1674 1352 Varjae
1689 1314 1757 1334 sen-

141 1350 315 1390 vinciam
336 1351 563 1404 reliquisset
581 1351 784 1392 aviditate
803 1349 1036 1404 ⁷³rapiendz‘
1049 1365 1128 1404 per
1152 1348 1395 1392 occ'asionem
1417 1353 1558 1393 trium-
1567 1351 1672 1377 “²³¹¹‘oe
1686 1346 1718 1378 in

136 1407 234 1458 plaz}
267 1408 311 1447 id
330 1421 421 1448 vero
442 1421 526 1448 eum
547 1409 659 1449 nullo
678 1409 1018 1462 exemplofecisse.
1065 1408 1314 1449 Consulares
1329 1408 1556 1465 praecipue,
1567 1395 1688 1421 senatu.

140 1465 442 1516 exspectandum
455 1466 596 1519 fuisse
613 1467 819 1515 consulem,
842 1465 1047 1507 dicebant,
1073 1467 1254 1518 potuisse
1273 1468 1377 1506 enim
1398 1468 1556 1515 castris,

135 1534 269 1574 prope
287 1522 421 1562 urbem
444 1523 605 1575 positis,
629 1524 799 1563 tutanda
823 1524 998 1572 colonia,
1021 1525 1082 1562 ita
1103 1528 1147 1562 ut
1169 1524 1256 1562 acie
1275 1536 1354 1563 non
1376 1525 1559 1564 decerne-

142 1584 218 1628 ret,
237 1579 282 1619 in
303 1579 513 1620 adventum
530 1578 612 1633 ejus
631 1593 712 1620 rem
729 1581 952 1620 extrahere.
979 1586 1029 1628 et,
1047 1581 1156 1633 quod
1169 1585 1326 1632 prcetor
1346 1581 1559 1635 nonficis-

142 1642 213 1683 set,
241 1637 401 1677 senatui
412 1637 655 1690 faciendum
686 1650 776 1677 esse.
840 1637 1049 1677 Consulem
1079 1642 1375 1689 exspectarent:
1406 1639 1476 1678 ubi
1495 1652 1558 1678 co-

145 1705 232 1732 ram
263 1695 532 1746 disceptantes
559 1695 752 1734 consulem
783 1700 822 1734 et
844 1701 1060 1746 prcetorem
1093 1694 1312 1743 audissent,
1347 1695 1477 1735 verius
1511 1697 1561 1735 de

144 1765 282 1790 caussa
314 1752 609 1791 existimaturos
638 1765 731 1791 esse.
792 1751 953 1807 Magna
973 1757 1070 1808 'pars
1094 1759 1262 1792 senatus
1283 1751 1386 1792 nihil
1406 1759 1560 1808 praeter

144 1811 208 1848 res
237 1816 388 1863 gestas,
419 1816 461 1849 et
491 1823 543 1848 an
573 1807 615 1848 in
645 1808 894 1864 magistratu
927 1809 1097 1864 suisque
1127 1808 1322 1864 auspiciis
1352 1809 1558 1865 gessisset,

143 1864 365 1906 censebant
401 1873 587 1921 spectare
628 1871 816 1906 ‘senatum
852 1865 1014 1907 debere.
1087 1866 1158 1905 Ex
1191 1865 1346 1906 duabus
1375 1867 1558 1915 coloniis,

143 1933 231 1976 quae
259 1924 365 1963 velut
392 1924 570 1963 claustra
600 1924 657 1963 ad
685 1921 921 1964 cohibendos
948 1924 1131 1964 Gallicos
1159 1924 1349 1964 tumultus
1376 1924 1562 1976 obpositae

126 1979 323 2034 fuissent,
346 1987 461 2034 quum
482 1986 564 2020 una
591 1981 754 2033 direpta
775 1986 814 2020 et
835 1981 997 2021 incensa
1027 1986 1138 2030 esset,
1161 1979 1498 2035 trajecturumque
1518 1981 1564 2021 id

146 2038 387 2086 incendium,
405 2038 510 2078 velut
529 2052 577 2078 ex
596 2038 887 2079 continentibus
902 2039 1028 2087 tectis,
1045 2038 1089 2078 in
1105 2039 1275 2078 alteram
1296 2045 1378 2078 tom
1388 2040 1563 2092 propin-

147 2107 265 2148 quam
294 2095 489 2134 coloniam
514 2101 625 2144 esset,
643 2096 743 2149 quid
761 2097 921 2136 tandem
945 2097 1120 2149 prcetori
1131 2097 1376 2149 fiiciendum
1389 2097 1559 2150 fuisse?

148 2151 270 2199 Nam,
288 2153 324 2191 si
342 2153 429 2192 sine
442 2154 599 2192 consule
610 2154 705 2206 geri
719 2153 826 2203 nihil
839 2154 1075 2206 oportuerit,
1091 2151 1162 2192 mit
1176 2159 1354 2193 senatum
1360 2167 1560 2206 peccasse,

148 2208 215 2263 qui
244 2210 456 2249 exercitum
479 2211 654 2262 proetori
683 2211 852 2258 dederit,
888 2210 1090 2263 (potuisse
1118 2212 1238 2259 enim,
1263 2210 1341 2251 ⁷4si
1370 2225 1447 2250 non
1476 2224 1560 2250 cum

141 2266 349 2319 praetoris,
371 2267 440 2307 sed
457 2267 640 2315 consulis,
664 2269 840 2307 exercitu
860 2282 941 2308 rem
957 2268 1051 2322 geri
1070 2268 1255 2317 voluerit,
1276 2268 1336 2308 ita
1348 2268 1485 2321 finire
1504 2282 1562 2308 se-

146 2325 500 2375 natusconsultum,
521 2338 571 2364 ne
584 2337 663 2377 per
677 2330 907 2377 praetorem,
928 2326 1000 2365 sed
1011 2333 1090 2378 per
1109 2326 1315 2373 consulem,
1333 2325 1559 2379 gereretur)

150 2387 218 2420 aut
236 2382 442 2430 consulem,
465 2382 535 2435 qui
554 2395 648 2432 non,
671 2395 787 2436 quum
818 2383 1032 2423 exercitum
1052 2397 1101 2422 ex
1120 2382 1297 2422 Etruria
1318 2383 1496 2422 transire
1517 2383 1561 2422 in

154 2437 335 2479 Galliam
353 2437 553 2491 jussisset,
577 2440 662 2492 ipse
683 2439 869 2480 Arimini
897 2438 1133 2489 obcurrerit,
1154 2445 1199 2479 ut
1223 2439 1322 2479 bello
1343 2439 1559 2487 interesset,

151 2497 256 2548 quod
273 2496 360 2536 sine
380 2510 424 2536 eo
440 2497 532 2549 geri
535 2496 615 2547 fas
635 2510 714 2536 non
735 2502 847 2537 esset.
904 2496 996 2537 Non
1018 2502 1248 2549 exspectare
1267 2496 1364 2536 belli
1382 2502 1562 2550 tempora

197 2600 368 2640 72¹Super
396 2601 542 2643 Maleam]
583 2602 734 2644 Superato
764 2602 836 2633 Ma-
880 2601 1024 2642 exercitu]
1063 2601 1128 2632 Res
1150 2601 1284 2643 profecto
1306 2607 1395 2642 gesta
1417 2607 1462 2632 est
1488 2610 1560 2632 con—

156 2643 212 2673 leae
227 2643 441 2685 promontorio.
881 2644 974 2675 sulari
996 2644 1144 2679 exercitu,
1159 2649 1194 2674 ut
1213 2650 1334 2675 constat
1348 2654 1385 2675 ex
1402 2653 1492 2685 capp.
1510 2645 1560 2676 11,

197 2687 237 2716 73
267 2686 415 2726 Rapiendi
447 2692 499 2726 per
524 2689 695 2718 occasionem
731 2689 837 2718 trium·
880 2692 912 2718 et
926 2688 978 2718 21.
1001 2687 1092 2728 hujus
1115 2687 1197 2724 libri,
1213 2687 1268 2718 'sed
1291 2687 1386 2717 ductu
1410 2685 1560 2728 'auspicio'-

155 2728 222 2768 phi]
261 2728 311 2759 Sic
335 2729 488 2766 Andreas,
512 2729 666 2772 Sigonius,
689 2736 720 2761 et
743 2731 836 2761 MSS.
881 2737 941 2771 que
961 2730 1110 2772 praetoiis,
1126 2730 1254 2761 absente
1268 2729 1405 2760 consule.
1450 2730 1562 2772 ltaque

157 2770 297 2801 Hearnii.
342 2772 548 2805 Gronovianae
575 2773 726 2805 editiones
756 2774 837 2804 male
879 2773 931 2804 hic
960 2773 1077 2815 aliquid
1107 2771 1226 2804 videtur
1254 2781 1320 2803 esse
1349 2771 1465 2803 mendi.
1509 2773 1561 2803 Li-

155 2813 299 2845 o‘mittunt
316 2812 351 2844 ‘rb
364 2819 427 2854 per.
880 2816 988 2847 beuter
1010 2817 1191 2857 legeremus,
1219 2816 1242 2845 si
1262 2820 1316 2845 non
1339 2816 1433 2844 ductu
1456 2822 1560 2855 practo-

200 2858 240 2887 74
263 2857 299 2887 Si
320 2867 377 2887 non
399 2862 466 2888 cum
486 2861 628 2898 prtem-is,
644 2861 690 2891 sed
713 2860 835 2890 consulis
879 2861 929 2895 ris,
945 2861 992 2890 sed
1006 2860 1129 2889 consulis
1144 2869 1202 2888 rem
1211 2859 1277 2898 geri
1291 2858 1423 2888 voluerit.
