1947 3222
477 120 602 158 LIB.
631 118 788 156 XXXI.
833 119 861 154 C
882 119 909 155 A
924 119 964 155 P.
995 119 1129 156 XXX.
1472 125 1523 162 27

103 228 352 279 AWessanam
367 235 404 270 et
424 229 654 282 Syracusas,
673 233 710 268 et
730 233 853 268 totam
870 227 1054 268 Siciliam
1072 226 1153 278 ipsi
1172 226 1331 276 liabent,
1350 229 1523 283 vectiga-
1536 237 1576 269 U.
1588 238 1624 268 C.
1641 237 1713 269 552·

103 288 254 340 lemque
268 287 520 339 provinciam
539 285 738 326 securibus
758 291 797 325 et
800 284 990 338 fascibus
1009 282 1269 336 subjecerunt.
1310 284 1522 335 ¹⁹Scilz‘cet‚
1536 281 1576 312 A.
1590 279 1715 312 C.200.

104 344 205 384 sicut-
221 358 288 384 vos
303 343 515 396 Naupacti
526 343 679 397 legibus
694 343 835 383 vestris
843 356 923 394 per
938 341 1199 395 magistratus
1211 355 1236 381 a
1250 341 1359 382 vobis
1372 349 1525 383 creatos

107 402 316 441 concilium
331 400 499 448 habetis,
521 401 666 440 socium
682 400 905 452 hostemque
920 398 1058 450 libere,
1076 412 1186 452 quem
1203 399 1349 447 velitis,
1367 400 1525 449 lecturi,

100 473 243 512 pacem
263 472 312 497 ac
339 456 481 497 bellum
509 457 685 497 arbitrio
714 456 899 496 habituri
918 462 1068 501 vestrm
1101 456 1159 496 sic
1187 456 1407 497 Siculorum
1428 457 1527 497 civi-

109 515 271 564 tatibus,
291 515 511 568 Syracusas
530 521 602 555 aut
621 515 679 555 M
677 527 871 563 essmzam,
888 520 960 554 aut
976 512 1201 567 Lilybaeum
1223 513 1420 553 indicitur
1438 527 1530 552 con-

110 573 257 613 cilium.
316 573 484 612 Praetor
503 572 714 612 Romanus
742 577 955 611 conventus
975 571 1084 624 agit.-
1115 585 1160 610 eo
1181 571 1349 622 imperio
1379 568 1531 610 evocati

106 630 363 670 conveniunt.-
395 629 545 669 excelso
563 630 607 670 in
627 629 810 683 subgestu
829 628 1000 681 superba
1008 626 1113 681 jura
1134 628 1377 677 reddentem,
1399 628 1530 680 stipa-

110 694 189 727 tum
210 686 416 727 lictoribus
432 687 589 728 vident:
620 687 747 741 virgce
767 693 893 740 tergo,
911 699 1062 726 secures
1080 685 1297 725 cervicibus
1312 685 1531 724 inminent:

112 750 149 784 et
169 744 388 797 quotannis
417 744 541 783 ali-um
563 750 684 798 atque
704 745 828 784 alium
856 744 1055 783 dominum
1084 743 1321 782 sortiuntur.
1382 742 1470 782 Nec
1491 742 1536 782 id

111 802 258 841 mirari
282 801 437 849 debent,
460 807 531 841 aut
555 808 735 854 possunt,
758 814 872 854 quum
895 800 1036 840 Italioe
1062 799 1178 840 urbes
1207 800 1421 853 Rhegium,
1451 799 1535 839 Ta—

110 864 278 905 rentum,
304 859 502 911 Capuam,
526 872 575 897 ne
586 859 800 912 finitimas
820 858 1028 904 nominem,
1052 871 1220 909 quarum
1251 857 1382 897 ruinis
1411 858 1537 897 crevit

111 915 203 956 urbs
233 917 437 964 Romana,
468 914 678 967 ²⁷⁰ejusdem
708 913 902 967 subjectas
932 915 1098 953 videant
1132 915 1315 966 imperio.
1392 915 1535 966 Capua

113 973 284 1026 quidem,
306 974 524 1026 sepulcrum
547 986 595 1013 ac
619 977 910 1012 monumentum
933 971 1139 1023 Campani
1149 971 1311 1023 populi,
1332 970 1478 1010 meloto
1499 977 1537 1011 et

114 1031 270 1070 extorri
291 1029 408 1083 ejecto
438 1030 526 1082 ipso
547 1030 714 1082 populo,
735 1035 914 1081 superest
920 1050 935 1074 ,·
968 1027 1060 1068 urbs
1084 1034 1244 1077 trunca,
1265 1029 1353 1068 sine
1380 1034 1536 1077 senatu,

115 1088 202 1127 sine
229 1087 356 1139 plebe,
386 1087 473 1127 sine
508 1086 827 1140 magistratibus,
855 1085 1116 1138 prodigium;
1161 1086 1306 1125 relicta
1338 1086 1538 1125 crudelius

115 1144 355 1191 habitanda,
379 1157 496 1197 quam
516 1145 554 1184 si
572 1145 704 1184 deleta
708 1143 842 1198 foret.
900 1143 1036 1183 Furor
1055 1149 1124 1191 est,
1147 1143 1184 1183 si
1203 1143 1445 1196 alienigenae
1469 1142 1539 1182 lio-

116 1201 252 1248 mines,
279 1202 373 1253 plus
401 1201 543 1255 lingua
575 1207 614 1242 et
642 1200 810 1241 moribus
839 1206 878 1240 et
907 1199 1073 1254 legibus,
1105 1214 1224 1254 quam
1253 1201 1379 1240 maris
1407 1206 1541 1240 terra-

116 1271 280 1311 rumque
298 1259 446 1310 spatio,
469 1259 648 1309 discreti,
670 1259 754 1298 haec
784 1259 997 1305 tenuerint,
1027 1271 1207 1310 sperare,
1229 1258 1445 1311 quidquam
1476 1271 1540 1297 eo-

118 1316 202 1354 dem
223 1321 332 1355 statu
352 1329 595 1357 mansurum.
655 1316 851 1368 Philippi
870 1328 1035 1369 regnum
1059 1314 1223 1367 obficere
1242 1316 1404 1368 aliquid
1431 1315 1541 1355 vide-

117 1378 185 1412 tur
203 1372 388 1413 libertati
407 1379 568 1414 vestra’:
600 1375 682 1426 qui,
705 1387 821 1426 quum
848 1373 992 1413 merito
1012 1379 1141 1413 vestro
1162 1372 1270 1413 vobis
1291 1373 1461 1426 infestus
1482 1386 1541 1411 es-

120 1435 192 1480 set,
215 1436 252 1470 et
273 1431 381 1471 nilzil
410 1445 436 1470 a
458 1430 566 1471 vobis
595 1432 719 1478 ultra,
743 1444 860 1484 quam
876 1444 1032 1482 pacem,
1048 1431 1190 1483 petiit,
1196 1430 1404 1484 fidemque
1423 1430 1543 1470 lzodie

112 1487 231 1540 pacis
244 1494 380 1540 pactae
400 1489 632 1528 desiderat?
665 1487 1001 1541 Adsuefaciteliis
1017 1488 1138 1527 terris
1153 1488 1329 1539 legiones
1341 1493 1543 1536 externas,

121 1550 160 1584 et
166 1543 312 1597 jugum
333 1545 518 1597 accipite.
549 1559 636 1585 sero
657 1559 705 1584 ac
724 1545 1009 1597 nequidquam,
1033 1558 1149 1597 quum
1171 1545 1369 1584 dominum
1390 1545 1544 1584 Roma-

121 1615 213 1640 num
233 1601 444 1651 habebitis,
466 1603 611 1642 socium
633 1602 869 1654 Philippum
898 1601 1094 1654 quoeretis.
1155 1600 1332 1650 AEtolos,
1357 1601 1545 1641 Acarna-

123 1672 210 1705 nas,
233 1658 500 1708 Macedonas,
517 1659 690 1712 ejusdem
709 1660 861 1711 linguae
879 1658 1069 1706 homines,
1084 1659 1186 1698 leves
1204 1659 1260 1697 ad
1279 1665 1431 1711 tempus
1446 1664 1547 1698 ortae

124 1729 273 1755 caussae
293 1715 528 1769 disjungunt
556 1714 896 1769 conjunguntque:
927 1713 1050 1755 2⁶2cum
1078 1714 1327 1769 alienigenis,
1348 1730 1431 1756 cum
1454 1715 1547 1755 bar-

124 1772 238 1812 baris
271 1779 461 1812 ceter-mem
497 1773 677 1813 omnibus
714 1772 874 1813 Grcecis
909 1772 1050 1812 bellum
1082 1779 1153 1820 est,
1185 1774 1352 1826 eritque.
1394 1779 1546 1813 natura

124 1829 240 1876 enim,
259 1843 346 1883 quae
360 1836 561 1882 perpetua
582 1837 652 1879 est,
670 1844 752 1870 non
771 1829 1029 1883 mutabilibus
1049 1831 1093 1870 in
1114 1831 1217 1870 diem
1239 1832 1401 1878 caussis,
1419 1831 1548 1870 liostes

123 1892 227 1927 sunt.
286 1887 379 1936 Sed,
400 1888 506 1928 unde
534 1889 655 1941 caepit
683 1888 820 1928 oratio
849 1901 950 1937 mea,
973 1887 1032 1927 ibi
1062 1888 1227 1928 desinet.
1288 1888 1385 1928 Hoc
1414 1888 1548 1928 eodem

125 1944 212 1984 loco
234 1944 356 1984 iidem
385 1945 564 1985 homines
593 1946 642 1985 de
671 1944 840 1997 ejusdem
870 1945 1066 1997 Philippi
1087 1959 1193 1998 pace
1212 1943 1433 1985 23ἰνίεήηἱο
1453 1950 1550 1985 ante

126 2002 370 2050 decrevistis,
388 2002 532 2043 iisdem
549 2002 858 2055 inprobantibus
874 2015 959 2042 eam
969 2016 1110 2054 pacem
1135 2002 1342 2051 Romanis,
1360 2003 1431 2056 qui
1446 2016 1550 2042 nunc

124 2064 288 2107 pactam
309 2064 347 2098 et
367 2060 623 2112 compositam
646 2059 810 2100 turbare
829 2060 978 2100 volunt,
1010 2060 1053 2099 in
1075 2074 1154 2113 (μιαν
1175 2061 1467 2100 consultatione
1488 2060 1551 2100 ni-

128 2115 191 2155 kil
193 2115 376 2168 fortuna
397 2118 580 2165 mutavit,
603 2131 674 2158 cur
693 2131 758 2158 vos
778 2117 950 2165 mutetis,
972 2130 1052 2156 non
1074 2118 1203 2157 video.

187 2173 348 2213 XXX.
383 2173 623 2214 Secundum
658 2173 927 2223 Macedonas,
959 2173 1058 2229 ‘ipsis
1090 2174 1291 2214 Romanis
1320 2174 1380 2215 ita
1410 2190 1552 2216 conce-

130 2229 327 2270 dentibus
342 2230 692 2286 jubentibusque,
715 2230 1007 2281 Athenienses,
1029 2231 1103 2286 qui
1124 2231 1238 2271 foeda
1258 2232 1367 2287 passi
1392 2232 1552 2287 justius

130 2285 174 2326 in
208 2286 498 2328 crudelitatem
535 2287 820 2343 saevitiamque
855 2287 964 2343 regis
1004 2286 1144 2328 invehi
1179 2295 1388 2344 poterant,
1423 2289 1553 2329 intro-

131 2341 248 2384 ducti
288 2351 398 2385 sunt.
460 2344 799 2400 Deploraverunt
838 2344 1112 2385 vastationem
1152 2344 1552 2401 populationemque

176 2442 389 2483 19³³Scz'licet]
435 2442 557 2474 Ironice
600 2442 738 2473 dictum:
787 2447 822 2472 ut
865 2448 964 2473 torum
988 2448 1020 2474 et
1046 2443 1151 2484 primae
1174 2443 1318 2475 editionis
1343 2444 1446 2480 lectio,
1473 2449 1552 2475 teste

134 2483 211 2516 illud
240 2485 374 2526 Virgilii,
403 2487 524 2517 Scilicet
550 2487 576 2516 is
602 2486 720 2526 Superis
742 2486 821 2515 labor
865 2487 936 2518 JaC.
965 2486 1132 2517 Gronovio.
1178 2486 1294 2517 Firmat
1320 2486 1438 2517 Victor.
1459 2487 1552 2517 Adde

135 2534 186 2557 est.
865 2529 948 2570 quod
974 2538 1067 2570 supra
1091 2529 1157 2569 jam
1186 2529 1323 2561 Romani
1351 2530 1452 2560 vocati
1480 2535 1552 2560 sunt

177 2570 219 2600 20
243 2570 381 2609 Ejusdem
403 2572 542 2610 subjectas
571 2593 579 2602 .
609 2594 617 2601 .
646 2594 655 2601 .
680 2571 819 2611 imperio]
864 2573 1053 2613 alienigenae:
1086 2577 1117 2602 et
1141 2582 1212 2602 mox
1237 2572 1270 2602 in
1292 2572 1429 2604 oratione
1452 2572 1551 2603 Athe-

137 2611 243 2652 ]Magis
264 2613 414 2654 placeret,
438 2615 528 2644 eidem
544 2636 553 2644 .
569 2637 577 2644 .
594 2636 602 2644 .
617 2616 753 2653 imperio:
787 2619 822 2644 ut
865 2614 1029 2649 niensium,
1059 2616 1109 2654 qui
1140 2615 1283 2645 Romanos
1318 2616 1497 2656 alienigenas
1524 2621 1551 2645 et

136 2664 198 2684 non
212 2656 303 2686 modo
325 2656 478 2687 Romanis
499 2655 646 2697 subjectae
669 2656 822 2692 dicantur,
866 2659 998 2688 barbaros
1021 2664 1109 2688 vocet.
1152 2658 1262 2689 Minus
1283 2663 1365 2689 recte
1387 2658 1480 2698 igitur
1502 2657 1553 2688 hic

138 2696 192 2727 sed
208 2702 239 2727 et
260 2698 367 2729 eodem
389 2699 492 2734 modo,
508 2700 618 2731 eadem
640 2699 783 2740 superbia
806 2709 824 2729 a
865 2700 1016 2732 edebatur
1029 2711 1096 2731 cum
1110 2701 1223 2732 alienis.

138 2739 290 2770 Romanis
303 2741 379 2782 regi.
909 2745 950 2774 23
976 2744 1113 2773 Triennio
1136 2744 1390 2785 ante],Extrema
1413 2752 1474 2772 non
1496 2753 1553 2773 nu-

180 2783 362 2824 21*Elat0]
400 2784 453 2815 Ad
479 2785 572 2815 funus
604 2789 702 2826 rapto.
747 2786 777 2815 V
780 2784 823 2815 id.
866 2791 966 2817 merat
988 2786 1104 2821 Livius,
1120 2792 1155 2817 ut
1176 2797 1269 2829 supra
1284 2797 1311 2816 c.
1331 2786 1382 2815 12.
1405 2785 1553 2826 Alioquin

137 2830 201 2855 not.
217 2824 257 2855 ad
272 2825 434 2857 XXVIII.
449 2829 502 2858 28.
867 2829 1063 2860 scribendum
1093 2829 1202 2865 fuerat,
1229 2829 1435 2869 quinquennio.
1479 2827 1554 2859 Vid.

178 2868 221 2898 22
246 2868 321 2898 Cum
342 2870 530 2915 alienigenis]
558 2870 637 2900 Haec
660 2876 706 2901 est
729 2870 823 2912 scrip-
868 2872 1025 2903 LXXIX.
1041 2873 1131 2902 c.12.
