1947 3222
412 84 486 125 298
934 77 996 117 T1
1012 77 1074 116 TI
1121 77 1290 116 LIVII

195 199 289 230 UC.
303 197 375 229 5.(12
403 186 508 243 joris
545 186 691 227 formae
737 185 906 227 navium
945 194 1048 237 erat,
1087 186 1141 213 ⁷⁰
1133 201 1175 227 m
1215 185 1369 241 quibus
1413 193 1495 226 tres
1537 185 1727 248 hepteres
1763 195 1805 228 et

195 242 289 273 A.C.
304 241 373 272 190·
409 251 617 326 quatuor⁷1
637 242 809 284 hexeres
855 242 1049 284 habebat.
1109 251 1261 299 praeter
1308 242 1383 283 has
1431 241 1572 283 decem
1622 241 1806 283 triremes

407 308 536 341 erant.
585 298 672 341 ⁷¹et
710 298 777 340 hid
815 298 956 340 adesse
998 299 1137 340 hostes
1184 315 1235 340 ex
1285 298 1450 354 specula
1477 291 1674 362 quadam
1713 313 1807 354 cog-

407 371 568 397 novere.
628 357 823 411 Utraque
853 355 990 396 classis
1019 363 1184 410 postero
1214 355 1280 397 die
1309 356 1400 396 luce
1424 354 1571 411 prima,
1593 364 1806 410 tamquam

408 428 457 453 eo
477 413 544 454 die
572 420 838 473 pugnatura,
847 427 869 452 e
896 419 1022 466 portu
1051 411 1203 452 movit:
1235 420 1291 462 et,
1312 420 1533 477 postquam
1565 426 1808 467 superavere

198 481 307 525 Pugna
322 479 399 510 inter
411 469 568 510 Rhodii
587 467 932 530 promontorium,
953 467 1069 522 quod
1089 468 1141 508 ab
1164 467 1263 508 Sida
1281 469 1487 523 prominet
1507 483 1546 509 m
1569 468 1717 518 altum,
1737 483 1807 508 ex-

195 528 337 561 regioset
411 526 567 582 templo
593 533 634 566 et
666 522 873 601 conspecti
903 524 956 565 ab
984 523 1174 565 hostibus
1203 532 1314 574 sunt,
1335 533 1376 565 et
1395 525 1474 580 ips1
1503 540 1571 565 eos
1600 525 1807 566 viderunt.

196 564 344 596 Rhodios.
410 582 521 623 ⁷⁶²Ab
553 581 695 637 regiise
724 580 888 621 sinistro
922 595 1065 631 cornu,
1101 580 1215 635 quod
1253 581 1306 621 ab
1340 580 1426 621 alto
1458 581 1668 637 objectum
1703 588 1806 629 erat,

411 638 640 687 Hannibal,
662 636 812 677 dextro
832 637 1098 692 Apollonius,
1119 645 1449 693 purpuratorum
1472 653 1595 687 unus,
1617 646 1804 693 praeerat.

408 704 448 737 et
474 696 562 758 jam
588 695 632 735 in
651 693 831 734 frontem
861 693 1037 734 directas
1065 693 1273 734 habebant
1303 707 1438 734 naves.
1499 694 1653 734 Rhodii
1683 695 1807 750 longo

407 751 570 806 agmine
598 750 830 791 veniebant.
865 749 1001 805 prima
1025 749 1221 805 praetoria
1248 764 1327 790 nax
1330 750 1364 791 is
1389 749 1571 790 Eudami
1596 759 1708 800 erat;
1742 767 1808 792 co-

406 808 531 863 gebat
563 822 711 863 agmen
747 806 1024 853 Chariclitus;
1070 806 1354 872 Pamphilidas
1382 806 1529 847 mediae
1559 806 1675 847 classi
1704 823 1810 864 prae-

406 872 508 905 erat.
558 864 794 913 Eudamus,
815 871 1037 919 postquam
1058 862 1240 926 hostium
1262 863 1391 904 aciem
1410 862 1654 903 instructam
1675 873 1716 905 et
1736 879 1808 919 pa,

406 929 540 962 ratam
561 921 614 961 ad
635 919 965 961 concurrendum
993 919 1115 969 vidit,
1137 927 1178 961 et
1208 919 1296 976 ipse
1316 920 1359 960 in
1379 919 1510 960 altum
1541 919 1745 970 evehitur,
1766 928 1808 962 et

406 977 612 1033 deinceps,
644 992 740 1032 quae
771 977 1065 1031 sequebantur,
1097 985 1305 1018 servantes
1334 976 1520 1017 ordinem
1551 976 1595 1016 in
1628 976 1808 1017 frontem

405 1034 583 1090 dirigere
608 1034 743 1089 jubet
806 1033 870 1074 Ea
887 1048 952 1074 res
972 1048 1106 1088 primo
1135 1033 1366 1074 tumultum
1395 1031 1588 1095 praebuit.
1618 1048 1713 1073 nam
1733 1048 1807 1074 nec

408 1091 526 1131 siem
547 1090 679 1131 altum
709 1098 876 1131 evectus
905 1098 1008 1139 erat,
1029 1097 1076 1131 ut
1102 1089 1204 1130 ordo
1232 1090 1418 1130 omnium
1447 1104 1616 1130 navium
1645 1089 1698 1130 ad
1728 1097 1808 1131 ter-

407 1162 496 1210 ram
529 1147 725 1203 explicari
765 1154 925 1209 posset:
972 1154 1013 1186 et
1047 1146 1245 1187 festinans
1284 1146 1370 1202 ipse
1408 1161 1672 1208 praepropere
1711 1162 1807 1187 cum

406 1203 593 1259 quinque
626 1203 720 1244 solis
754 1202 930 1244 navibus
965 1202 1193 1243 Hannibali
1227 1202 1423 1244 obcurrit.
1467 1202 1605 1252 ceteri,
1637 1203 1736 1257 quia
1764 1202 1806 1243 in

406 1261 585 1301 frontem
620 1259 798 1315 dirigere
826 1258 933 1315 jussi
967 1267 1099 1309 erant,
1133 1274 1215 1300 non
1250 1259 1542 1314 sequebantur.
1602 1259 1806 1300 Extremo

406 1317 561 1379 agmini
581 1316 658 1357 loci
678 1316 780 1356 nihil
801 1316 854 1356 ad
875 1324 1027 1357 terram
1047 1316 1180 1356 relicti
1200 1324 1312 1361 erat;
1346 1315 1766 1371 trepidantibusque
1755 1314 1806 1356 115

406 1373 513 1414 inter
533 1389 589 1423 se,
605 1374 692 1429 jam
722 1373 765 1413 in
786 1372 934 1413 dextro
962 1387 1091 1414 cornu
1120 1372 1318 1414 adversus
1339 1372 1618 1414 Hannibalem
1647 1387 1807 1428 pugna-

405 1430 541 1471 batur.

462 1487 637 1528 XXIV.
671 1486 750 1528 Sed
771 1493 980 1528 momento
1007 1486 1204 1542 temporis
1224 1494 1265 1528 et
1285 1485 1453 1527 navium
1474 1485 1622 1536 virtus,
1643 1493 1684 1526 et
1704 1500 1806 1526 usus

402 1544 462 1584 rei
492 1544 712 1585 maritimae
740 1553 937 1585 terrorem
967 1558 1128 1584 omnem
1160 1543 1338 1584 Rhodiis
1372 1542 1533 1583 demsit.
1569 1558 1664 1584 nam
1693 1550 1734 1583 et
1763 1542 1806 1583 in

403 1601 536 1641 altum
557 1601 742 1642 celeriter
770 1609 922 1641 evectae
942 1615 1066 1640 naves
1093 1600 1228 1640 locum
1248 1607 1341 1655 post
1364 1615 1404 1640 se
1425 1614 1605 1655 quaeque
1624 1598 1804 1640 venienti

403 1657 457 1697 ad
484 1665 635 1697 terram
665 1657 841 1704 dedere;
879 1664 934 1706 et,
962 1656 993 1696 si
1022 1671 1106 1711 qua
1134 1665 1396 1697 concurlerat
1426 1664 1560 1697 iostro
1589 1671 1684 1697 cum
1713 1655 1806 1697 hos-

403 1713 509 1754 tium
530 1729 609 1754 nax
611 1715 640 1764 i,
661 1722 734 1754 aut
755 1728 920 1776 ploram
948 1713 1168 1762 lacerabat,
1190 1721 1264 1753 aut
1285 1727 1417 1753 remos
1437 1712 1702 1777 detergebat,
1715 1720 1804 1762 aut,

402 1769 532 1811 libeio
561 1770 668 1811 inter
695 1769 859 1810 ordines
889 1769 1078 1810 discursu
1107 1777 1391 1832 praetervecta,
1413 1769 1455 1810 in
1485 1769 1659 1824 puppim
1690 1769 1804 1824 inpe-

403 1835 492 1867 tum
514 1826 652 1867 dabat.
683 1826 861 1867 maxime
881 1825 1083 1866 exterruit
1102 1825 1284 1881 hepteris
1304 1841 1431 1881 reg1a‚
1452 1841 1477 1866 a
1496 1825 1629 1866 multo
1648 1825 1805 1866 minore

403 1883 572 1924 Rhodia
601 1898 705 1923 nave
737 1897 821 1923 uno
855 1881 943 1923 ictu
978 1882 1174 1923 demersa.
1237 1883 1387 1937 Itaque
1411 1883 1500 1938 jam
1529 1881 1644 1922 haud
1675 1881 1803 1923 dubie

401 1940 621 1980 dexterum
652 1954 780 1980 cornu
809 1939 993 1979 hostium
1022 1938 1065 1979 in
1091 1939 1235 1994 fugam
1265 1929 1498 1980 inclinabat.
1561 1938 1802 1979 Eudamum

400 1996 442 2037 in
469 1996 569 2046 alto,
590 1995 860 2037 multitudine
890 2010 969 2036 nav
972 1996 1059 2036 ium
1090 1995 1268 2036 maxime
1299 1996 1526 2059 Hannibal,
1548 1995 1692 2036 ceteris
1718 2010 1804 2036 om-

398 2053 522 2094 nibus
557 2052 678 2108 longe
713 2060 993 2117 praestantem,
1025 2052 1255 2108 urguebat:
1293 2061 1334 2093 et
1364 2052 1546 2093 circumi
1549 2053 1712 2102 enisset,
1742 2051 1799 2101 ni,

400 2110 517 2165 signo
548 2110 713 2151 sublato
733 2125 785 2150 ex
812 2109 1010 2165 praetoria
1038 2124 1117 2150 nax
1120 2124 1156 2160 5,
1181 2109 1286 2165 (quo
1302 2109 1539 2172 dispersam
1569 2108 1768 2149 classem
1757 2122 1799 2148 111

399 2181 530 2207 unum
561 2165 698 2221 colligi
729 2181 817 2207 mos
837 2169 945 2221 erat)
968 2165 1162 2216 7³omnes,
1184 2181 1280 2221 quae
1301 2165 1343 2206 in
1367 2167 1516 2208 dextro
1539 2180 1666 2206 cornu
1694 2165 1800 2206 vice-

191 1889 328 1919 Vincunt

192 1931 314 1962 Rhodii.

832 2255 915 2287 datii
930 2256 1025 2288 Gron.

438 2345 479 2375 70
505 2344 539 2374 In
569 2346 671 2385 quihus
699 2351 755 2375 tres
779 2347 906 2385 hepteres
927 2368 935 2375 .
962 2370 968 2376 .
996 2347 1078 2376 habc-

395 2387 458 2427 bat]
520 2386 672 2418 Ultimam
711 2397 816 2419 vocem
852 2387 960 2419 merito
996 2388 1077 2420 delet

396 2429 581 2461 Gronovius.

437 2474 474 2503 71
506 2472 545 2502 Et
573 2473 603 2502 hi
633 2474 727 2503 adesse
755 2473 858 2513 hostes]
907 2473 945 2503 Et
975 2474 1015 2509 hi,
1044 2473 1075 2503 id

394 2521 450 2550 est.
480 2514 554 2556 reg-ii
583 2525 704 2555 quoque
734 2521 941 2555 cognoverunt
969 2515 1074 2546 adesse

395 2559 507 2594 hostes,
530 2557 790 2598 quemadmodum
814 2558 928 2588 Rhodii
952 2559 991 2588 ab
1014 2559 1074 2588 Λ5-

393 2600 513 2642 pendiis
540 2599 701 2631 audierant
725 2599 826 2630 hostes
855 2600 970 2631 vicinos
996 2610 1076 2630 esse.

397 2644 497 2683 Vulgo
520 2642 629 2683 legitur
646 2648 674 2673 et
689 2643 760 2672 alii.-
784 2642 876 2673 male.
921 2643 1074 2678 Audi-ea,

393 2692 423 2717 et
448 2685 635 2726 Moguntina
657 2685 761 2721 editio,
785 2690 816 2715 ct
839 2695 917 2715 unus
939 2695 955 2715 e
978 2686 1073 2716 MSS.

395 2727 534 2764 llearnii,
562 2729 728 2770 praeferunt
752 2734 779 2758 et
808 2729 846 2757 ii.-
883 2738 951 2768 quae
978 2728 1074 2768 proba

393 2770 482 2800 lectio
511 2777 568 2802 cst.
612 2771 672 2802 Sed
703 2770 811 2802 melius
845 2769 945 2801 adhuc
976 2776 1073 2802 noster

395 2813 509 2846 Victor.
525 2821 550 2844 et
568 2815 607 2850 hi,
625 2813 777 2856 quomodo
792 2812 954 2846 edidimus-

1154 2260 1168 2276 ‘³
1185 2258 1264 2299 regio
1279 2256 1358 2287 Ead.

1166 2347 1206 2376 72
1229 2346 1273 2375 Ab
1291 2345 1393 2387 regiis]
1429 2344 1530 2386 Vulgo
1545 2346 1580 2374 ab
1594 2346 1683 2385 regio.
1726 2345 1797 2375 Mo-

1122 2388 1191 2419 dius
1207 2393 1335 2419 testatur
1358 2387 1417 2429 legi
1432 2387 1463 2418 in
1478 2387 1571 2418 MSS.
1595 2388 1656 2418 suis
1670 2398 1798 2429 quomo-

1121 2431 1161 2462 do
1176 2430 1226 2462 edi
1242 2429 1426 2461 curavimus.

1163 2475 1202 2504 73
1228 2474 1330 2504 Omnes
1352 2482 1416 2513 quoe
1440 2473 1469 2502 in
1494 2473 1591 2502 destro
1612 2484 1702 2503 cornu
1724 2474 1798 2504 vice-

1117 2517 1202 2564 ravit]
1241 2518 1308 2546 Imo
1330 2517 1359 2545 in
1383 2516 1462 2550 loevo,
1488 2514 1548 2549 vel,
1569 2515 1593 2545 si
1618 2516 1711 2547 levior
1731 2526 1797 2546 mu-

1118 2559 1194 2589 tatio
1227 2558 1339 2604 placet,
1368 2559 1400 2587 in
1427 2558 1529 2588 alter).
1584 2558 1666 2589 Nam
1696 2558 1728 2589 in
1761 2558 1799 2589 iis

1119 2611 1188 2642 quae
1211 2611 1345 2642 proxime
1370 2600 1557 2641 praecedunt,
1573 2601 1714 2631 dextmm
1731 2611 1794 2632 cor-

1119 2653 1161 2674 nu
1191 2642 1321 2673 hostium
1350 2642 1512 2673 1511155555
1541 2643 1663 2674 dicitur.
1716 2645 1797 2684 Ergo

1117 2687 1156 2716 ab
1173 2684 1304 2717 Rhodiis
1328 2685 1436 2715 laevum
1460 2696 1552 2716 511511
1569 2685 1694 2717 vicerat„
1736 2687 1795 2717 To-

1118 2734 1148 2758 ta
1177 2728 1272 2775 praelii
1308 2729 1439 2759 narratio
1468 2728 1499 2758 id
1529 2729 1647 2770 pimobat
1691 2729 1796 2760 Simile

1122 2770 1206 2807 livii,
1237 2781 1300 2802 sive
1337 2770 1527 2802 librariorum
1563 2777 1696 2803 erratum
1730 2777 1795 2802 tum

1119 2813 1190 2845 alibi
1210 2813 1276 2855 jam
1301 2813 1459 2855 aliquoties
1482 2815 1664 2851 notavimus,
1687 2819 1751 2846 tum
1775 2813 1797 2845 Ι.

1928 2407 1929 2410 ’
1934 2400 1937 2422 l

1932 2425 1937 2453 l

1932 2459 1936 2475 e

1932 2477 1936 2508 ,¹
