1947 3222
513 112 630 150 Llss.
661 109 813 148 xxxi.
856 110 988 148 CAl'.
1020 110 1174 148 XVIII.
1500 116 1543 152 17

126 217 231 262 iram
268 219 468 271 accendit,
502 229 562 269 ut,
594 219 649 260 ad
686 218 958 275 Saguntinam
995 217 1150 259 rabiem
1184 220 1305 268 versi,
1337 227 1543 261 matronas
1558 225 1738 259 U.C.55².

127 294 269 320 omnes
299 278 340 318 in
373 278 528 334 templo
560 277 724 326 Dianae,
754 291 905 332 pueros
934 275 1150 330 ingenuos,
1176 274 1456 332 virginesque,
1484 277 1543 317 in-

128 334 263 376 fantes
282 335 406 375 etiam
428 350 523 375 cum
549 334 634 374 suis
663 332 912 381 nutricibus,
934 331 977 372 in
1006 331 1270 387 gymnasium
1301 331 1455 374 includi
1473 335 1542 390 ju-

128 391 295 433 berent:
328 405 475 431 aurum
509 399 550 432 et
580 399 801 445 argentum
833 389 872 429 in
905 389 1043 429 forum
1074 388 1240 437 deferri,
1263 397 1419 429 vestem
1449 406 1540 445 pre-

127 449 271 489 tiosam
310 448 354 488 in
393 463 518 488 naves
560 447 770 488 Rhodiam
809 445 1158 501 Cyzicenamque,
1195 460 1291 500 quae
1332 446 1375 486 in
1415 456 1539 501 portu

122 513 254 554 crant,
278 504 312 530 ⁷⁶
324 505 528 560 congeri¹t
563 504 796 544 sacerdotes
828 502 1096 557 victimasque
1129 501 1297 551 adduci,
1324 510 1364 543 et
1394 503 1541 544 altaria

123 561 165 602 in
199 561 336 602 medio
368 561 478 617 poni.
510 561 568 602 ibi
602 560 750 602 delecti
779 560 977 616 primum,
1009 558 1097 614 qui,
1128 559 1200 599 ubi
1231 573 1380 599 caesam
1410 560 1538 601 aciem

119 633 308 667 suorum,
337 634 413 674 pro
443 618 585 659 diruto
615 632 736 658 muro
767 624 1039 672 pugnantem,
1065 615 1300 663 vidisssent,
1329 617 1539 672 extemplo

120 675 318 730 conjuges
358 675 593 730 liberosque
629 675 933 720 interfice1·ent;
977 687 1142 721 aurum,
1178 680 1414 728 argentum,
1451 689 1539 714 ves-

120 739 303 787 temque,
334 747 430 787 quae
463 733 505 773 in
539 732 715 772 navibus
750 738 870 779 esset,
902 730 944 770 in
980 744 1092 770 mare
1123 728 1372 784 dejicerent3
1418 730 1537 771 tectis

117 788 296 844 publicis
326 788 600 844 privatisque,
623 786 942 843 quamplurimis
972 785 1070 827 locis
1101 794 1282 841 possent,
1305 786 1420 842 ignes
1441 787 1538 828 sub-»

110 845 313 901 jicerent3
347 856 403 895 et,
436 861 477 885 se
507 845 668 886 facinus
702 851 1030 900 perpetraturOS,
1058 842 1392 897 ⁷⁷praeeuntibus
1422 859 1536 884 exse-

113 902 269 943 crabile
295 917 459 943 carmen
490 900 787 949 sacerdotibus,
803 898 1082 955 jurejurando
1111 899 1271 939 adacti:
1303 899 1336 926 7⁸
1349 907 1440 941 tum
1462 901 1536 941 mi-

115 958 246 1000 litaris
277 967 378 1000 aetas
401 960 560 1014 jurare,
587 956 792 998 neminem
823 956 982 1004 vivum,
1005 954 1083 995 nisi
1114 955 1327 1005 victorem,
1349 957 1436 997 acie
1465 972 1535 998 ex-

111 1031 339 1057 cessurum.
401 1015 476 1065 Hi,
498 1028 699 1054 memores
721 1014 923 1060 Deorum,
945 1011 1048 1052 adeo
1077 1011 1345 1067 pertinaciter
1374 1027 1535 1069 pugna-

115 1081 281 1122 verunt,
303 1080 365 1121 ut,
387 1086 521 1127 quum
550 1086 633 1111 nox
664 1069 858 1126 proelium
889 1068 1120 1109 diremtura
1150 1077 1270 1118 esset,
1300 1084 1374 1110 rex
1403 1071 1531 1125 prior,

113 1129 283 1170 territus
317 1128 430 1169 rabie
459 1143 619 1177 eorum,
655 1142 801 1183 pugna
833 1125 1054 1166 abstiterit.

107 1184 288 1226 atrocior
307 1200 404 1241 pars
424 1184 617 1226 facinoris
638 1183 831 1239 delegata
850 1191 953 1232 erat,
975 1197 1108 1237 quum
1134 1197 1288 1237 paucos
1309 1191 1350 1224 et
1371 1184 1531 1224 confec-

108 1251 173 1283 tos
193 1242 438 1283 vulneribus
457 1257 505 1282 ac
525 1240 769 1282 lassitudine
790 1254 1003 1296 superesse
1023 1239 1171 1294 proelio
1191 1248 1419 1290 cernerent,
1438 1240 1529 1282 luce

107 1298 242 1355 prima
271 1298 503 1340 sacerdotes
531 1314 626 1339 cum
657 1296 799 1338 infulis
820 1296 874 1337 ad
906 1295 1052 1337 urbem
1074 1295 1306 1337 dedendam
1331 1296 1529 1354 Philippo

108 1355 296 1397 mittunt.

164 1414 346 1454 XVIII.
385 1413 500 1454 Ante
540 1410 793 1453 deditionem
833 1426 883 1451 ex
925 1410 974 1452 iis
1010 1410 1156 1465 legatis
1198 1410 1412 1460 Romanis,
1454 1412 1527 1468 qui

107 1469 409 1511 Alexandriam
438 1468 551 1510 missi
572 1477 704 1518 erant,
729 1469 791 1508 M.
816 1467 1015 1508 AEmilius
1035 1466 1068 1494 ⁷⁹
1082 1467 1210 1508 trium
1231 1482 1431 1509 consensu
1453 1470 1528 1509 mi-

105 1526 242 1567 nimus
273 1535 392 1576 natu,
424 1525 569 1566 audita
602 1524 816 1565 obsidione
847 1523 1169 1578 Abydenorum,
1195 1524 1250 1564 ad
1279 1525 1525 1580 Philippum

104 1583 231 1623 venit.
264 1582 353 1638 qui,
375 1590 549 1638 questus
570 1580 720 1622 Attalo
745 1580 1009 1636 Rhodiisque
1038 1595 1152 1620 arma
1182 1580 1325 1631 inlata,
1348 1589 1389 1622 et
1409 1582 1526 1636 quod

106 1647 197 1681 tum
224 1639 403 1679 maxime
424 1637 631 1693 Abydum
660 1638 940 1693 obpugnaret,
962 1651 1095 1691 quum
1126 1650 1198 1676 rex
1229 1637 1282 1677 ab
1305 1637 1454 1678 Attalo
1483 1647 1524 1679 et

106 1695 284 1738 Rhodiis
319 1695 432 1736 ultro
467 1709 509 1735 se
548 1694 658 1734 bello
697 1693 933 1734 lacessitum
968 1691 1149 1739 diceret;
1178 1693 1304 1733 fNum
1338 1694 1526 1746 Abydeni

101 1767 268 1807 quoque,
290 1751 442 1807 inquit,
464 1752 572 1791 ultro
601 1751 679 1791 tibi
708 1751 931 1791 intulerunt
951 1752 1097 1789 arma?
1132 1751 1306 1791 Insueto
1326 1765 1425 1791 vera
1451 1767 1523 1792 au-

101 1810 191 1851 dire
220 1809 396 1850 ferocior
425 1807 558 1848 oratio
578 1807 667 1848 visa
695 1816 772 1857 est,
801 1822 928 1862 quam
959 1821 1058 1862 quae
1093 1806 1287 1847 habenda
1315 1808 1431 1863 apud
1460 1823 1521 1848 re-

97 1882 193 1923 gem
212 1874 332 1907 esset.
393 1864 573 1913 ⁸⁰AEtQS,
594 1864 748 1920 inquit,
771 1872 809 1905 et
823 1864 985 1917 forma,
1006 1870 1046 1904 et
1068 1877 1188 1917 super
1212 1865 1349 1904 omnia
1370 1865 1521 1904 Roma-

97 1938 190 1964 num
222 1936 365 1963 nomen
395 1929 434 1963 te
445 1922 695 1976 ferociorem
709 1922 838 1974 fizcit.
898 1923 992 1975 Ego
1021 1927 1151 1962 autem
1179 1922 1358 1973 primum
1387 1923 1517 1971 velim,

95 1995 162 2022 vos
173 1981 378 2034 foederum
401 1993 585 2019 memores
605 1992 766 2019 servare
786 1993 929 2019 mecum
950 1992 1107 2031 pacem.
1169 1978 1216 2018 Si
1236 1977 1337 2018 hello
1356 1979 1519 2019 lacesse-

94 2039 204 2088 ritis,
226 2038 326 2078 mihi
351 2050 503 2091 quoque
522 2035 613 2076 312'72
643 2036 779 2076 animo
808 2042 866 2076 est
878 2036 1041 2089 facere,
1065 2040 1109 2075 ut
1137 2049 1299 2089 regnum
1322 2035 1518 2076 Macedo-

684 2106 693 2131 ¹
709 2109 815 2148 conjici
830 2108 927 2140 Gron.

1556 268 1596 300 A.
1613 269 1651 300 C.
1661 269 1734 301 200.

1116 1124 1345 1181 Principes,
1376 1126 1531 1181 quibus
1547 1131 1629 1163 Urbs
1643 1132 1729 1181 dedi-

1541 1178 1722 1260 {Yssssffn‘

137 2171 179 2201 76
204 2170 344 2212 Congeri]
375 2170 444 2200 Hoc
467 2170 593 2200 verbum
614 2167 715 2210 aptius
735 2168 779 2198 vi-

825 2168 969 2209 supplere
984 2177 1021 2197 ex
1035 2166 1071 2197 iis
1084 2177 1155 2207 quae
1171 2165 1308 2208 proxime
1323 2165 1513 2208 praecedunt,

94 2223 162 2243 sum
184 2218 242 2249 est,
258 2223 352 2254 quam
375 2213 536 2253 vulgatum
558 2214 686 2252 conjici.-
716 2212 780 2242 Re·
815 2212 1019 2250 jurejurando
1033 2211 1150 2240 adacta.

94 2255 233 2297 cepimus
258 2256 362 2297 itaque
387 2267 425 2287 ex
450 2254 567 2286 Victor.
588 2253 711 2292 codice3
735 2254 780 2284 al—

95 2299 275 2330 ludentibus
296 2299 415 2334 eodem,
432 2304 509 2329 teste
526 2298 545 2329 J
550 2307 596 2328 ac.
611 2297 778 2332 Gronovio,

92 2341 212 2372 ceteris.

138 2385 178 2415 77
193 2386 212 2404 ³⁶
224 2385 425 2416 Praeeuntibus
453 2384 620 2415 easecrabile
646 2383 778 2424 carmen]

95 2427 147 2458 De
162 2438 236 2459 voce
249 2429 447 2468 praeeuutibus
460 2427 522 2459 vid.
537 2432 600 2458 not.
615 2428 646 2457 8.
663 2427 703 2458 ad
719 2426 780 2457 IV.

93 2469 146 2500 21.
193 2471 320 2502 Carmen
340 2476 387 2502 est
409 2475 562 2513 concepta
581 2469 726 2512 quaedam
749 2474 780 2500 et

94 2511 228 2544 solennis
253 2514 416 2545 verborum
443 2513 586 2546 formula.
629 2513 730 2554 Supra
752 2512 778 2543 Ι.

92 2555 145 2585 24.
181 2557 266 2599 longo
293 2557 384 2599 effata
411 2558 557 2587 carmine:
592 2561 623 2586 et
649 2556 703 2586 26.
733 2555 774 2585 lez

92 2597 229 2630 horrendi
250 2602 388 2631 carminis
408 2606 481 2630 erat.
527 2599 707 2629 Exsecrabile
729 2597 775 2628 iu-

92 2640 295 2682 telligendum
309 2649 355 2674 est
373 2643 499 2685 plenum
513 2640 776 2672 exsecrationibus

92 2682 124 2728 in
135 2682 266 2723 jurantis
281 2691 386 2728 caput,
400 2685 458 2716 nisi
467 2683 668 2727 jurisjurandi
682 2683 775 2714 fidem

91 2726 242 2767 impleret.

135 2769 175 2798 78
201 2769 274 2800 Tum
295 2773 431 2802 militaris
454 2778 525 2802 oetoes
540 2770 665 2810 jurare]
696 2769 774 2799 Ver-

90 2811 163 2842 bum
184 2814 295 2851 jurare
323 2814 372 2844 hic
401 2824 591 2856 supervacue
618 2817 650 2843 et
679 2811 774 2842 inele-

87 2863 197 2897 ganter
224 2855 355 2896 positum
379 2863 435 2888 est.
480 2858 582 2892 Potes,
607 2865 643 2885 eo
667 2854 771 2889 reciso,

147 2914 239 2940 voL.
267 2913 334 2940 ΙΙΙ.

868 2254 907 2284 79
934 2253 1037 2283 Trium
1066 2252 1217 2293 consensu]
1248 2251 1421 2281 Amborum
1449 2252 1512 2282 col—

823 2296 962 2337 legarum
988 2305 1139 2326 consensu
1168 2300 1199 2325 et
1222 2305 1287 2325 suo.
1331 2295 1407 2325 Tres
1429 2294 1512 2325 enim

824 2339 948 2370 omnino
963 2338 1057 2379 legati
1080 2342 1180 2373 erant,
1194 2344 1229 2368 ut
1248 2342 1370 2368 constat
1384 2348 1421 2368 ex
1437 2348 1464 2368 c.
1480 2339 1511 2367 2.

823 2381 915 2423 hujus
929 2381 1010 2412 libri.

866 2426 907 2456 80
930 2425 1014 2455 AEtas
1032 2445 1041 2455 .
1056 2447 1064 2455 .
1080 2446 1088 2455 .
1107 2430 1134 2454 et
1147 2423 1267 2465 jin-ma]
1296 2423 1345 2453 M.
1362 2423 1510 2454 AEmilius

823 2467 918 2499 forma
946 2477 1053 2498 omnes
1080 2466 1217 2508 aequales
1244 2475 1314 2497 suos
1340 2466 1509 2497 antecelle-

823 2511 887 2545 bat,
917 2515 996 2541 teste
1030 2509 1172 2551 Polybio,
1200 2509 1222 2540 l.
1251 2508 1344 2539 XVI.
1373 2509 1427 2539 ubi
1454 2509 1508 2539 illa

820 2553 927 2594 Abydi
942 2551 1130 2595 expugnatio
1144 2551 1211 2582 fuse
1224 2556 1377 2581 narratur.

863 2598 901 2626 81
928 2596 965 2626 In
991 2597 1086 2626 animo
1110 2602 1151 2625 est
1169 2594 1286 2636 facere,
1312 2600 1344 2623 ut
1365 2616 1372 2624 .
1389 2615 1396 2623 .
1414 2616 1421 2623 .
1441 2604 1505 2623 sen-

820 2640 914 2680 tiatis]
961 2638 1039 2670 Cod.
1074 2637 1193 2668 Victor.
1226 2647 1298 2667 cum
1333 2635 1453 2666 duobus
1486 2646 1505 2666 a

821 2681 976 2713 Gronovio
1014 2680 1198 2715 memoratis,
1235 2678 1348 2710 omittit
1383 2688 1502 2719 praepo-

819 2725 961 2755 sitionem
991 2726 1039 2754 in:
1072 2721 1332 2764 quemadmodum
1361 2729 1454 2761 supra
1483 2721 1504 2751 l.

820 2768 945 2798 XXIX.
977 2777 1004 2797 c.
1037 2767 1088 2797 36.
1136 2766 1224 2796 Ρίειω
1257 2773 1352 2793 recens
1383 2765 1502 2793 vinitoria

818 2813 914 2840 aninm
942 2817 1020 2840 esset.
1075 2809 1114 2839 Ut
1139 2830 1147 2838 .
1172 2830 1179 2838 .
1205 2830 1212 2836 .
1235 2828 1243 2836 .
1266 2807 1395 2835 sentiatis
1422 2806 1503 2837 bona

818 2852 995 2883 emendatio
1029 2857 1085 2886 est,
1123 2849 1288 2880 substituta
1322 2848 1386 2889 jam
1429 2849 1501 2879 olim

874 2911 893 2934 (J
