1947 3222
157 247 200 322 ἒς

264 249 284 321 v-‘u

307 249 336 322 902⁸*

372 129 420 168 68
887 125 1033 190 11T1
1082 126 1262 165 LIVII

371 237 636 292 nequidquam
681 251 792 290 opem
832 239 1103 279 Romanorum
1152 236 1416 289 inplorantes,
1457 235 1782 288 depopularetur.

374 295 492 336 Nunc
520 300 651 335 autem
678 295 858 346 defuncti
886 294 988 334 bello
1011 294 1170 334 Punico
1194 293 1388 342 Romani,
1411 294 1517 347 quod
1537 307 1617 345 per
1644 295 1782 333 sexde-

369 353 444 393 cim
465 365 592 392 annos
616 353 722 392 velut
752 352 862 392 intra
882 351 1034 391 viscera
1055 351 1196 390 Italioe
1223 351 1508 398 toleraverunt,
1532 363 1612 389 non
1637 351 1782 402 praesi-

370 409 480 450 dium
509 407 662 449 AEtotis
689 407 930 448 bellantibus
957 407 1164 455 miserunt,
1195 408 1265 447 sed
1293 408 1371 459 ipsi
1399 409 1514 447 duces
1543 407 1638 447 belli
1666 421 1782 447 arma

369 470 483 507 terra
498 466 681 519 marique
698 466 818 506 simul
838 464 1096 504 Macedonia>
1116 464 1351 505 intulerunt.
1408 464 1571 504 Tertius
1578 463 1671 515 jam
1690 477 1784 504 con-

369 524 434 564 sul
470 536 620 562 summa
655 523 698 563 vi
727 522 838 576 gerit
875 521 1031 560 bellum.
1089 520 1300 573 Sulpicius,
1331 521 1375 560 in
1406 522 1497 574 ipsa
1533 521 1784 561 Macedonia

370 593 614 646 congressus,
628 579 767 634 fudit,
781 577 1039 632 fugavitque
1066 591 1219 631 regem;
1259 583 1413 629 partem
1446 578 1783 631 opulentissimam

370 638 489 691 regni
527 651 609 690 eyus
648 636 933 688 depopulatus.-
983 647 1088 674 nunc
1129 634 1334 681 Quinctius
1372 641 1565 675 tenentem
1604 636 1783 676 claustra

371 694 514 747 Epiri,
549 699 701 733 natura
734 692 826 740 loci,
862 691 1128 739 munimentis,
1161 691 1411 745 exercituque
1426 692 1601 745 fretum,
1638 693 1784 733 castris

370 751 498 791 exuit.
523 750 761 804 fugientem
796 749 839 789 in
881 747 1128 789 Thessa-liam
1161 755 1404 800 persecutus,
1429 750 1630 802 praesidia
1663 750 1781 803 regia

370 807 574 861 sociasque
593 805 675 861 ejus
692 806 807 847 urbes
819 819 951 859 prope
971 806 1016 845 in
1036 811 1244 857 conspectu
1258 806 1366 858 regis
1386 806 1511 858 ipsius
1525 809 1783 860 expugnavit.

372 863 440 904 Ne
457 865 541 905 sint
555 878 664 912 vera,
682 876 771 918 quae
793 863 1057 904 Athenienses
1070 863 1184 901 modo
1203 862 1332 915 legati
1351 863 1400 902 de
1418 864 1667 912 crudelitate,
1685 878 1784 904 ava-

370 921 510 971 ritia⁰,
531 921 702 961 libidine
720 920 825 975 regis
844 920 1055 961 dixerunt:
1086 919 1193 959 nikzl
1211 919 1268 958 ad
1286 932 1356 959 nos
1371 920 1621 971 pertineant,
1638 934 1724 974 quae
1743 922 1786 961 in

371 985 486 1019 terra
506 978 648 1019 Attica
667 978 817 1019 scelera
845 977 890 1017 in
909 990 1070 1029 superos
1100 975 1327 1030 inferosque
1350 976 1459 1017 Deos
1477 983 1569 1017 sunt
1588 978 1786 1018 admissa.-

369 1034 405 1062 ⁷⁹
417 1037 538 1076 multo
567 1035 694 1076 minus
705 1041 732 1083 ⁶,
755 1048 839 1088 quae
862 1034 989 1075 Ciani
1018 1033 1292 1087 Abydenique,
1314 1032 1348 1057 ⁸⁰
1360 1034 1430 1087 qui
1452 1034 1600 1087 procul
1622 1048 1650 1074 a
1673 1033 1788 1075 nobis

369 1092 527 1141 absunt,
543 1092 661 1146 passi
678 1097 791 1133 sunt:
821 1097 1046 1131 nostrorum
1070 1091 1153 1143 ipsi
1170 1091 1389 1140 vulnerum,
1410 1091 1447 1131 si
1466 1092 1600 1155 vultis,
1623 1091 1786 1132 oblivis-

369 1163 528 1196 camur,·
560 1150 687 1190 coedes
706 1149 1031 1202 direptionesque
1058 1147 1246 1188 bonorum
1265 1148 1502 1189 Messenae
1487 1162 1530 1187 m
1549 1149 1683 1189 media
1703 1150 1786 1190 Pe-

369 1207 585 1260 loponneso
596 1206 766 1260 factas,·
798 1211 837 1246 et
856 1204 1089 1264 ⁸¹hospitem
1111 1205 1360 1270 Cyparissiae
1381 1204 1621 1246 Garitenem
1644 1212 1787 1246 contra

355 1262 431 1317 jus
450 1277 564 1304 omne
581 1278 630 1304 ac
633 1263 713 1318 fas
734 1264 842 1303 inter
861 1256 1000 1316 epulas
1012 1276 1145 1316 prope
1165 1263 1276 1315 ipsas
1296 1263 1484 1303 occissum
1516 1268 1555 1303 et
1573 1262 1785 1303 ⁸²Aratum

362 1326 530 1374 patrem
542 1321 761 1375 filiumque
789 1320 1012 1374 Sicyonios,
1043 1333 1159 1373 quum
1188 1333 1315 1360 senem
1351 1320 1550 1385 irffelzcem
1577 1326 1786 1372 parentem

369 1377 493 1419 etiam
507 1378 719 1431 adpellare
731 1378 872 1418 solitus
887 1382 998 1427 esset,
1011 1376 1261 1430 interfecto&
1275 1377 1364 1429 filii
1379 1377 1500 1417 etiam
1515 1391 1677 1418 uxorem
1691 1377 1787 1417 libi-

369 1435 481 1475 dinis
509 1448 648 1476 caussa
668 1435 714 1475 in
733 1434 1022 1475 Macedoniam
1043 1439 1314 1486 asportatam:
1345 1432 1516 1474 ⁸³cetera
1535 1440 1678 1487 stupra
1705 1435 1787 1475 vir-

364 1491 508 1546 ginum
528 1497 878 1544 matronarumque
899 1490 1095 1531 oblivioni
1114 1491 1279 1530 dentur.-
1310 1504 1361 1530 ne
1379 1491 1463 1531 sint
1482 1505 1565 1531 cum
1587 1491 1786 1544 Philippo

367 1562 446 1597 res,
467 1547 577 1602 cujus
595 1548 850 1589 crudelitatis
876 1553 980 1588 metu
1008 1546 1258 1588 obmutuistis
1277 1560 1429 1588 omnes:
1460 1550 1570 1601 (nam
1591 1561 1679 1601 quae
1697 1549 1785 1588 alia

367 1606 533 1646 tacendi
561 1605 770 1646 advocatis
799 1605 844 1644 in
874 1605 1085 1645 concilium
1112 1618 1252 1644 caussa
1279 1607 1388 1658 est?)
1419 1618 1504 1645 cum
1523 1603 1785 1659 ⁸⁴Antigono,

368 1663 580 1703 mitissimo
610 1676 658 1702 ac
673 1661 900 1716 justissimo
929 1675 1034 1714 rege,
1057 1666 1096 1701 et
1115 1662 1165 1701 de
1188 1660 1302 1701 nobis
1330 1661 1505 1702 omnibus
1533 1663 1681 1715 optime
1709 1676 1787 1702 me-

368 1720 468 1768 rito,
484 1718 746 1760 existimemus
766 1718 1093 1771 disceptationem
1114 1732 1213 1758 esse:
1240 1731 1332 1757 num
1354 1719 1400 1758 id
1409 1720 1640 1771 postularet
1641 1719 1789 1772 facere

370 1790 456 1826 nos,
479 1777 586 1830 quod
613 1782 692 1816 tum
704 1775 812 1827 fieri
841 1788 920 1815 non
947 1776 1107 1824 posset?
1142 1775 1366 1815 Peninsula
1396 1782 1451 1815 est
1472 1776 1785 1829 Peloponnesus,

369 1834 554 1887 angustis
583 1832 729 1874 Isthmi
740 1832 938 1886 faucibus
967 1832 1190 1872 continenti
1219 1832 1443 1880 adhaerens,
1471 1833 1577 1872 nulli
1605 1834 1788 1886 apertior

369 1900 519 1944 neque?
538 1890 817 1943 opportunior,
837 1903 953 1942 quam
975 1889 1129 1937 navali,
1151 1888 1264 1929 bello.
1291 1889 1327 1929 si
1346 1895 1497 1930 centum
1518 1896 1632 1930 tecta>
1651 1905 1786 1939 noves,

370 1953 410 1988 et
426 1947 724 2001 quinquaginta
743 1947 911 1987 leviores
926 1951 1094 1998 apertae,
1113 1951 1151 1986 et
1171 1946 1346 2000 triginta
1367 1946 1516 1987 Issaici
1529 1947 1648 1987 lembi
1662 1948 1788 1987 mari—

369 2004 510 2045 timam
530 2018 642 2044 oram
662 2009 836 2052 vastare,
861 2009 898 2043 et
919 2003 1122 2056 expositas
1140 2017 1266 2056 prope
1282 2004 1325 2043 in
1348 2004 1446 2056 ipsis
1467 2004 1653 2045 litoribus
1672 2004 1788 2046 urbes

471 2085 489 2102 ¹¹
504 2089 531 2113 et
547 2083 627 2113 libid.
643 2082 741 2113 Gron.
759 2081 850 2113 Crev.

414 2147 455 2177 79
478 2147 586 2176 stlulto
607 2147 714 2182 minus,
730 2155 795 2186 quoe
813 2145 916 2186 Ciani]
952 2145 1057 2186 Vulgo

372 2190 470 2219 minus
498 2200 584 2228 quam
611 2198 686 2228 quae.
738 2188 896 2229 Ejecimus
921 2187 1057 2229 particu-

937 2084 953 2101 0
968 2092 1053 2121 quam
1069 2093 1135 2122 quoe
1151 2081 1249 2112 Gron.
1335 2084 1352 2109 Ρ
1367 2087 1453 2121 atque
1468 2081 1567 2113 Gron.
1583 2081 1676 2113 CreV.

1144 2146 1184 2176 82
1208 2147 1334 2176 Aratum
1359 2152 1471 2185 patrem
1488 2145 1647 2186 filiumque
1665 2166 1674 2175 ·
1691 2168 1700 2177 .
1718 2167 1726 2177 .
1740 2148 1787 2176 in-

1101 2188 1250 2230 terfectos]
1280 2187 1354 2219 vid.
1370 2188 1452 2218 Plut.
1475 2189 1506 2219 in
1523 2189 1631 2219 Arato.
1676 2189 1786 2226 Quan-

373 2231 438 2262 lam
461 2243 556 2272 quam,
581 2241 676 2272 quam
704 2231 847 2262 Andreas
870 2230 1002 2271 ignorat,
1028 2236 1059 2262 et

375 2279 538 2305 contextus
553 2274 617 2316 ipse
633 2273 778 2305 orationis
793 2273 948 2315 repudiat.
983 2273 1058 2304 Ideo

375 2317 458 2347 enim
472 2322 541 2358 post
561 2316 686 2347 nomina
702 2317 872 2348 Cianorum
887 2315 1057 2358 Abydeno-

375 2370 504 2400 rumque
534 2359 740 2400 subjungitur,
766 2361 816 2399 qui
837 2360 938 2399 procul
964 2372 981 2389 ιι
1008 2371 1058 2389 no-

376 2403 417 2432 bis
439 2404 554 2438 absunt,
575 2407 612 2432 ut
637 2402 824 2443 significetur
847 2412 952 2433 eorum
979 2402 1060 2443 inju-

375 2445 437 2476 rias
452 2445 552 2475 minus
576 2445 618 2475 ad
632 2445 766 2476 Achaeos
788 2445 950 2487 pertinere,
967 2456 1061 2487 quam

377 2487 626 2518 Atheniensium.
672 2488 722 2518 De
738 2487 904 2518 Cianorum
925 2487 1059 2518 exseidio

376 2530 440 2561 vid.
456 2531 566 2572 Polyb.
582 2531 602 2560 1.
618 2531 691 2561 XV.
715 2531 807 2561 Porro
821 2536 904 2561 recte
927 2526 1081 2573 reposuit

377 2573 520 2615 Sigonius
551 2574 652 2607 Ciani,
682 2583 778 2614 quum
806 2573 879 2604 olim
907 2573 1060 2614 legeretur

380 2616 496 2647 Cluuii.

420 2659 489 2690 80⁸
501 2658 562 2693 Qui
582 2658 683 2698 procul
698 2670 716 2687 a
732 2660 807 2688 nobis
821 2659 940 2699 absunt]
972 2661 1058 2696 Quo-

374 2711 506 2743 mmque
527 2701 605 2732 adeo
626 2700 747 2742 injurioe
770 2701 881 2735 minus,
898 2712 990 2742 quam
1014 2701 1058 2732 A·

375 2744 593 2779 theniensium,
610 2743 650 2776 ad
666 2754 720 2774 nos
733 2743 898 2785 pertinent.

416 2788 455 2818 81
493 2787 638 2827 Hospitem
668 2787 844 2827 Cyparissiae
872 2786 1058 2827 Garitencm]

379 2829 429 2860 De
464 2829 521 2860 hoc
555 2829 703 2862 Garitene
737 2829 813 2860 nihil
848 2829 1062 2870 comperimus,

378 2872 555 2913 Cyparissiam
569 2879 614 2905 est
629 2872 776 2915 oppidum
791 2871 966 2903 Messeniae.

1101 2242 1195 2272 quam
1231 2231 1284 2262 ille
1311 2230 1438 2272 quidem
1467 2232 1600 2262 Aratum
1631 2230 1784 2271 juniorem

1102 2284 1162 2304 non
1186 2274 1380 2305 interfectum
1404 2285 1423 2305 a
1445 2273 1602 2315 Philippo,
1617 2273 1671 2304 sed
1689 2274 1788 2305 medi-

1102 2316 1253 2348 camentis
1288 2316 1485 2357 quibusdam,
1521 2327 1590 2357 quae
1631 2324 1789 2348 moverent

1103 2366 1235 2391 mentem
1272 2365 1303 2390 et
1340 2359 1520 2395 alienarent,
1557 2358 1598 2390 ad
1634 2359 1786 2391 insaniam

1106 2403 1250 2434 adactum
1264 2408 1423 2432 memorat.

1147 2446 1188 2476 83
1214 2445 1316 2475 Cetera
1341 2445 1460 2486 stupra]
1493 2444 1569 2475 Vid.
1592 2448 1740 2479 nostrum.
1766 2445 1788 2476 l.

1103 2487 1247 2518 XXVII.
1262 2496 1287 2517 c.
1308 2487 1360 2517 31.

1147 2531 1188 2561 84
1211 2529 1372 2570 Antigono]
1411 2529 1472 2560 Hic
1496 2529 1670 2570 Antigonus
1694 2529 1788 2560 frater

1103 2573 1251 2614 patruelis
1279 2572 1441 2607 Demetrii.
1466 2572 1519 2612 qui
1541 2579 1629 2619 pater
1650 2572 1787 2620 Philippi

1105 2615 1173 2651 suit,
1199 2621 1340 2655 tutorque
1371 2614 1507 2656 Philippi
1543 2614 1719 2657 unpuberis,
1750 2625 1786 2650 ae

1103 2669 1154 2689 rex
1170 2657 1381 2689 Macedonum
1397 2657 1505 2688 suerat.
1551 2658 1582 2688 Is
1598 2657 1784 2690 Achaeorum

1102 2707 1225 2742 gentem
1250 2700 1474 2731 Macedonibus
1498 2699 1688 2731 devinxerat.
1732 2700 1783 2731 De

1103 2744 1170 2785 ejus
1192 2742 1258 2773 miti
1282 2742 1406 2781 ingenio
1430 2743 1599 2784 ceterisque
1623 2743 1788 2774 virtutibus

1103 2787 1201 2817 multa
1228 2785 1342 2816 habent
1369 2785 1480 2828 Polyb.
1510 2786 1586 2818 libb.
1613 2787 1662 2818 11.
1686 2791 1718 2818 et
1744 2786 1786 2817 V.

1107 2829 1191 2861 Plut.
1209 2828 1240 2859 in
1256 2828 1383 2860 AEmilio
1398 2835 1429 2860 et
1443 2829 1550 2860 Arato.
