1947 3222
211 315 253 346 U.
268 315 389 346 C.563.

211 358 253 389 A.
267 358 305 389 C.
318 359 389 390 189.

228 1609 327 1639 AEtoli
341 1619 373 1639 e-

224 1656 401 1692 rumpentes

225 1695 378 1736 repellun-

228 1742 287 1768 tur.

423 200 496 234 340
944 194 1296 233 T1T1L1V11

422 320 503 357 ces,
528 304 688 347 ancoris
718 303 859 346 ferreis
890 303 1052 346 in'ectis
1081 303 1122 344 in
1153 302 1389 345 interiorem
1419 314 1581 358 partem
1611 304 1720 344 muri
1751 313 1833 347 traf-

422 362 567 404 hentes
606 376 796 411 asserem,
832 376 919 416 prae
940 360 1201 415 ringebants:
1245 360 1300 401 ad
1333 360 1412 401 hoc
1451 360 1755 416 eruptionibus,
1791 369 1834 402 et

423 419 636 460 nocturnis
664 418 704 459 in
729 417 938 458 custodias
967 431 1157 473 operum,
1179 424 1219 457 et
1242 415 1404 457 diurnis
1424 417 1467 458 in
1490 417 1701 467 stationes,
1723 417 1836 459 ultro

424 483 622 517 terrorem
643 475 886 516 inferebant.
946 474 997 514 In
1018 473 1096 513 hoc
1117 481 1228 513 statu
1248 488 1314 513 res
1334 474 1388 514 ad
1410 473 1677 515 Ambraciam
1700 489 1833 530 quum

424 540 573 582 essent,
598 534 686 588 jam
711 530 845 571 AEtoli
875 546 900 570 a
930 529 1199 585 populatione
1229 530 1476 570 Acarnaniae
1500 531 1685 572 Stratum
1708 531 1839 572 redie-

424 597 531 630 rant.
563 588 658 629 inde
684 586 892 628 Nicander
922 594 1091 642 praetor,
1114 600 1229 641 spem
1258 594 1404 627 nactus
1434 587 1641 628 solvendae
1670 587 1837 643 incepto

425 645 524 687 forti
556 643 794 692 obsidionis,
831 642 1109 683 Nicodamum
1143 642 1369 697 quemdam
1398 658 1492 684 cuin
1526 643 1681 685 AEtolis
1716 645 1838 700 quin-

425 702 561 758 gentis
597 699 865 741 Ambraciam
901 698 1154 740 intromittit.
1199 707 1361 740 noctem
1397 708 1551 741 certam
1587 709 1838 757 tempusque

427 758 553 799 etiam
574 757 706 798 noctis
727 755 959 805 constituit,
992 771 1077 811 quo
1107 763 1147 796 et
1178 755 1239 796 illi
1268 756 1321 796 ab
1352 756 1454 797 urbe
1483 772 1609 812 opera
1639 757 1838 808 hostium,

427 830 523 870 quae
553 814 752 855 adversus
789 812 1025 869 Pyrrheum
1060 820 1192 862 erant,
1224 811 1566 868 adgrederentur,
1598 822 1640 854 et
1668 815 1756 870 ipse
1787 814 1842 855 ad

427 879 561 913 castra
594 871 783 912 Romana
813 877 1011 910 terrorem
1040 868 1220 916 faceret3
1265 885 1384 925 posse
1413 877 1544 920 ratus,
1575 870 1745 926 ancipiti
1775 880 1842 913 tu-

428 928 572 969 multu.
598 936 666 969 etg
686 935 805 968 nocte
836 934 1015 982 augente
1044 940 1255 982 pavorem,
1284 925 1592 973 memorabilem
1622 942 1709 967 rem
1738 928 1839 983 geri.

430 986 491 1026 Et
513 984 769 1026 Nicodamus
796 984 1046 1040 intempesta
1063 991 1199 1032 nocte,
1221 998 1352 1037 quum
1379 983 1479 1024 alias
1499 983 1708 1025 custodias
1727 984 1845 1025 fefel-

430 1041 558 1093 lisset,
579 1056 655 1099 per
680 1040 780 1082 alias
809 1041 956 1096 inpetu
987 1040 1192 1081 constanti
1213 1039 1470 1095 Herupisset,
1493 1039 1525 1064 ¹⁵
1534 1048 1728 1096 superato
1751 1041 1846 1082 bra-

431 1098 524 1140 chio
553 1099 596 1140 in
630 1099 779 1139 urbem
813 1104 1029 1153 penetrat;
1074 1096 1285 1152 animique
1319 1097 1581 1152 aliquantum
1617 1097 1671 1138 ad
1705 1098 1846 1139 omnia

431 1155 625 1197 audenda
651 1163 692 1196 et
723 1153 808 1210 spei
838 1154 1013 1195 obsessis
1042 1154 1222 1209 adjecit3
1262 1162 1318 1204 et,
1352 1153 1475 1194 simul
1504 1154 1734 1195 constituta
1761 1169 1844 1196 nox

431 1212 560 1263 venit,
582 1227 633 1253 ex
661 1210 889 1267 composito
918 1218 1087 1266 repente
1108 1225 1234 1266 opera
1254 1219 1315 1251 est
1336 1210 1567 1265 adgressus.
1631 1211 1684 1252 Id
1708 1210 1845 1268 incep-

433 1276 524 1310 tum
546 1277 712 1318 conatu,
735 1283 859 1323 quam
892 1267 1057 1317 effectu,
1079 1267 1249 1322 gravius
1279 1267 1376 1317 fuit,
1398 1267 1499 1322 quia
1518 1267 1634 1308 nulla
1665 1268 1717 1309 ab
1738 1277 1852 1310 exte-

433 1325 540 1366 riore
575 1334 693 1382 parte
728 1325 791 1365 vis
830 1324 999 1365 admota
1037 1332 1125 1371 est3
1173 1339 1245 1364 seu
1281 1332 1394 1364 metu
1430 1323 1629 1365 deterrito
1668 1333 1847 1380 praetore

435 1382 692 1432 AEtolorum,
725 1396 796 1422 seu
827 1380 928 1436 quia
956 1380 1096 1436 potius
1129 1380 1264 1421 visum
1295 1389 1371 1430 est,
1403 1380 1695 1436 Amphilochis
1725 1397 1847 1437 opem

435 1439 543 1481 ferre
573 1454 706 1495 nuper
736 1438 937 1493 receptis;
984 1452 1089 1492 quos
1120 1439 1296 1478 Perseus
1328 1437 1514 1493 Philippi
1543 1437 1668 1488 filius,
1698 1438 1849 1480 missus

435 1495 490 1536 ad
524 1495 746 1552 Dolopiam
783 1494 1169 1550 Amphilochosque
1204 1493 1477 1549 recipiendos,
1511 1508 1672 1535 summa
1701 1494 1742 1534 vi
1775 1496 1849 1536 ob-

437 1553 665 1610 pugnabat.

510 1611 585 1651 VI.
620 1609 780 1649 Tribus
813 1608 926 1657 locis,
959 1609 1065 1649 sicut
1101 1616 1195 1649 ante
1231 1607 1389 1649 dictum
1420 1616 1496 1657 est,
1527 1607 1581 1648 ad
1613 1609 1847 1665 Pyrrheum

441 1682 568 1723 opera
592 1667 783 1707 Romana
806 1673 946 1706 erant:
979 1681 1076 1721 quae
1096 1665 1234 1705 omnia
1264 1664 1402 1715 simul,
1425 1664 1497 1705 sed
1522 1680 1597 1705 nec
1626 1665 1848 1722 adparatu,

443 1739 517 1764 nec
538 1723 579 1763 vi
601 1721 738 1772 simili,
763 1721 897 1763 AEtoli
928 1721 1110 1777 adgressi
1133 1730 1242 1762 sunt.
1273 1720 1342 1761 alii
1363 1736 1458 1762 cum
1489 1721 1732 1763 ardentibus
1752 1723 1851 1764 faci-

443 1781 537 1829 bus,
555 1779 622 1820 alii
645 1787 839 1834 stuppam
862 1778 1080 1834 picemque
1101 1785 1142 1819 et
1163 1777 1412 1818 ¹⁶malleolos
1433 1778 1626 1828 ferentes,
1648 1786 1738 1820 tota
1757 1794 1851 1820 con-

443 1837 607 1878 lucente
634 1835 808 1876 flammis
838 1835 938 1884 acie,
960 1834 1174 1876 advenere.
1207 1834 1359 1875 multos
1379 1833 1514 1890 primo
1542 1834 1689 1891 inpetu
1715 1844 1852 1876 custo-

444 1893 516 1933 des
537 1893 842 1948 obpresserunt.
875 1891 1038 1940 deinde,
1060 1899 1281 1947 postquam
1312 1890 1466 1931 clamor
1495 1891 1788 1947 tumultusque
1808 1892 1850 1933 in

445 1958 581 1990 castra
595 1957 656 1990 est
672 1948 870 2004 perlatus,
885 1947 1115 2003 datumque
1129 1962 1153 1987 a
1165 1947 1330 1988 consule
1344 1947 1523 2001 signum,
1537 1963 1652 1988 arma
1663 1949 1850 2004 capiunt,

446 2015 486 2047 et
508 2006 700 2047 omnibus
725 2005 856 2060 portis
877 2004 930 2044 ad
950 2019 1069 2060 opem
1101 2004 1312 2045 ferendam
1342 2004 1628 2045 effunduntur.
1689 2005 1788 2045 Uno
1808 2005 1851 2046 in

447 2063 536 2104 loco
551 2063 661 2103 ferro
677 2061 846 2117 ignique
861 2069 979 2117 gesta
994 2076 1058 2101 res
1073 2069 1146 2101 est.
1169 2076 1193 2101 a
1208 2060 1373 2101 duobus
1389 2060 1506 2102 irrito
1521 2060 1700 2125 incepto,
1717 2077 1850 2118 quum

449 2127 674 2161 tentassent
703 2117 848 2173 magiS,
870 2133 997 2173 quam
1027 2117 1211 2167 inissent,
1242 2126 1464 2167 certamen,
1487 2116 1622 2158 AEtoh
1651 2119 1854 2160 abscesse-

449 2185 559 2217 runt.
603 2177 741 2216 Atrox
761 2190 905 2229 pugna
925 2174 965 2215 in
988 2189 1117 2215 unum
1138 2174 1404 2215 inclinaverat
1425 2174 1574 2215 locum.
1599 2175 1658 2216 ibi
1680 2174 1853 2215 diversis

449 2232 639 2287 partibus
654 2231 739 2271 duo
760 2230 886 2271 duces
903 2231 1162 2287 Eupolemus
1182 2239 1223 2272 et
1242 2230 1494 2272 Nicodamus
1514 2239 1748 2287 pugnantes
1762 2231 1857 2271 hor-

734 2335 746 2358 f
759 2340 978 2382 pmfringsbuue
997 2342 1093 2371 Gron.
1110 2342 1202 2371 (ἷκεν.
1332 2344 1348 2368 g
1363 2348 1386 2371 e!
1404 2341 1465 2371 del.
1482 2339 1566 2370 Eaed.

498 2427 536 2455 14
572 2425 735 2465 ivn-apisci]
785 2425 952 2455 Mallenius
982 2428 1131 2465 perrupis-

451 2474 502 2498 set.

1178 2426 1379 2456 Marcellinus
1401 2424 1555 2460 describit,
1572 2424 1593 2454 1.
1611 2425 1741 2456 XXIII.
1763 2427 1853 2456 Mal-

1177 2470 1252 2503 !eoli,
1274 2470 1322 2499 teli
1345 2479 1449 2510 genus,
1463 2467 1644 2508 figurantur
1669 2469 1722 2498 hac
1744 2471 1850 2508 specie.-

501 2512 538 2541 15
561 2510 700 2550 Superato
727 2511 856 2551 brachio]
893 2512 1043 2552 Superato
1066 2521 1131 2540 uiu-

455 2553 600 2588 minemo,
625 2553 706 2593 quod
735 2552 808 2583 bina
837 2559 937 2584 castra
965 2559 995 2584 et
1023 2554 1130 2584 castel-

454 2597 518 2627 lum
535 2595 611 2626 inter
623 2607 653 2626 se
664 2596 826 2636 jungebat.

504 2639 540 2669 16
565 2639 726 2678 Malleolos]
758 2639 901 2679 Duplicis
923 2638 1040 2677 generis
1056 2639 1132 2668 inal-

456 2681 551 2712 leolos
573 2680 733 2721 distinguit
756 2681 877 2721 Lipsius
901 2681 1030 2711 l‘oliorc.
1053 2682 1075 2711 l.
1092 2682 1130 2711 V.

458 2723 544 2754 Dial.
558 2726 590 2755 5.
606 2724 681 2755 alios
700 2723 853 2763 simplices
868 2723 964 2762 magis
979 2734 1014 2754 ac
1031 2723 1132 2758 rudes,

456 2766 495 2797 de
511 2766 622 2808 quibus
643 2766 686 2796 ita
709 2766 830 2797 Nonius
844 2767 1026 2796 Marcellus:
1055 2766 1131 2795 Mat-

457 2811 521 2839 lenli
557 2817 623 2840 suut
651 2809 795 2848 nianipuli
830 2810 947 2848 spartei,
977 2810 1039 2847 pice
1065 2820 1131 2838 cmi-

456 2854 534 2885 !ecli.
561 2854 611 2893 qui
633 2853 741 2882 incensi
761 2858 813 2882 aut
840 2853 868 2881 in
896 2862 1000 2885 muros,
1026 2857 1078 2881 aut
1102 2853 1133 2881 in

456 2897 609 2925 testudines
634 2897 805 2933 jaciuntur.
860 2894 999 2924 Alterum
1037 2904 1133 2932 genus

457 2938 552 2974 magis
588 2938 693 2968 efficax
725 2943 753 2968 et
784 2936 913 2967 militare
951 2937 1133 2967 Ammianus

1176 2513 1285 2553 sagitta
1319 2518 1358 2542 est
1394 2522 1516 2545 cannen,
1543 2512 1619 2540 inter
1653 2511 1797 2551 spiculum
1827 2519 1854 2542 et

1175 2556 1347 2584 arundinem
1394 2553 1539 2593 multifido
1571 2553 1659 2593 ferro
1701 2565 1850 2596 coagmen-

1176 2603 1248 2631 tata,
1274 2598 1348 2636 quod
1386 2598 1416 2626 in
1452 2597 1598 2626 muliebris
1624 2596 1680 2627 coli
1705 2596 1850 2639 ιἷτννῑηαηι,

1174 2651 1229 2679 quo
1260 2645 1368 2669 nentur
1410 2639 1500 2669 lintea
1542 2640 1678 2675 stamina,
1713 2651 1852 2670 concava-

1175 2688 1237 2716 tur,
1275 2689 1372 2712 uentre
1413 2682 1558 2712 subtiliter-
1595 2687 1623 2713 ει
1659 2683 1742 2721 pluri
1756 2682 1853 2713 briam

1173 2731 1288 2763 pateus:
1335 2731 1420 2765 utque
1462 2727 1493 2755 in
1537 2725 1616 2755 alveo
1657 2726 1716 2764 ipso
1758 2727 1855 2766 ignem

1174 2778 1241 2797 cum
1269 2768 1365 2808 aliquo
1399 2769 1517 2807 suscipit
1549 2768 1694 2798 alimento.
1748 2768 1787 2798 Et
1815 2769 1855 2798 sic

1175 2811 1271 2839 emissa
1317 2811 1423 2840 lentius
1471 2811 1600 2841 invalido
1643 2821 1728 2846 arcu,
1763 2812 1854 2850 jactu
1907 2816 1918 2835 ἰ

1175 2855 1249 2882 euim
1283 2855 1426 2893 rapidiore
1457 2855 1653 2894 extinguitur,
1681 2855 1705 2884 si
1740 2853 1855 2884 liaeserit

1178 2907 1307 2935 usquam.
1323 2898 1461 2927 tenaciter
1476 2903 1594 2927 cremat.
