<?xml version="1.0" encoding="UTF-8"?>
<!DOCTYPE html PUBLIC "-//W3C//DTD XHTML 1.0 Transitional//EN"
    "http://www.w3.org/TR/xhtml1/DTD/xhtml1-transitional.dtd">
<html xmlns="http://www.w3.org/1999/xhtml" xml:lang="en" lang="en">
 <head>
  <title>
</title>
<meta http-equiv="Content-Type" content="text/html;charset=utf-8" />
  <meta name='ocr-system' content='tesseract 3.04.00' />
  <meta name='ocr-capabilities' content='ocr_page ocr_carea ocr_par ocr_line ocrx_word'/>
</head>
<body>
  <div class='ocr_page' id='page_1' title='image "./historiarumaburb03livyuoft_0162.png"; bbox 0 0 1947 3222; ppageno 0'>
   <div class='ocr_carea' id='block_1_1' title="bbox 333 117 1220 184">
    <p class='ocr_par' dir='ltr' id='par_1_1' title="bbox 333 117 1220 184">
     <span class='ocr_line' id='line_1_1' title="bbox 333 117 1220 184; baseline 0.003 -31"><span class='ocrx_word' id='word_1_1' title='bbox 333 121 404 155; x_wconf 72' lang='lat'>152</span> <span class='ocrx_word' id='word_1_2' title='bbox 718 151 720 153; x_wconf 93' lang='lat'>.</span> <span class='ocrx_word' id='word_1_3' title='bbox 848 117 993 184; x_wconf 56' lang='grc' dir='ltr'><strong>ᾞῘΤῙ</strong></span> <span class='ocrx_word' id='word_1_4' title='bbox 1046 117 1220 157; x_wconf 87' lang='lat' dir='ltr'>LlVII</span> 
     </span>
    </p>
   </div>
   <div class='ocr_carea' id='block_1_2' title="bbox 287 223 1740 340">
    <p class='ocr_par' dir='ltr' id='par_1_2' title="bbox 287 223 1740 340">
     <span class='ocr_line' id='line_1_2' title="bbox 287 223 1740 284; baseline 0.002 -19"><span class='ocrx_word' id='word_1_5' title='bbox 287 255 298 265; x_wconf 86' lang='lat'><strong><em>.</em></strong></span> <span class='ocrx_word' id='word_1_6' title='bbox 331 223 471 266; x_wconf 83' lang='lat' dir='ltr'>Gallia</span> <span class='ocrx_word' id='word_1_7' title='bbox 499 239 594 267; x_wconf 86' lang='lat' dir='ltr'>cum</span> <span class='ocrx_word' id='word_1_8' title='bbox 623 225 822 268; x_wconf 86' lang='lat' dir='ltr'>Boiorum</span> <span class='ocrx_word' id='word_1_9' title='bbox 853 242 980 269; x_wconf 86' lang='lat' dir='ltr'>manu</span> <span class='ocrx_word' id='word_1_10' title='bbox 1008 235 1180 284; x_wconf 87' lang='lat' dir='ltr'>propter</span> <span class='ocrx_word' id='word_1_11' title='bbox 1201 226 1398 268; x_wconf 81' lang='lat' dir='ltr'><strong>Litanam</strong></span> <span class='ocrx_word' id='word_1_12' title='bbox 1429 224 1589 276; x_wconf 83' lang='lat' dir='ltr'>silvam,</span> <span class='ocrx_word' id='word_1_13' title='bbox 1611 223 1740 281; x_wconf 81' lang='lat' dir='ltr'>signis</span> 
     </span>
     <span class='ocr_line' id='line_1_3' title="bbox 288 280 1739 340; baseline 0 -18"><span class='ocrx_word' id='word_1_14' title='bbox 288 297 300 309; x_wconf 85' lang='lat'><strong>·</strong></span> <span class='ocrx_word' id='word_1_15' title='bbox 331 280 519 332; x_wconf 86' lang='lat' dir='ltr'>conlatis,</span> <span class='ocrx_word' id='word_1_16' title='bbox 553 281 734 325; x_wconf 82' lang='lat' dir='ltr'>secundo</span> <span class='ocrx_word' id='word_1_17' title='bbox 768 283 917 340; x_wconf 88' lang='lat' dir='ltr'>proelio</span> <span class='ocrx_word' id='word_1_18' title='bbox 947 283 1146 325; x_wconf 83' lang='lat' dir='ltr'>conflixit.</span> <span class='ocrx_word' id='word_1_19' title='bbox 1208 284 1316 325; x_wconf 88' lang='lat' dir='ltr'>Octo</span> <span class='ocrx_word' id='word_1_20' title='bbox 1355 282 1486 323; x_wconf 86' lang='lat' dir='ltr'>millia</span> <span class='ocrx_word' id='word_1_21' title='bbox 1519 281 1739 324; x_wconf 87' lang='lat' dir='ltr'><strong>Gallorum</strong></span> 
     </span>
    </p>
   </div>
   <div class='ocr_carea' id='block_1_3' title="bbox 331 338 1742 395">
    <p class='ocr_par' dir='ltr' id='par_1_3' title="bbox 331 338 1742 395">
     <span class='ocr_line' id='line_1_4' title="bbox 331 338 1742 395; baseline 0 -16"><span class='ocrx_word' id='word_1_22' title='bbox 331 353 437 380; x_wconf 87' lang='lat' dir='ltr'>caesa</span> <span class='ocrx_word' id='word_1_23' title='bbox 468 338 718 381; x_wconf 84' lang='lat' dir='ltr'>traduntur:</span> <span class='ocrx_word' id='word_1_24' title='bbox 761 340 901 391; x_wconf 88' lang='lat' dir='ltr'>ceteri,</span> <span class='ocrx_word' id='word_1_25' title='bbox 936 340 1086 382; x_wconf 91' lang='lat' dir='ltr'>omisso</span> <span class='ocrx_word' id='word_1_26' title='bbox 1114 340 1239 391; x_wconf 92' lang='lat' dir='ltr'>bello,</span> <span class='ocrx_word' id='word_1_27' title='bbox 1271 339 1312 381; x_wconf 91' lang='lat' dir='ltr'>in</span> <span class='ocrx_word' id='word_1_28' title='bbox 1347 339 1459 380; x_wconf 86' lang='lat' dir='ltr'>vicos</span> <span class='ocrx_word' id='word_1_29' title='bbox 1489 355 1584 380; x_wconf 90' lang='lat' dir='ltr'>suos</span> <span class='ocrx_word' id='word_1_30' title='bbox 1614 347 1742 395; x_wconf 89' lang='lat' dir='ltr'>atque</span> 
     </span>
    </p>
   </div>
   <div class='ocr_carea' id='block_1_4' title="bbox 332 394 1744 514">
    <p class='ocr_par' dir='ltr' id='par_1_4' title="bbox 332 394 1744 514">
     <span class='ocr_line' id='line_1_5' title="bbox 332 394 1743 452; baseline 0 -17"><span class='ocrx_word' id='word_1_31' title='bbox 332 410 454 450; x_wconf 85' lang='lat' dir='ltr'>agros</span> <span class='ocrx_word' id='word_1_32' title='bbox 482 394 644 452; x_wconf 87' lang='lat' dir='ltr'><strong>dilapsi.</strong></span> <span class='ocrx_word' id='word_1_33' title='bbox 707 396 865 438; x_wconf 91' lang='lat' dir='ltr'>Consul</span> <span class='ocrx_word' id='word_1_34' title='bbox 892 396 1102 452; x_wconf 84' lang='lat' dir='ltr'>reliquum</span> <span class='ocrx_word' id='word_1_35' title='bbox 1132 397 1288 438; x_wconf 87' lang='lat' dir='ltr'>aestatis</span> <span class='ocrx_word' id='word_1_36' title='bbox 1318 397 1426 437; x_wconf 87' lang='lat' dir='ltr'>circa</span> <span class='ocrx_word' id='word_1_37' title='bbox 1454 395 1620 437; x_wconf 88' lang='lat' dir='ltr'>Padum</span> <span class='ocrx_word' id='word_1_38' title='bbox 1646 394 1743 436; x_wconf 87' lang='lat' dir='ltr'>Pla-</span> 
     </span>
     <span class='ocr_line' id='line_1_6' title="bbox 332 450 1744 514; baseline -0.001 -22"><span class='ocrx_word' id='word_1_39' title='bbox 332 452 479 493; x_wconf 88' lang='lat' dir='ltr'>centiae</span> <span class='ocrx_word' id='word_1_40' title='bbox 505 459 547 493; x_wconf 91' lang='lat' dir='ltr'>et</span> <span class='ocrx_word' id='word_1_41' title='bbox 573 454 790 493; x_wconf 84' lang='lat' dir='ltr'>Cremonae</span> <span class='ocrx_word' id='word_1_42' title='bbox 819 453 1050 494; x_wconf 85' lang='lat' dir='ltr'>exercitum</span> <span class='ocrx_word' id='word_1_43' title='bbox 1076 452 1240 502; x_wconf 86' lang='lat' dir='ltr'>habuit,</span> <span class='ocrx_word' id='word_1_44' title='bbox 1268 452 1552 508; x_wconf 80' lang='lat' dir='ltr'><strong>restituitque,</strong></span> <span class='ocrx_word' id='word_1_45' title='bbox 1574 467 1672 508; x_wconf 87' lang='lat' dir='ltr'>quae</span> <span class='ocrx_word' id='word_1_46' title='bbox 1700 450 1744 514; x_wconf 80' lang='lat' dir='ltr'>in</span> 
     </span>
    </p>
   </div>
   <div class='ocr_carea' id='block_1_5' title="bbox 332 507 1743 571">
    <p class='ocr_par' dir='ltr' id='par_1_5' title="bbox 332 507 1743 571">
     <span class='ocr_line' id='line_1_7' title="bbox 332 507 1743 571; baseline 0 -23"><span class='ocrx_word' id='word_1_47' title='bbox 332 507 382 549; x_wconf 90' lang='lat' dir='ltr'>iis</span> <span class='ocrx_word' id='word_1_48' title='bbox 401 508 567 571; x_wconf 79' lang='lat' dir='ltr'>oppidis</span> <span class='ocrx_word' id='word_1_49' title='bbox 587 509 698 550; x_wconf 88' lang='lat' dir='ltr'>bello</span> <span class='ocrx_word' id='word_1_50' title='bbox 718 508 861 550; x_wconf 87' lang='lat' dir='ltr'>diruta</span> <span class='ocrx_word' id='word_1_51' title='bbox 888 508 1067 551; x_wconf 87' lang='lat' dir='ltr'>fuerant.</span> <span class='ocrx_word' id='word_1_52' title='bbox 1129 510 1270 559; x_wconf 81' lang='lat' dir='ltr'>Quum</span> <span class='ocrx_word' id='word_1_53' title='bbox 1291 510 1358 550; x_wconf 90' lang='lat' dir='ltr'>hic</span> <span class='ocrx_word' id='word_1_54' title='bbox 1380 517 1513 550; x_wconf 89' lang='lat' dir='ltr'>status</span> <span class='ocrx_word' id='word_1_55' title='bbox 1540 523 1680 550; x_wconf 88' lang='lat' dir='ltr'>rerum</span> <span class='ocrx_word' id='word_1_56' title='bbox 1700 522 1743 548; x_wconf 89' lang='lat' dir='ltr'>m</span> 
     </span>
    </p>
   </div>
   <div class='ocr_carea' id='block_1_6' title="bbox 121 564 1745 620">
    <p class='ocr_par' dir='ltr' id='par_1_6' title="bbox 121 564 1745 620">
     <span class='ocr_line' id='line_1_8' title="bbox 121 564 1745 620; baseline 0.002 -18"><span class='ocrx_word' id='word_1_57' title='bbox 121 569 320 602; x_wconf 76' lang='lat' dir='ltr'>Graeciaesta-</span> <span class='ocrx_word' id='word_1_58' title='bbox 335 564 460 606; x_wconf 80' lang='lat' dir='ltr'>Italia</span> <span class='ocrx_word' id='word_1_59' title='bbox 490 565 780 620; x_wconf 82' lang='lat' dir='ltr'>Hispaniaque</span> <span class='ocrx_word' id='word_1_60' title='bbox 811 573 931 615; x_wconf 88' lang='lat' dir='ltr'>esset,</span> <span class='ocrx_word' id='word_1_61' title='bbox 959 566 1013 606; x_wconf 86' lang='lat' dir='ltr'>T.</span> <span class='ocrx_word' id='word_1_62' title='bbox 1037 565 1248 616; x_wconf 82' lang='lat' dir='ltr'>Quinctio,</span> <span class='ocrx_word' id='word_1_63' title='bbox 1269 566 1313 607; x_wconf 93' lang='lat' dir='ltr'>in</span> <span class='ocrx_word' id='word_1_64' title='bbox 1335 565 1500 607; x_wconf 81' lang='lat' dir='ltr'>Graecia</span> <span class='ocrx_word' id='word_1_65' title='bbox 1522 566 1582 607; x_wconf 88' lang='lat' dir='ltr'>ita</span> <span class='ocrx_word' id='word_1_66' title='bbox 1606 565 1745 606; x_wconf 90' lang='lat' dir='ltr'>hiber-</span> 
     </span>
    </p>
   </div>
   <div class='ocr_carea' id='block_1_7' title="bbox 120 620 181 646">
    <p class='ocr_par' dir='ltr' id='par_1_7' title="bbox 120 620 181 646">
     <span class='ocr_line' id='line_1_9' title="bbox 120 620 181 646; baseline 0.016 -1"><span class='ocrx_word' id='word_1_67' title='bbox 120 620 181 646; x_wconf 69' lang='lat' dir='ltr'>tus·</span> 
     </span>
    </p>
   </div>
   <div class='ocr_carea' id='block_1_8' title="bbox 123 1193 308 1313">
    <p class='ocr_par' dir='ltr' id='par_1_8' title="bbox 123 1193 308 1313">
     <span class='ocr_line' id='line_1_10' title="bbox 127 1193 268 1234; baseline -0.014 -7"><span class='ocrx_word' id='word_1_68' title='bbox 127 1193 268 1234; x_wconf 78' lang='lat' dir='ltr'>Quinctii</span> 
     </span>
     <span class='ocr_line' id='line_1_11' title="bbox 123 1237 278 1270; baseline -0.006 -1"><span class='ocrx_word' id='word_1_69' title='bbox 123 1239 222 1270; x_wconf 88' lang='lat' dir='ltr'>oratio</span> <span class='ocrx_word' id='word_1_70' title='bbox 237 1237 278 1269; x_wconf 86' lang='lat' dir='ltr'>ad</span> 
     </span>
     <span class='ocr_line' id='line_1_12' title="bbox 125 1279 308 1313; baseline -0.016 0"><span class='ocrx_word' id='word_1_71' title='bbox 125 1282 253 1313; x_wconf 81' lang='lat' dir='ltr'>Graecos</span> <span class='ocrx_word' id='word_1_72' title='bbox 267 1279 308 1311; x_wconf 83' lang='lat' dir='ltr'>de</span> 
     </span>
    </p>
   </div>
   <div class='ocr_carea' id='block_1_9' title="bbox 332 620 1755 1301">
    <p class='ocr_par' dir='ltr' id='par_1_9' title="bbox 332 620 1755 1301">
     <span class='ocr_line' id='line_1_13' title="bbox 332 620 1744 678; baseline 0 -16"><span class='ocrx_word' id='word_1_73' title='bbox 332 620 396 663; x_wconf 89' lang='lat' dir='ltr'>nis</span> <span class='ocrx_word' id='word_1_74' title='bbox 425 621 542 671; x_wconf 89' lang='lat' dir='ltr'>actis,</span> <span class='ocrx_word' id='word_1_75' title='bbox 564 628 629 670; x_wconf 90' lang='lat' dir='ltr'>ut,</span> <span class='ocrx_word' id='word_1_76' title='bbox 651 621 834 676; x_wconf 83' lang='lat' dir='ltr'>exceptis</span> <span class='ocrx_word' id='word_1_77' title='bbox 865 621 1036 673; x_wconf 87' lang='lat' dir='ltr'>AEtolis,</span> <span class='ocrx_word' id='word_1_78' title='bbox 1057 622 1212 678; x_wconf 90' lang='lat' dir='ltr'>quibus</span> <span class='ocrx_word' id='word_1_79' title='bbox 1241 637 1319 663; x_wconf 89' lang='lat' dir='ltr'>nec</span> <span class='ocrx_word' id='word_1_80' title='bbox 1349 637 1426 678; x_wconf 91' lang='lat' dir='ltr'>pro</span> <span class='ocrx_word' id='word_1_81' title='bbox 1457 638 1528 678; x_wconf 90' lang='lat' dir='ltr'>spe</span> <span class='ocrx_word' id='word_1_82' title='bbox 1558 621 1744 663; x_wconf 86' lang='lat' dir='ltr'>victoriae</span> 
     </span>
     <span class='ocr_line' id='line_1_14' title="bbox 332 677 1748 734; baseline 0 -16"><span class='ocrx_word' id='word_1_83' title='bbox 332 678 506 734; x_wconf 86' lang='lat' dir='ltr'>praemia</span> <span class='ocrx_word' id='word_1_84' title='bbox 544 677 820 733; x_wconf 83' lang='lat' dir='ltr'><strong>contigerant,</strong></span> <span class='ocrx_word' id='word_1_85' title='bbox 856 693 931 719; x_wconf 87' lang='lat' dir='ltr'>nec</span> <span class='ocrx_word' id='word_1_86' title='bbox 970 678 1045 720; x_wconf 93' lang='lat' dir='ltr'>diu</span> <span class='ocrx_word' id='word_1_87' title='bbox 1086 678 1204 734; x_wconf 90' lang='lat' dir='ltr'>quies</span> <span class='ocrx_word' id='word_1_88' title='bbox 1237 679 1399 734; x_wconf 88' lang='lat' dir='ltr'>placere</span> <span class='ocrx_word' id='word_1_89' title='bbox 1470 687 1618 728; x_wconf 88' lang='lat' dir='ltr'>oterat,</span> <span class='ocrx_word' id='word_1_90' title='bbox 1655 678 1748 719; x_wconf 86' lang='lat' dir='ltr'>uni-</span> 
     </span>
     <span class='ocr_line' id='line_1_15' title="bbox 332 733 1745 791; baseline 0.001 -16"><span class='ocrx_word' id='word_1_91' title='bbox 332 749 451 776; x_wconf 88' lang='lat' dir='ltr'>versa</span> <span class='ocrx_word' id='word_1_92' title='bbox 491 733 669 783; x_wconf 80' lang='lat' dir='ltr'>Graecia,</span> <span class='ocrx_word' id='word_1_93' title='bbox 711 734 835 776; x_wconf 89' lang='lat' dir='ltr'>simul</span> <span class='ocrx_word' id='word_1_94' title='bbox 875 735 989 791; x_wconf 90' lang='lat' dir='ltr'>pacis</span> <span class='ocrx_word' id='word_1_95' title='bbox 1023 734 1312 790; x_wconf 86' lang='lat' dir='ltr'>libertatisque</span> <span class='ocrx_word' id='word_1_96' title='bbox 1350 750 1426 791; x_wconf 89' lang='lat' dir='ltr'>per</span> <span class='ocrx_word' id='word_1_97' title='bbox 1445 750 1569 776; x_wconf 86' lang='lat' dir='ltr'>ruens</span> <span class='ocrx_word' id='word_1_98' title='bbox 1608 735 1745 786; x_wconf 91' lang='lat' dir='ltr'>bonis,</span> 
     </span>
     <span class='ocr_line' id='line_1_16' title="bbox 333 789 1750 847; baseline 0.001 -16"><span class='ocrx_word' id='word_1_99' title='bbox 333 789 498 847; x_wconf 84' lang='lat' dir='ltr'>egregie</span> <span class='ocrx_word' id='word_1_100' title='bbox 519 798 630 832; x_wconf 90' lang='lat' dir='ltr'>statu</span> <span class='ocrx_word' id='word_1_101' title='bbox 658 806 734 832; x_wconf 93' lang='lat' dir='ltr'>suo</span> <span class='ocrx_word' id='word_1_102' title='bbox 762 791 981 847; x_wconf 89' lang='lat' dir='ltr'>gauderet,</span> <span class='ocrx_word' id='word_1_103' title='bbox 1001 807 1076 833; x_wconf 88' lang='lat' dir='ltr'>nec</span> <span class='ocrx_word' id='word_1_104' title='bbox 1096 791 1228 847; x_wconf 87' lang='lat' dir='ltr'>magis</span> <span class='ocrx_word' id='word_1_105' title='bbox 1247 792 1290 832; x_wconf 88' lang='lat' dir='ltr'>in</span> <span class='ocrx_word' id='word_1_106' title='bbox 1310 791 1421 833; x_wconf 89' lang='lat' dir='ltr'>bello</span> <span class='ocrx_word' id='word_1_107' title='bbox 1440 791 1640 834; x_wconf 79' lang='lat' dir='ltr'>virtutem</span> <span class='ocrx_word' id='word_1_108' title='bbox 1662 792 1750 832; x_wconf 86' lang='lat' dir='ltr'>Ro-</span> 
     </span>
     <span class='ocr_line' id='line_1_17' title="bbox 333 846 1750 904; baseline 0.001 -16"><span class='ocrx_word' id='word_1_109' title='bbox 333 848 444 888; x_wconf 88' lang='lat' dir='ltr'>mani</span> <span class='ocrx_word' id='word_1_110' title='bbox 476 846 609 898; x_wconf 89' lang='lat' dir='ltr'>ducis,</span> <span class='ocrx_word' id='word_1_111' title='bbox 631 863 760 904; x_wconf 89' lang='lat' dir='ltr'>quam</span> <span class='ocrx_word' id='word_1_112' title='bbox 779 847 822 889; x_wconf 88' lang='lat' dir='ltr'>in</span> <span class='ocrx_word' id='word_1_113' title='bbox 842 847 1017 890; x_wconf 87' lang='lat' dir='ltr'>victoria</span> <span class='ocrx_word' id='word_1_114' title='bbox 1045 848 1362 904; x_wconf 87' lang='lat' dir='ltr'>temperantiam</span> <span class='ocrx_word' id='word_1_115' title='bbox 1386 848 1680 904; x_wconf 88' lang='lat' dir='ltr'>justitiamque</span> <span class='ocrx_word' id='word_1_116' title='bbox 1706 856 1750 890; x_wconf 87' lang='lat' dir='ltr'>et</span> 
     </span>
     <span class='ocr_line' id='line_1_18' title="bbox 334 903 1750 960; baseline 0 -15"><span class='ocrx_word' id='word_1_117' title='bbox 334 903 660 948; x_wconf 86' lang='lat' dir='ltr'>moderationem</span> <span class='ocrx_word' id='word_1_118' title='bbox 675 904 912 956; x_wconf 86' lang='lat' dir='ltr'>miraretur,</span> <span class='ocrx_word' id='word_1_119' title='bbox 927 904 961 933; x_wconf 78' lang='lat'>⁷¹</span> <span class='ocrx_word' id='word_1_120' title='bbox 968 905 1388 955; x_wconf 83' lang='lat' dir='ltr'>senatusconsultum,</span> <span class='ocrx_word' id='word_1_121' title='bbox 1403 920 1488 960; x_wconf 91' lang='lat' dir='ltr'>quo</span> <span class='ocrx_word' id='word_1_122' title='bbox 1502 904 1660 946; x_wconf 89' lang='lat' dir='ltr'>bellum</span> <span class='ocrx_word' id='word_1_123' title='bbox 1677 903 1750 945; x_wconf 90' lang='lat' dir='ltr'>ad-</span> 
     </span>
     <span class='ocr_line' id='line_1_19' title="bbox 336 960 1750 1013; baseline 0.001 -13"><span class='ocrx_word' id='word_1_124' title='bbox 336 976 479 1003; x_wconf 91' lang='lat' dir='ltr'>versus</span> <span class='ocrx_word' id='word_1_125' title='bbox 500 961 643 1003; x_wconf 89' lang='lat' dir='ltr'>Nabin</span> <span class='ocrx_word' id='word_1_126' title='bbox 664 961 1032 1004; x_wconf 77' lang='lat' dir='ltr'>Lacedaemonium</span> <span class='ocrx_word' id='word_1_127' title='bbox 1052 962 1267 1003; x_wconf 82' lang='lat' dir='ltr'>decretum</span> <span class='ocrx_word' id='word_1_128' title='bbox 1287 969 1390 1013; x_wconf 89' lang='lat' dir='ltr'>erat,</span> <span class='ocrx_word' id='word_1_129' title='bbox 1408 960 1609 1003; x_wconf 85' lang='lat' dir='ltr'>adfertur.</span> <span class='ocrx_word' id='word_1_130' title='bbox 1653 962 1750 1012; x_wconf 83' lang='lat' dir='ltr'>Quo</span> 
     </span>
     <span class='ocr_line' id='line_1_20' title="bbox 335 1016 1752 1069; baseline 0.001 -12"><span class='ocrx_word' id='word_1_131' title='bbox 335 1017 457 1068; x_wconf 86' lang='lat' dir='ltr'>lecto,</span> <span class='ocrx_word' id='word_1_132' title='bbox 480 1017 717 1069; x_wconf 81' lang='lat' dir='ltr'>Quinctius,</span> <span class='ocrx_word' id='word_1_133' title='bbox 738 1027 947 1061; x_wconf 86' lang='lat' dir='ltr'>conventu</span> <span class='ocrx_word' id='word_1_134' title='bbox 970 1018 1224 1061; x_wconf 89' lang='lat' dir='ltr'>Corinthum</span> <span class='ocrx_word' id='word_1_135' title='bbox 1253 1019 1439 1060; x_wconf 89' lang='lat' dir='ltr'>omnium</span> <span class='ocrx_word' id='word_1_136' title='bbox 1471 1017 1676 1059; x_wconf 85' lang='lat' dir='ltr'>sociarum</span> <span class='ocrx_word' id='word_1_137' title='bbox 1695 1016 1752 1058; x_wconf 86' lang='lat' dir='ltr'>ci-</span> 
     </span>
     <span class='ocr_line' id='line_1_21' title="bbox 336 1073 1753 1131; baseline 0.001 -18"><span class='ocrx_word' id='word_1_138' title='bbox 336 1073 532 1116; x_wconf 88' lang='lat' dir='ltr'>vitatium</span> <span class='ocrx_word' id='word_1_139' title='bbox 551 1074 830 1131; x_wconf 86' lang='lat' dir='ltr'>legationibus</span> <span class='ocrx_word' id='word_1_140' title='bbox 849 1076 893 1118; x_wconf 92' lang='lat' dir='ltr'>in</span> <span class='ocrx_word' id='word_1_141' title='bbox 915 1076 1026 1118; x_wconf 91' lang='lat' dir='ltr'>diem</span> <span class='ocrx_word' id='word_1_142' title='bbox 1056 1084 1211 1118; x_wconf 87' lang='lat' dir='ltr'>certam</span> <span class='ocrx_word' id='word_1_143' title='bbox 1242 1076 1393 1126; x_wconf 91' lang='lat' dir='ltr'>edicto,</span> <span class='ocrx_word' id='word_1_144' title='bbox 1415 1075 1490 1116; x_wconf 91' lang='lat' dir='ltr'>ubi</span> <span class='ocrx_word' id='word_1_145' title='bbox 1510 1075 1753 1131; x_wconf 87' lang='lat' dir='ltr'>frequentes</span> 
     </span>
     <span class='ocr_line' id='line_1_22' title="bbox 336 1130 1751 1189; baseline 0.001 -18"><span class='ocrx_word' id='word_1_146' title='bbox 336 1130 525 1187; x_wconf 85' lang='lat' dir='ltr'>undique</span> <span class='ocrx_word' id='word_1_147' title='bbox 563 1131 772 1189; x_wconf 87' lang='lat' dir='ltr'>principes</span> <span class='ocrx_word' id='word_1_148' title='bbox 810 1141 1107 1184; x_wconf 88' lang='lat' dir='ltr'>convenerunt,</span> <span class='ocrx_word' id='word_1_149' title='bbox 1141 1134 1203 1174; x_wconf 88' lang='lat' dir='ltr'>ita</span> <span class='ocrx_word' id='word_1_150' title='bbox 1236 1140 1284 1174; x_wconf 89' lang='lat' dir='ltr'>ut</span> <span class='ocrx_word' id='word_1_151' title='bbox 1322 1148 1374 1174; x_wconf 92' lang='lat' dir='ltr'>ne</span> <span class='ocrx_word' id='word_1_152' title='bbox 1410 1131 1545 1173; x_wconf 79' lang='lat' dir='ltr'>AEtoli</span> <span class='ocrx_word' id='word_1_153' title='bbox 1580 1131 1751 1187; x_wconf 91' lang='lat' dir='ltr'>quidem</span> 
     </span>
     <span class='ocr_line' id='line_1_23' title="bbox 337 1187 1751 1242; baseline 0 -13"><span class='ocrx_word' id='word_1_154' title='bbox 337 1187 542 1239; x_wconf 89' lang='lat' dir='ltr'>abessent,</span> <span class='ocrx_word' id='word_1_155' title='bbox 564 1187 638 1230; x_wconf 82' lang='lat' dir='ltr'>tali</span> <span class='ocrx_word' id='word_1_156' title='bbox 661 1188 846 1231; x_wconf 87' lang='lat' dir='ltr'>oratione</span> <span class='ocrx_word' id='word_1_157' title='bbox 876 1197 938 1232; x_wconf 92' lang='lat' dir='ltr'>est</span> <span class='ocrx_word' id='word_1_158' title='bbox 959 1205 1083 1232; x_wconf 91' lang='lat' dir='ltr'>usus:</span> <span class='ocrx_word' id='word_1_159' title='bbox 1115 1190 1274 1231; x_wconf 86' lang='lat' dir='ltr'>Bellum</span> <span class='ocrx_word' id='word_1_160' title='bbox 1299 1191 1489 1231; x_wconf 82' lang='lat' dir='ltr'>adversus</span> <span class='ocrx_word' id='word_1_161' title='bbox 1512 1189 1751 1242; x_wconf 80' lang='lat' dir='ltr'>Philippum</span> 
     </span>
     <span class='ocr_line' id='line_1_24' title="bbox 339 1245 1755 1301; baseline 0 -15"><span class='ocrx_word' id='word_1_162' title='bbox 339 1259 419 1286; x_wconf 85' lang='lat' dir='ltr'>non</span> <span class='ocrx_word' id='word_1_163' title='bbox 435 1246 565 1301; x_wconf 83' lang='lat' dir='ltr'>magis</span> <span class='ocrx_word' id='word_1_164' title='bbox 585 1247 780 1288; x_wconf 85' lang='lat' dir='ltr'>communi</span> <span class='ocrx_word' id='word_1_165' title='bbox 798 1247 936 1287; x_wconf 87' lang='lat' dir='ltr'>animo</span> <span class='ocrx_word' id='word_1_166' title='bbox 953 1248 1198 1301; x_wconf 83' lang='lat' dir='ltr'>consilioque</span> <span class='ocrx_word' id='word_1_167' title='bbox 1211 1247 1393 1288; x_wconf 85' lang='lat' dir='ltr'>Romani</span> <span class='ocrx_word' id='word_1_168' title='bbox 1413 1253 1451 1287; x_wconf 89' lang='lat' dir='ltr'>et</span> <span class='ocrx_word' id='word_1_169' title='bbox 1470 1245 1612 1288; x_wconf 83' lang='lat' dir='ltr'>Graeci</span> <span class='ocrx_word' id='word_1_170' title='bbox 1625 1260 1755 1300; x_wconf 85' lang='lat' dir='ltr'>gesse-</span> 
     </span>
    </p>
   </div>
   <div class='ocr_carea' id='block_1_10' title="bbox 124 1303 1752 1358">
    <p class='ocr_par' dir='ltr' id='par_1_10' title="bbox 124 1303 1752 1358">
     <span class='ocr_line' id='line_1_25' title="bbox 124 1303 1752 1358; baseline 0 -15"><span class='ocrx_word' id='word_1_171' title='bbox 124 1324 208 1356; x_wconf 85' lang='lat' dir='ltr'>bello</span> <span class='ocrx_word' id='word_1_172' title='bbox 220 1323 328 1354; x_wconf 83' lang='lat' dir='ltr'>adver·</span> <span class='ocrx_word' id='word_1_173' title='bbox 340 1309 447 1352; x_wconf 83' lang='lat' dir='ltr'>runt,</span> <span class='ocrx_word' id='word_1_174' title='bbox 480 1317 598 1357; x_wconf 86' lang='lat' dir='ltr'>quam</span> <span class='ocrx_word' id='word_1_175' title='bbox 632 1304 793 1358; x_wconf 86' lang='lat' dir='ltr'>utrique</span> <span class='ocrx_word' id='word_1_176' title='bbox 825 1318 918 1346; x_wconf 87' lang='lat' dir='ltr'>suas</span> <span class='ocrx_word' id='word_1_177' title='bbox 951 1318 1111 1346; x_wconf 83' lang='lat' dir='ltr'>caussas</span> <span class='ocrx_word' id='word_1_178' title='bbox 1145 1305 1240 1345; x_wconf 87' lang='lat' dir='ltr'>belli</span> <span class='ocrx_word' id='word_1_179' title='bbox 1273 1304 1514 1345; x_wconf 85' lang='lat' dir='ltr'>habuerunt.</span> <span class='ocrx_word' id='word_1_180' title='bbox 1573 1303 1683 1343; x_wconf 85' lang='lat' dir='ltr'>Nam</span> <span class='ocrx_word' id='word_1_181' title='bbox 1713 1309 1752 1344; x_wconf 90' lang='lat' dir='ltr'>et</span> 
     </span>
    </p>
   </div>
   <div class='ocr_carea' id='block_1_11' title="bbox 124 1365 308 1400">
    <p class='ocr_par' dir='ltr' id='par_1_11' title="bbox 124 1365 308 1400">
     <span class='ocr_line' id='line_1_26' title="bbox 124 1365 308 1400; baseline -0.016 0"><span class='ocrx_word' id='word_1_182' title='bbox 124 1377 176 1400; x_wconf 75' lang='lat' dir='ltr'>sus</span> <span class='ocrx_word' id='word_1_183' title='bbox 191 1367 223 1398; x_wconf 91' lang='lat' dir='ltr'>N</span> <span class='ocrx_word' id='word_1_184' title='bbox 226 1365 308 1400; x_wconf 75' lang='lat' dir='ltr'>abin.</span> 
     </span>
    </p>
   </div>
   <div class='ocr_carea' id='block_1_12' title="bbox 324 1361 1763 2561">
    <p class='ocr_par' dir='ltr' id='par_1_12' title="bbox 324 1361 1762 2273">
     <span class='ocr_line' id='line_1_27' title="bbox 340 1361 1752 1416; baseline -0.001 -14"><span class='ocrx_word' id='word_1_185' title='bbox 340 1361 614 1402; x_wconf 82' lang='lat' dir='ltr'>Romanorum</span> <span class='ocrx_word' id='word_1_186' title='bbox 645 1362 884 1413; x_wconf 82' lang='lat' dir='ltr'>amicitiam,</span> <span class='ocrx_word' id='word_1_187' title='bbox 915 1375 1019 1403; x_wconf 87' lang='lat' dir='ltr'>nunc</span> <span class='ocrx_word' id='word_1_188' title='bbox 1052 1362 1424 1416; x_wconf 78' lang='lat' dir='ltr'>Karthaginienses</span> <span class='ocrx_word' id='word_1_189' title='bbox 1458 1361 1585 1402; x_wconf 87' lang='lat' dir='ltr'>hostes</span> <span class='ocrx_word' id='word_1_190' title='bbox 1621 1373 1752 1401; x_wconf 88' lang='lat' dir='ltr'>eorum</span> 
     </span>
     <span class='ocr_line' id='line_1_28' title="bbox 324 1417 1754 1473; baseline -0.001 -15"><span class='ocrx_word' id='word_1_191' title='bbox 324 1417 524 1473; x_wconf 83' lang='lat' dir='ltr'>juvando,</span> <span class='ocrx_word' id='word_1_192' title='bbox 542 1432 646 1459; x_wconf 82' lang='lat' dir='ltr'>nunc</span> <span class='ocrx_word' id='word_1_193' title='bbox 665 1419 732 1459; x_wconf 87' lang='lat' dir='ltr'>hic</span> <span class='ocrx_word' id='word_1_194' title='bbox 749 1419 868 1460; x_wconf 85' lang='lat' dir='ltr'>sociis</span> <span class='ocrx_word' id='word_1_195' title='bbox 887 1419 1035 1460; x_wconf 88' lang='lat' dir='ltr'>nostris</span> <span class='ocrx_word' id='word_1_196' title='bbox 1054 1418 1348 1473; x_wconf 74' lang='lat' dir='ltr'>obpugnandis,</span> <span class='ocrx_word' id='word_1_197' title='bbox 1371 1419 1595 1459; x_wconf 83' lang='lat' dir='ltr'>violaverat</span> <span class='ocrx_word' id='word_1_198' title='bbox 1600 1440 1616 1464; x_wconf 90' lang='lat'>,·</span> <span class='ocrx_word' id='word_1_199' title='bbox 1650 1424 1688 1458; x_wconf 90' lang='lat' dir='ltr'>et</span> <span class='ocrx_word' id='word_1_200' title='bbox 1709 1418 1754 1457; x_wconf 88' lang='lat' dir='ltr'>in</span> 
     </span>
     <span class='ocr_line' id='line_1_29' title="bbox 341 1473 1757 1529; baseline -0.001 -14"><span class='ocrx_word' id='word_1_201' title='bbox 341 1489 408 1516; x_wconf 83' lang='lat' dir='ltr'>vos</span> <span class='ocrx_word' id='word_1_202' title='bbox 427 1476 525 1515; x_wconf 86' lang='lat' dir='ltr'>talis</span> <span class='ocrx_word' id='word_1_203' title='bbox 537 1475 647 1527; x_wconf 71' lang='lat' dir='ltr'>fiaeit,</span> <span class='ocrx_word' id='word_1_204' title='bbox 669 1482 715 1516; x_wconf 85' lang='lat' dir='ltr'>ut</span> <span class='ocrx_word' id='word_1_205' title='bbox 734 1475 860 1525; x_wconf 86' lang='lat' dir='ltr'>nobis,</span> <span class='ocrx_word' id='word_1_206' title='bbox 881 1476 1042 1517; x_wconf 83' lang='lat' dir='ltr'>etiamsi</span> <span class='ocrx_word' id='word_1_207' title='bbox 1061 1482 1287 1518; x_wconf 85' lang='lat' dir='ltr'>nostrarum</span> <span class='ocrx_word' id='word_1_208' title='bbox 1309 1475 1628 1517; x_wconf 81' lang='lat' dir='ltr'>oblivisceremur</span> <span class='ocrx_word' id='word_1_209' title='bbox 1649 1473 1757 1529; x_wconf 82' lang='lat' dir='ltr'>inju-</span> 
     </span>
     <span class='ocr_line' id='line_1_30' title="bbox 339 1531 1759 1588; baseline -0.001 -15"><span class='ocrx_word' id='word_1_210' title='bbox 339 1533 510 1581; x_wconf 85' lang='lat' dir='ltr'>riarum,</span> <span class='ocrx_word' id='word_1_211' title='bbox 527 1538 668 1573; x_wconf 79' lang='lat' dir='ltr'>vestrae</span> <span class='ocrx_word' id='word_1_212' title='bbox 689 1531 852 1587; x_wconf 66' lang='lat' dir='ltr'>injuriae</span> <span class='ocrx_word' id='word_1_213' title='bbox 870 1533 970 1574; x_wconf 82' lang='lat' dir='ltr'>satis</span> <span class='ocrx_word' id='word_1_214' title='bbox 984 1533 1111 1588; x_wconf 82' lang='lat' dir='ltr'>digna</span> <span class='ocrx_word' id='word_1_215' title='bbox 1131 1547 1272 1574; x_wconf 85' lang='lat' dir='ltr'>caussa</span> <span class='ocrx_word' id='word_1_216' title='bbox 1292 1532 1388 1573; x_wconf 86' lang='lat' dir='ltr'>belli</span> <span class='ocrx_word' id='word_1_217' title='bbox 1390 1533 1572 1587; x_wconf 88' lang='lat' dir='ltr'>fuerint.</span> <span class='ocrx_word' id='word_1_218' title='bbox 1618 1531 1759 1572; x_wconf 82' lang='lat' dir='ltr'>Hodi-</span> 
     </span>
     <span class='ocr_line' id='line_1_31' title="bbox 340 1589 1756 1645; baseline -0.001 -14"><span class='ocrx_word' id='word_1_219' title='bbox 340 1604 440 1631; x_wconf 87' lang='lat' dir='ltr'>erna</span> <span class='ocrx_word' id='word_1_220' title='bbox 470 1590 711 1631; x_wconf 83' lang='lat' dir='ltr'>consultatio</span> <span class='ocrx_word' id='word_1_221' title='bbox 739 1596 828 1631; x_wconf 86' lang='lat' dir='ltr'>tota</span> <span class='ocrx_word' id='word_1_222' title='bbox 846 1604 897 1631; x_wconf 75' lang='lat' dir='ltr'>ea·</span> <span class='ocrx_word' id='word_1_223' title='bbox 916 1590 1024 1631; x_wconf 86' lang='lat' dir='ltr'>vobis</span> <span class='ocrx_word' id='word_1_224' title='bbox 1045 1591 1213 1643; x_wconf 82' lang='lat' dir='ltr'>pendet.</span> <span class='ocrx_word' id='word_1_225' title='bbox 1274 1589 1426 1645; x_wconf 75' lang='lat' dir='ltr'>Refero</span> <span class='ocrx_word' id='word_1_226' title='bbox 1455 1591 1558 1631; x_wconf 90' lang='lat' dir='ltr'>enim</span> <span class='ocrx_word' id='word_1_227' title='bbox 1589 1590 1646 1629; x_wconf 86' lang='lat' dir='ltr'>ad</span> <span class='ocrx_word' id='word_1_228' title='bbox 1674 1602 1756 1638; x_wconf 85' lang='lat' dir='ltr'>vos,-</span> 
     </span>
     <span class='ocr_line' id='line_1_32' title="bbox 340 1646 1760 1701; baseline 0.001 -14"><span class='ocrx_word' id='word_1_229' title='bbox 340 1653 472 1688; x_wconf 85' lang='lat' dir='ltr'>utrum</span> <span class='ocrx_word' id='word_1_230' title='bbox 494 1646 642 1701; x_wconf 87' lang='lat' dir='ltr'>Argos,</span> <span class='ocrx_word' id='word_1_231' title='bbox 661 1647 764 1688; x_wconf 85' lang='lat' dir='ltr'>sicut</span> <span class='ocrx_word' id='word_1_232' title='bbox 782 1648 895 1688; x_wconf 87' lang='lat' dir='ltr'>scitis</span> <span class='ocrx_word' id='word_1_233' title='bbox 914 1648 1010 1701; x_wconf 88' lang='lat' dir='ltr'>ipsi,</span> <span class='ocrx_word' id='word_1_234' title='bbox 1030 1647 1082 1687; x_wconf 91' lang='lat' dir='ltr'>ab</span> <span class='ocrx_word' id='word_1_235' title='bbox 1107 1647 1267 1688; x_wconf 83' lang='lat' dir='ltr'>Nabide</span> <span class='ocrx_word' id='word_1_236' title='bbox 1286 1653 1495 1700; x_wconf 86' lang='lat' dir='ltr'>occupatos</span> <span class='ocrx_word' id='word_1_237' title='bbox 1506 1647 1606 1700; x_wconf 76' lang='lat' dir='ltr'>pati</span> <span class='ocrx_word' id='word_1_238' title='bbox 1625 1647 1760 1688; x_wconf 80' lang='lat' dir='ltr'>velitis</span> 
     </span>
     <span class='ocr_line' id='line_1_33' title="bbox 341 1702 1757 1759; baseline -0.001 -13"><span class='ocrx_word' id='word_1_239' title='bbox 341 1704 411 1746; x_wconf 89' lang='lat' dir='ltr'>sub</span> <span class='ocrx_word' id='word_1_240' title='bbox 432 1704 586 1745; x_wconf 84' lang='lat' dir='ltr'>ditione</span> <span class='ocrx_word' id='word_1_241' title='bbox 605 1702 688 1757; x_wconf 71' lang='lat' dir='ltr'>ejus</span> <span class='ocrx_word' id='word_1_242' title='bbox 708 1718 809 1745; x_wconf 83' lang='lat' dir='ltr'>esse:</span> <span class='ocrx_word' id='word_1_243' title='bbox 837 1718 894 1744; x_wconf 90' lang='lat' dir='ltr'>an</span> <span class='ocrx_word' id='word_1_244' title='bbox 914 1718 1066 1759; x_wconf 84' lang='lat' dir='ltr'>cequum</span> <span class='ocrx_word' id='word_1_245' title='bbox 1088 1705 1294 1754; x_wconf 84' lang='lat' dir='ltr'>censeatis,</span> <span class='ocrx_word' id='word_1_246' title='bbox 1316 1704 1602 1745; x_wconf 88' lang='lat' dir='ltr'>nobilissimam</span> <span class='ocrx_word' id='word_1_247' title='bbox 1628 1709 1757 1745; x_wconf 81' lang='lat' dir='ltr'>vetus-</span> 
     </span>
     <span class='ocr_line' id='line_1_34' title="bbox 341 1760 1757 1815; baseline -0.001 -13"><span class='ocrx_word' id='word_1_248' title='bbox 341 1762 613 1815; x_wconf 82' lang='lat' dir='ltr'>tissimamque</span> <span class='ocrx_word' id='word_1_249' title='bbox 632 1761 848 1812; x_wconf 86' lang='lat' dir='ltr'>civitatem,</span> <span class='ocrx_word' id='word_1_250' title='bbox 872 1763 916 1802; x_wconf 88' lang='lat' dir='ltr'>in</span> <span class='ocrx_word' id='word_1_251' title='bbox 937 1762 1068 1802; x_wconf 87' lang='lat' dir='ltr'>media</span> <span class='ocrx_word' id='word_1_252' title='bbox 1089 1760 1255 1802; x_wconf 70' lang='lat' dir='ltr'>Graecia</span> <span class='ocrx_word' id='word_1_253' title='bbox 1275 1763 1410 1810; x_wconf 82' lang='lat' dir='ltr'>sitam,</span> <span class='ocrx_word' id='word_1_254' title='bbox 1427 1761 1553 1814; x_wconf 82' lang='lat' dir='ltr'>repeti</span> <span class='ocrx_word' id='word_1_255' title='bbox 1574 1761 1617 1800; x_wconf 87' lang='lat' dir='ltr'>in</span> <span class='ocrx_word' id='word_1_256' title='bbox 1637 1760 1757 1801; x_wconf 85' lang='lat' dir='ltr'>liber-</span> 
     </span>
     <span class='ocr_line' id='line_1_35' title="bbox 342 1817 1754 1872; baseline -0.001 -13"><span class='ocrx_word' id='word_1_257' title='bbox 342 1824 479 1868; x_wconf 85' lang='lat' dir='ltr'>tatem,</span> <span class='ocrx_word' id='word_1_258' title='bbox 493 1824 533 1859; x_wconf 84' lang='lat' dir='ltr'>et</span> <span class='ocrx_word' id='word_1_259' title='bbox 547 1819 679 1859; x_wconf 85' lang='lat' dir='ltr'>eodem</span> <span class='ocrx_word' id='word_1_260' title='bbox 693 1824 815 1868; x_wconf 87' lang='lat' dir='ltr'>statu,</span> <span class='ocrx_word' id='word_1_261' title='bbox 833 1833 910 1872; x_wconf 86' lang='lat' dir='ltr'>quo</span> <span class='ocrx_word' id='word_1_262' title='bbox 926 1825 1077 1860; x_wconf 87' lang='lat' dir='ltr'>ceteras</span> <span class='ocrx_word' id='word_1_263' title='bbox 1091 1818 1205 1860; x_wconf 85' lang='lat' dir='ltr'>urbes</span> <span class='ocrx_word' id='word_1_264' title='bbox 1224 1819 1495 1872; x_wconf 81' lang='lat' dir='ltr'>Peloponnesi</span> <span class='ocrx_word' id='word_1_265' title='bbox 1505 1823 1544 1858; x_wconf 85' lang='lat' dir='ltr'>et</span> <span class='ocrx_word' id='word_1_266' title='bbox 1564 1817 1754 1867; x_wconf 84' lang='lat' dir='ltr'>Graeciae,</span> 
     </span>
     <span class='ocr_line' id='line_1_36' title="bbox 343 1875 1759 1929; baseline 0 -13"><span class='ocrx_word' id='word_1_267' title='bbox 343 1890 435 1917; x_wconf 84' lang='lat' dir='ltr'>esse.</span> <span class='ocrx_word' id='word_1_268' title='bbox 484 1875 594 1915; x_wconf 84' lang='lat' dir='ltr'>Haec</span> <span class='ocrx_word' id='word_1_269' title='bbox 612 1876 866 1926; x_wconf 77' lang='lat' dir='ltr'>consultatio,</span> <span class='ocrx_word' id='word_1_270' title='bbox 887 1882 931 1916; x_wconf 89' lang='lat' dir='ltr'>ut</span> <span class='ocrx_word' id='word_1_271' title='bbox 951 1876 1108 1924; x_wconf 84' lang='lat' dir='ltr'>videtis,</span> <span class='ocrx_word' id='word_1_272' title='bbox 1130 1881 1218 1917; x_wconf 87' lang='lat' dir='ltr'>tota</span> <span class='ocrx_word' id='word_1_273' title='bbox 1240 1877 1289 1917; x_wconf 86' lang='lat' dir='ltr'>de</span> <span class='ocrx_word' id='word_1_274' title='bbox 1308 1890 1353 1916; x_wconf 90' lang='lat' dir='ltr'>re</span> <span class='ocrx_word' id='word_1_275' title='bbox 1363 1876 1597 1929; x_wconf 83' lang='lat' dir='ltr'>pertinente</span> <span class='ocrx_word' id='word_1_276' title='bbox 1616 1875 1674 1915; x_wconf 86' lang='lat' dir='ltr'>ad</span> <span class='ocrx_word' id='word_1_277' title='bbox 1691 1888 1759 1916; x_wconf 84' lang='lat' dir='ltr'>vos</span> 
     </span>
     <span class='ocr_line' id='line_1_37' title="bbox 344 1930 1758 1988; baseline -0.001 -15"><span class='ocrx_word' id='word_1_278' title='bbox 344 1939 402 1974; x_wconf 90' lang='lat' dir='ltr'>est</span> <span class='ocrx_word' id='word_1_279' title='bbox 407 1949 425 1981; x_wconf 91' lang='lat'><em>;</em></span> <span class='ocrx_word' id='word_1_280' title='bbox 458 1931 660 1974; x_wconf 77' lang='lat' dir='ltr'>Romanos</span> <span class='ocrx_word' id='word_1_281' title='bbox 680 1933 787 1973; x_wconf 87' lang='lat' dir='ltr'>nihil</span> <span class='ocrx_word' id='word_1_282' title='bbox 805 1934 1018 1988; x_wconf 84' lang='lat' dir='ltr'>contingit,</span> <span class='ocrx_word' id='word_1_283' title='bbox 1040 1933 1124 1974; x_wconf 88' lang='lat' dir='ltr'>nisi</span> <span class='ocrx_word' id='word_1_284' title='bbox 1143 1939 1338 1988; x_wconf 86' lang='lat' dir='ltr'>quatenus</span> <span class='ocrx_word' id='word_1_285' title='bbox 1357 1933 1542 1973; x_wconf 82' lang='lat' dir='ltr'>liberatae</span> <span class='ocrx_word' id='word_1_286' title='bbox 1565 1930 1758 1981; x_wconf 84' lang='lat' dir='ltr'>Graeciae,</span> 
     </span>
     <span class='ocr_line' id='line_1_38' title="bbox 345 1988 1761 2044; baseline -0.001 -14"><span class='ocrx_word' id='word_1_287' title='bbox 345 1990 462 2031; x_wconf 84' lang='lat' dir='ltr'>unius</span> <span class='ocrx_word' id='word_1_288' title='bbox 480 1988 662 2031; x_wconf 83' lang='lat' dir='ltr'>civitatis</span> <span class='ocrx_word' id='word_1_289' title='bbox 681 1990 866 2041; x_wconf 81' lang='lat' dir='ltr'>servitus,</span> <span class='ocrx_word' id='word_1_290' title='bbox 883 2004 965 2031; x_wconf 87' lang='lat' dir='ltr'>non</span> <span class='ocrx_word' id='word_1_291' title='bbox 977 1991 1158 2044; x_wconf 85' lang='lat' dir='ltr'>plenam,</span> <span class='ocrx_word' id='word_1_292' title='bbox 1175 2004 1246 2031; x_wconf 86' lang='lat' dir='ltr'>nec</span> <span class='ocrx_word' id='word_1_293' title='bbox 1266 1991 1465 2044; x_wconf 86' lang='lat' dir='ltr'>integram</span> <span class='ocrx_word' id='word_1_294' title='bbox 1481 1990 1659 2044; x_wconf 83' lang='lat' dir='ltr'>gloriam</span> <span class='ocrx_word' id='word_1_295' title='bbox 1679 2003 1761 2030; x_wconf 88' lang='lat' dir='ltr'>esse</span> 
     </span>
     <span class='ocr_line' id='line_1_39' title="bbox 343 2046 1757 2102; baseline 0 -14"><span class='ocrx_word' id='word_1_296' title='bbox 343 2048 459 2089; x_wconf 83' lang='lat' dir='ltr'>sinit.</span> <span class='ocrx_word' id='word_1_297' title='bbox 521 2047 702 2088; x_wconf 79' lang='lat' dir='ltr'>Ceterum</span> <span class='ocrx_word' id='word_1_298' title='bbox 722 2049 760 2089; x_wconf 88' lang='lat' dir='ltr'>si</span> <span class='ocrx_word' id='word_1_299' title='bbox 785 2062 853 2089; x_wconf 83' lang='lat' dir='ltr'>vos</span> <span class='ocrx_word' id='word_1_300' title='bbox 881 2062 953 2089; x_wconf 84' lang='lat' dir='ltr'>nec</span> <span class='ocrx_word' id='word_1_301' title='bbox 979 2061 1078 2088; x_wconf 85' lang='lat' dir='ltr'>cura</span> <span class='ocrx_word' id='word_1_302' title='bbox 1107 2046 1191 2102; x_wconf 77' lang='lat' dir='ltr'>ejus</span> <span class='ocrx_word' id='word_1_303' title='bbox 1219 2047 1411 2097; x_wconf 84' lang='lat' dir='ltr'>civitatis,</span> <span class='ocrx_word' id='word_1_304' title='bbox 1434 2061 1505 2087; x_wconf 86' lang='lat' dir='ltr'>nec</span> <span class='ocrx_word' id='word_1_305' title='bbox 1524 2047 1757 2100; x_wconf 71' lang='lat' dir='ltr'>exemplum,</span> 
     </span>
     <span class='ocr_line' id='line_1_40' title="bbox 345 2103 1756 2159; baseline -0.001 -15"><span class='ocrx_word' id='word_1_306' title='bbox 345 2119 415 2145; x_wconf 86' lang='lat' dir='ltr'>nec</span> <span class='ocrx_word' id='word_1_307' title='bbox 437 2105 661 2157; x_wconf 86' lang='lat' dir='ltr'>periculum</span> <span class='ocrx_word' id='word_1_308' title='bbox 680 2110 821 2154; x_wconf 85' lang='lat' dir='ltr'>movet,</span> <span class='ocrx_word' id='word_1_309' title='bbox 843 2119 893 2146; x_wconf 85' lang='lat' dir='ltr'>ne</span> <span class='ocrx_word' id='word_1_310' title='bbox 910 2111 1049 2158; x_wconf 87' lang='lat' dir='ltr'>serpat</span> <span class='ocrx_word' id='word_1_311' title='bbox 1077 2105 1203 2146; x_wconf 88' lang='lat' dir='ltr'>latius</span> <span class='ocrx_word' id='word_1_312' title='bbox 1221 2105 1410 2159; x_wconf 86' lang='lat' dir='ltr'>contagio</span> <span class='ocrx_word' id='word_1_313' title='bbox 1431 2103 1512 2158; x_wconf 79' lang='lat' dir='ltr'>ejus</span> <span class='ocrx_word' id='word_1_314' title='bbox 1532 2105 1631 2144; x_wconf 86' lang='lat' dir='ltr'>mali</span> <span class='ocrx_word' id='word_1_315' title='bbox 1635 2119 1652 2152; x_wconf 89' lang='lat'><em>;</em></span> <span class='ocrx_word' id='word_1_316' title='bbox 1683 2117 1756 2144; x_wconf 83' lang='lat' dir='ltr'>nos</span> 
     </span>
     <span class='ocr_line' id='line_1_41' title="bbox 346 2161 1762 2216; baseline -0.001 -15"><span class='ocrx_word' id='word_1_317' title='bbox 346 2162 452 2215; x_wconf 79' lang='lat' dir='ltr'>aequi</span> <span class='ocrx_word' id='word_1_318' title='bbox 466 2161 838 2216; x_wconf 76' lang='lat' dir='ltr'>boniquefacimus.</span> <span class='ocrx_word' id='word_1_319' title='bbox 884 2163 952 2204; x_wconf 92' lang='lat' dir='ltr'>De</span> <span class='ocrx_word' id='word_1_320' title='bbox 967 2163 1043 2204; x_wconf 84' lang='lat' dir='ltr'>hac</span> <span class='ocrx_word' id='word_1_321' title='bbox 1057 2176 1102 2204; x_wconf 90' lang='lat' dir='ltr'>re</span> <span class='ocrx_word' id='word_1_322' title='bbox 1117 2176 1185 2204; x_wconf 80' lang='lat' dir='ltr'>vos</span> <span class='ocrx_word' id='word_1_323' title='bbox 1198 2163 1370 2212; x_wconf 89' lang='lat' dir='ltr'>consulo,</span> <span class='ocrx_word' id='word_1_324' title='bbox 1388 2168 1566 2203; x_wconf 86' lang='lat' dir='ltr'>staturus</span> <span class='ocrx_word' id='word_1_325' title='bbox 1581 2175 1638 2210; x_wconf 91' lang='lat' dir='ltr'>eo,</span> <span class='ocrx_word' id='word_1_326' title='bbox 1654 2161 1762 2214; x_wconf 82' lang='lat' dir='ltr'>quod</span> 
     </span>
     <span class='ocr_line' id='line_1_42' title="bbox 340 2219 750 2273; baseline 0.005 -15"><span class='ocrx_word' id='word_1_327' title='bbox 340 2220 483 2273; x_wconf 87' lang='lat' dir='ltr'>plures</span> <span class='ocrx_word' id='word_1_328' title='bbox 503 2219 750 2260; x_wconf 84' lang='lat' dir='ltr'>censueritis.</span> 
     </span>
    </p>

    <p class='ocr_par' dir='ltr' id='par_1_13' title="bbox 349 2273 1763 2561">
     <span class='ocr_line' id='line_1_43' title="bbox 408 2273 1758 2333; baseline -0.001 -17"><span class='ocrx_word' id='word_1_329' title='bbox 408 2275 600 2317; x_wconf 91' lang='lat' dir='ltr'>XXIII.</span> <span class='ocrx_word' id='word_1_330' title='bbox 633 2276 735 2319; x_wconf 87' lang='lat' dir='ltr'>Post</span> <span class='ocrx_word' id='word_1_331' title='bbox 763 2276 993 2320; x_wconf 85' lang='lat' dir='ltr'>orationem</span> <span class='ocrx_word' id='word_1_332' title='bbox 1023 2277 1203 2319; x_wconf 87' lang='lat' dir='ltr'>Romani</span> <span class='ocrx_word' id='word_1_333' title='bbox 1233 2276 1507 2333; x_wconf 81' lang='lat' dir='ltr'>imperatoriS,</span> <span class='ocrx_word' id='word_1_334' title='bbox 1528 2273 1758 2331; x_wconf 86' lang='lat' dir='ltr'>percenseri</span> 
     </span>
     <span class='ocr_line' id='line_1_44' title="bbox 349 2330 1760 2390; baseline -0.001 -18"><span class='ocrx_word' id='word_1_335' title='bbox 349 2332 526 2373; x_wconf 88' lang='lat' dir='ltr'>aliorum</span> <span class='ocrx_word' id='word_1_336' title='bbox 559 2333 774 2375; x_wconf 74' lang='lat' dir='ltr'>sententiae</span> <span class='ocrx_word' id='word_1_337' title='bbox 807 2342 958 2390; x_wconf 84' lang='lat' dir='ltr'>coeptae</span> <span class='ocrx_word' id='word_1_338' title='bbox 992 2343 1102 2376; x_wconf 88' lang='lat' dir='ltr'>sunt.</span> <span class='ocrx_word' id='word_1_339' title='bbox 1163 2333 1312 2384; x_wconf 87' lang='lat' dir='ltr'>Quum</span> <span class='ocrx_word' id='word_1_340' title='bbox 1341 2333 1504 2390; x_wconf 86' lang='lat' dir='ltr'>legatus</span> <span class='ocrx_word' id='word_1_341' title='bbox 1536 2330 1760 2373; x_wconf 87' lang='lat' dir='ltr'>Athenien-</span> 
     </span>
     <span class='ocr_line' id='line_1_45' title="bbox 351 2387 1758 2448; baseline -0.001 -19"><span class='ocrx_word' id='word_1_342' title='bbox 351 2390 474 2439; x_wconf 89' lang='lat' dir='ltr'>sium,</span> <span class='ocrx_word' id='word_1_343' title='bbox 515 2397 722 2445; x_wconf 79' lang='lat' dir='ltr'>quantum</span> <span class='ocrx_word' id='word_1_344' title='bbox 771 2398 934 2447; x_wconf 88' lang='lat' dir='ltr'>poterat</span> <span class='ocrx_word' id='word_1_345' title='bbox 971 2391 1117 2448; x_wconf 85' lang='lat' dir='ltr'>gratiis</span> <span class='ocrx_word' id='word_1_346' title='bbox 1166 2390 1351 2447; x_wconf 87' lang='lat' dir='ltr'>agendis,</span> <span class='ocrx_word' id='word_1_347' title='bbox 1389 2390 1674 2430; x_wconf 85' lang='lat' dir='ltr'>Romanorum</span> <span class='ocrx_word' id='word_1_348' title='bbox 1714 2387 1758 2429; x_wconf 92' lang='lat' dir='ltr'>in</span> 
     </span>
     <span class='ocr_line' id='line_1_46' title="bbox 354 2445 1763 2502; baseline 0 -16"><span class='ocrx_word' id='word_1_349' title='bbox 354 2445 559 2486; x_wconf 79' lang='lat' dir='ltr'>Graeciam</span> <span class='ocrx_word' id='word_1_350' title='bbox 599 2446 747 2488; x_wconf 78' lang='lat' dir='ltr'>merita</span> <span class='ocrx_word' id='word_1_351' title='bbox 784 2447 1016 2500; x_wconf 81' lang='lat' dir='ltr'>extulisset,</span> <span class='ocrx_word' id='word_1_352' title='bbox 1058 2449 1283 2502; x_wconf 84' lang='lat' dir='ltr'>inploratos</span> <span class='ocrx_word' id='word_1_353' title='bbox 1320 2447 1532 2496; x_wconf 71' lang='lat' dir='ltr'>auxilium,</span> <span class='ocrx_word' id='word_1_354' title='bbox 1571 2446 1763 2486; x_wconf 80' lang='lat' dir='ltr'>adversus</span> 
     </span>
     <span class='ocr_line' id='line_1_47' title="bbox 356 2503 1761 2561; baseline -0.001 -17"><span class='ocrx_word' id='word_1_355' title='bbox 356 2503 594 2556; x_wconf 76' lang='lat' dir='ltr'>Philippum</span> <span class='ocrx_word' id='word_1_356' title='bbox 623 2504 760 2545; x_wconf 86' lang='lat' dir='ltr'>tulisse</span> <span class='ocrx_word' id='word_1_357' title='bbox 779 2518 889 2558; x_wconf 87' lang='lat' dir='ltr'>opem</span> <span class='ocrx_word' id='word_1_358' title='bbox 897 2527 912 2552; x_wconf 85' lang='lat'>,·</span> <span class='ocrx_word' id='word_1_359' title='bbox 945 2520 1022 2546; x_wconf 83' lang='lat' dir='ltr'>non</span> <span class='ocrx_word' id='word_1_360' title='bbox 1041 2512 1217 2561; x_wconf 63' lang='lat' dir='ltr'>rogatae,</span> <span class='ocrx_word' id='word_1_361' title='bbox 1232 2504 1379 2545; x_wconf 74' lang='lat' dir='ltr'>⁷²ultro</span> <span class='ocrx_word' id='word_1_362' title='bbox 1403 2504 1593 2544; x_wconf 83' lang='lat' dir='ltr'>adversus</span> <span class='ocrx_word' id='word_1_363' title='bbox 1621 2509 1761 2557; x_wconf 67' lang='lat' dir='ltr'>tyran·</span> 
     </span>
    </p>
   </div>
   <div class='ocr_carea' id='block_1_13' title="bbox 405 2645 1761 2694">
    <p class='ocr_par' dir='ltr' id='par_1_14' title="bbox 405 2645 1761 2694">
     <span class='ocr_line' id='line_1_48' title="bbox 405 2645 1761 2694; baseline 0.001 -16"><span class='ocrx_word' id='word_1_364' title='bbox 405 2648 442 2678; x_wconf 86' lang='lat'>71</span> <span class='ocrx_word' id='word_1_365' title='bbox 490 2648 785 2685; x_wconf 67' lang='lat' dir='ltr'>Senatusconsultum‚</span> <span class='ocrx_word' id='word_1_366' title='bbox 816 2645 884 2691; x_wconf 68' lang='lat' dir='ltr'>vquo</span> <span class='ocrx_word' id='word_1_367' title='bbox 929 2653 1035 2683; x_wconf 78' lang='lat' dir='ltr'>bellum</span> <span class='ocrx_word' id='word_1_368' title='bbox 1067 2651 1173 2684; x_wconf 77' lang='lat' dir='ltr'>¹Unde</span> <span class='ocrx_word' id='word_1_369' title='bbox 1199 2652 1300 2682; x_wconf 88' lang='lat' dir='ltr'>minus</span> <span class='ocrx_word' id='word_1_370' title='bbox 1325 2649 1444 2694; x_wconf 82' lang='lat' dir='ltr'>proprie</span> <span class='ocrx_word' id='word_1_371' title='bbox 1469 2648 1528 2681; x_wconf 87' lang='lat' dir='ltr'>dici</span> <span class='ocrx_word' id='word_1_372' title='bbox 1552 2649 1672 2680; x_wconf 81' lang='lat' dir='ltr'>videtur</span> <span class='ocrx_word' id='word_1_373' title='bbox 1694 2648 1761 2679; x_wconf 84' lang='lat' dir='ltr'>bel-</span> 
     </span>
    </p>
   </div>
   <div class='ocr_carea' id='block_1_14' title="bbox 353 2691 1764 2910">
    <p class='ocr_par' dir='ltr' id='par_1_15' title="bbox 353 2691 1761 2783">
     <span class='ocr_line' id='line_1_49' title="bbox 353 2691 1761 2735; baseline 0.001 -15"><span class='ocrx_word' id='word_1_374' title='bbox 353 2691 492 2721; x_wconf 73' lang='lat' dir='ltr'>mlversns</span> <span class='ocrx_word' id='word_1_375' title='bbox 518 2691 634 2734; x_wconf 74' lang='lat' dir='ltr'>Nabin]</span> <span class='ocrx_word' id='word_1_376' title='bbox 671 2692 732 2724; x_wconf 86' lang='lat' dir='ltr'>Hic</span> <span class='ocrx_word' id='word_1_377' title='bbox 755 2693 937 2735; x_wconf 82' lang='lat' dir='ltr'>requirimus</span> <span class='ocrx_word' id='word_1_378' title='bbox 957 2694 1036 2726; x_wconf 84' lang='lat' dir='ltr'>Livii</span> <span class='ocrx_word' id='word_1_379' title='bbox 1079 2696 1143 2726; x_wconf 87' lang='lat' dir='ltr'>lum</span> <span class='ocrx_word' id='word_1_380' title='bbox 1171 2695 1317 2726; x_wconf 86' lang='lat' dir='ltr'>adversus</span> <span class='ocrx_word' id='word_1_381' title='bbox 1355 2692 1461 2724; x_wconf 87' lang='lat' dir='ltr'>Nabin</span> <span class='ocrx_word' id='word_1_382' title='bbox 1494 2691 1761 2724; x_wconf 83' lang='lat' dir='ltr'>senatusconsulto</span> 
     </span>
     <span class='ocr_line' id='line_1_50' title="bbox 357 2733 1249 2783; baseline 0.006 -20"><span class='ocrx_word' id='word_1_383' title='bbox 357 2733 560 2774; x_wconf 80' lang='lat' dir='ltr'>diligentiam.</span> <span class='ocrx_word' id='word_1_384' title='bbox 612 2735 713 2783; x_wconf 82' lang='lat' dir='ltr'>Supra</span> <span class='ocrx_word' id='word_1_385' title='bbox 746 2736 840 2772; x_wconf 85' lang='lat' dir='ltr'>enim,</span> <span class='ocrx_word' id='word_1_386' title='bbox 872 2737 1034 2768; x_wconf 79' lang='lat' dir='ltr'>xxxlu.</span> <span class='ocrx_word' id='word_1_387' title='bbox 1079 2738 1249 2769; x_wconf 85' lang='lat' dir='ltr'>decretum.</span> 
     </span>
    </p>

    <p class='ocr_par' dir='ltr' id='par_1_16' title="bbox 357 2776 1764 2910">
     <span class='ocr_line' id='line_1_51' title="bbox 358 2776 1764 2819; baseline 0.001 -14"><span class='ocrx_word' id='word_1_388' title='bbox 358 2776 409 2806; x_wconf 81' lang='lat'>45.</span> <span class='ocrx_word' id='word_1_389' title='bbox 430 2777 551 2819; x_wconf 80' lang='lat' dir='ltr'>scripsit</span> <span class='ocrx_word' id='word_1_390' title='bbox 575 2787 755 2819; x_wconf 78' lang='lat' dir='ltr'>permissum</span> <span class='ocrx_word' id='word_1_391' title='bbox 780 2779 872 2810; x_wconf 70' lang='lat' dir='ltr'>fuisse</span> <span class='ocrx_word' id='word_1_392' title='bbox 893 2790 912 2810; x_wconf 87' lang='lat' dir='ltr'>a</span> <span class='ocrx_word' id='word_1_393' title='bbox 928 2786 1038 2811; x_wconf 77' lang='lat' dir='ltr'>senatu</span> <span class='ocrx_word' id='word_1_394' title='bbox 1125 2781 1166 2811; x_wconf 87' lang='lat'>72</span> <span class='ocrx_word' id='word_1_395' title='bbox 1197 2780 1282 2810; x_wconf 77' lang='lat' dir='ltr'>Ultro</span> <span class='ocrx_word' id='word_1_396' title='bbox 1311 2781 1447 2810; x_wconf 78' lang='lat' dir='ltr'>adversus</span> <span class='ocrx_word' id='word_1_397' title='bbox 1474 2785 1635 2819; x_wconf 70' lang='lat' dir='ltr'>tyrannum</span> <span class='ocrx_word' id='word_1_398' title='bbox 1664 2777 1764 2808; x_wconf 74' lang='lat' dir='ltr'>Nabin</span> 
     </span>
     <span class='ocr_line' id='line_1_52' title="bbox 357 2818 1763 2867; baseline 0.001 -19"><span class='ocrx_word' id='word_1_399' title='bbox 357 2818 395 2849; x_wconf 88' lang='lat' dir='ltr'>T.</span> <span class='ocrx_word' id='word_1_400' title='bbox 412 2819 664 2867; x_wconf 26' lang='lat' dir='ltr'>Quintiouquod</span> <span class='ocrx_word' id='word_1_401' title='bbox 687 2821 726 2852; x_wconf 85' lang='lat' dir='ltr'>ad</span> <span class='ocrx_word' id='word_1_402' title='bbox 754 2821 861 2866; x_wconf 72' lang='lat' dir='ltr'>Nabin</span> <span class='ocrx_word' id='word_1_403' title='bbox 883 2822 1037 2858; x_wconf 76' lang='lat' dir='ltr'>attineret,</span> <span class='ocrx_word' id='word_1_404' title='bbox 1082 2823 1186 2864; x_wconf 64' lang='lat' dir='ltr'>offen-e</span> <span class='ocrx_word' id='word_1_405' title='bbox 1212 2823 1373 2863; x_wconf 65' lang='lat' dir='ltr'>auxilinm]</span> <span class='ocrx_word' id='word_1_406' title='bbox 1420 2821 1614 2853; x_wconf 78' lang='lat' dir='ltr'>Assentimur</span> <span class='ocrx_word' id='word_1_407' title='bbox 1643 2820 1763 2866; x_wconf 66' lang='lat' dir='ltr'>Grono-</span> 
     </span>
     <span class='ocr_line' id='line_1_53' title="bbox 358 2861 1764 2910; baseline 0.001 -16"><span class='ocrx_word' id='word_1_408' title='bbox 358 2861 485 2898; x_wconf 71' lang='lat' dir='ltr'>faceret.</span> <span class='ocrx_word' id='word_1_409' title='bbox 502 2873 570 2906; x_wconf 76' lang='lat' dir='ltr'>quae</span> <span class='ocrx_word' id='word_1_410' title='bbox 587 2874 604 2896; x_wconf 82' lang='lat' dir='ltr'>e</span> <span class='ocrx_word' id='word_1_411' title='bbox 621 2864 779 2906; x_wconf 80' lang='lat' dir='ltr'>republica</span> <span class='ocrx_word' id='word_1_412' title='bbox 800 2871 940 2903; x_wconf 73' lang='lat' dir='ltr'>censeret</span> <span class='ocrx_word' id='word_1_413' title='bbox 962 2876 1039 2903; x_wconf 72' lang='lat' dir='ltr'>esse.</span> <span class='ocrx_word' id='word_1_414' title='bbox 1084 2867 1132 2899; x_wconf 81' lang='lat' dir='ltr'>vio</span> <span class='ocrx_word' id='word_1_415' title='bbox 1154 2865 1301 2910; x_wconf 81' lang='lat' dir='ltr'>rejicienti</span> <span class='ocrx_word' id='word_1_416' title='bbox 1325 2865 1464 2899; x_wconf 76' lang='lat' dir='ltr'>ultimam</span> <span class='ocrx_word' id='word_1_417' title='bbox 1488 2874 1606 2902; x_wconf 84' lang='lat' dir='ltr'>vocem,</span> <span class='ocrx_word' id='word_1_418' title='bbox 1621 2873 1690 2906; x_wconf 72' lang='lat' dir='ltr'>que</span> <span class='ocrx_word' id='word_1_419' title='bbox 1714 2861 1764 2895; x_wconf 70' lang='lat' dir='ltr'>luc</span> 
     </span>
    </p>
   </div>
   <div class='ocr_carea' id='block_1_15' title="bbox 1942 0 1947 620">
    <p class='ocr_par' dir='ltr' id='par_1_17' title="bbox 1942 0 1947 620">
     <span class='ocr_line' id='line_1_54' title="bbox 1942 0 1947 620; baseline 0 0"><span class='ocrx_word' id='word_1_420' title='bbox 1942 0 1947 620; x_wconf 95' lang='lat' dir='ltr'> </span> 
     </span>
    </p>
   </div>
  </div>
 </body>
</html>
