1947 3222
445 107 569 146 LlB.
599 106 778 145 XXXII.
825 106 900 143 CA
916 104 956 142 P.
986 106 1161 143 XXXII.

1456 109 1506 150 79

148 218 364 260 XXXII.
397 219 539 268 Quum
573 217 627 256 T.
650 214 888 266 Quinctius,
910 221 1033 269 capta
1064 213 1219 263 Elatia,
1251 214 1292 254 in
1326 213 1510 255 Phocide
1525 224 1566 255 U.
1579 222 1617 253 C.
1633 221 1706 253 555.

89 290 138 317 ac
168 275 348 317 Locride
377 274 551 316 hiberna
579 271 780 328 disposita
818 271 1007 319 haberet,
1040 270 1211 326 Opunte
1243 270 1392 311 seditio
1421 280 1513 313 orta
1527 267 1566 298 Α·
1581 266 1620 297 C.
1633 266 1705 296 197.

89 340 165 374 est.
227 331 373 374 Factio
403 346 487 372 una
521 328 700 377 AEtolos‚
732 328 805 384 qui
836 327 1051 384 propiores
1081 335 1225 373 erant3
1270 327 1401 368 altera
1429 328 1515 368 Ro-

90 404 235 430 manos
261 388 503 429 arcessebat.
565 385 700 427 AEtoli
734 385 892 442 priores
913 392 1142 425 venerunt:
1176 383 1248 424 sed
1278 383 1516 439 opulentior

90 445 233 496 factio,
253 444 433 486 exclusis
455 443 625 493 AEtolis,
647 442 856 498 missoque
877 441 931 482 ad
958 441 1253 496 imperatorem
1277 441 1516 481 Romanum

91 502 259 553 nuncio,
292 516 427 557 usque
462 501 528 542 ini
562 499 791 541 adventum
832 499 923 554 ejus
963 498 1099 539 tenuit
1139 498 1300 539 urbem.
1363 498 1518 537 Arcem

91 559 253 615 regium
275 558 444 599 tenebat
474 557 741 614 praesidium:
774 571 926 612 neque,
946 554 979 578 ³¹
996 563 1043 596 ut
1065 554 1384 596 descenderent*
1407 553 1518 602 inde,

92 624 166 658 aut
193 615 478 671 Opuntiorum
508 613 644 664 minis,
677 620 751 654 aut
782 612 1032 654 auctoritate
1064 611 1307 668 imperantis
1340 610 1521 651 consulis

94 672 290 721 Romani,
312 671 488 729 perpelli
517 678 761 727 potuerunt.
824 670 964 720 Mora,
991 683 1067 709 cur
1095 684 1179 709 non
1207 667 1420 724 extemplo
1449 664 1527 708 obss

91 736 397 786 pugnarentur‚
429 744 477 770 ea
505 729 604 778 fuit,
627 727 743 784 quod
773 727 1022 768 caduceator
1046 725 1100 767 ab
1129 740 1227 782 rege
1257 732 1442 775 venerat,
1464 724 1523 765 lo-

92 800 190 827 cum
210 801 258 827 ac
283 792 449 842 tempus
478 794 624 842 petens
654 783 887 840 conloquio.
947 782 982 807 ⁵²
997 782 1051 823 Id
1080 791 1253 838 gravate
1283 796 1523 823 concessum
1537 790 1675 838 Quinctii

93 842 183 898 regi
213 851 287 884 est.
318 857 402 884 non
423 844 526 899 quin
557 849 728 898 cuperet
761 840 984 890 Quinctius
1013 854 1088 895 per
1119 855 1160 880 se
1192 839 1346 895 partim
1381 835 1732 909 armis,⁰⁰¹1¹0{1‚'}1¹,¹¹m

93 899 250 956 partim
296 899 608 942 conditionibus
650 898 889 939 confectum
932 896 1065 937 videri
1112 896 1296 937 bellum:
1343 895 1523 936 necdum
1535 888 1633 964 Effe·
1660 888 1697 908 ¹¹-

94 956 206 997 enim
226 956 396 1007 sciebat,
419 964 563 998 utrum
585 969 794 996 successor
823 952 903 995 sibi
933 952 1039 993 alter
1060 967 1111 993 ex
1129 953 1262 994 novis
1282 952 1525 994 consulibus

95 1013 360 1062 mitteretur3
403 1029 471 1063 an,
502 1012 632 1068 quod,
668 1025 833 1052 summa
866 1010 908 1051 vi
952 1017 998 1051 ut
1038 1009 1274 1059 tenderent,
1305 1009 1448 1050 amicis
1482 1017 1524 1050 et

95 1070 346 1126 propinquis
395 1069 680 1118 mandaverat,
724 1068 949 1123 imperium
999 1075 1323 1122 prorogaretur:
1377 1074 1526 1122 aptum

94 1136 240 1168 autem
272 1127 364 1167 fore
397 1126 668 1182 conloquium
703 1125 915 1174 credebat,
947 1122 1038 1165 ³³ut
1076 1123 1154 1164 sibi
1191 1123 1370 1164 liberum
1403 1131 1525 1172 esset,

95 1182 164 1224 vel
183 1182 238 1224 ad
271 1183 430 1224 bellum
459 1182 657 1233 manenti,
680 1182 747 1223 vel
776 1181 831 1222 ad
866 1196 1012 1237 pacem
1042 1180 1260 1222 decedenti
1292 1196 1380 1221 rem
1412 1179 1527 1220 incli-

96 1254 207 1281 nare.
270 1241 322 1281 In
347 1240 441 1282 sinu
464 1239 647 1281 Maliaco
676 1254 807 1295 prope
830 1239 1016 1279 Nicaeam
1046 1238 1149 1278 litus
1168 1237 1342 1293 elegere.
1373 1252 1423 1277 eo
1452 1251 1527 1277 rex

97 1296 151 1337 ab
182 1297 453 1338 Demetriade
479 1312 579 1338 cum
613 1296 803 1352 quinque
839 1294 985 1337 lembis
1018 1302 1060 1336 et
1095 1309 1180 1336 una
1215 1309 1319 1336 nave
1348 1302 1529 1336 rostrata

97 1352 225 1395 venit.
282 1353 459 1396 “Erant
494 1369 591 1395 cum
626 1369 674 1395 eo
713 1352 924 1410 principes
961 1350 1260 1402 Macedonum,
1297 1360 1338 1393 et
1375 1351 1531 1392 Achae-

92 1423 221 1451 ‘orum
253 1411 375 1452 exsul
409 1411 475 1452 vir
509 1411 682 1467 insignis
712 1409 949 1466 Cycliadas.
1011 1411 1122 1451 Cum
1157 1408 1411 1466 imperatore
1445 1409 1531 1450 Ro-

98 1481 222 1508 mano
252 1480 326 1509 rex
348 1467 624 1524 Amynander
645 1476 748 1517 erat,
771 1475 812 1508 et
834 1466 1156 1522 Dionysodorus
1178 1465 1317 1507 Attali
1347 1466 1529 1521 legatus,

95 1531 142 1565 ⁴et
183 1525 509 1580 Agesimbrotus
555 1524 782 1580 praefectus
824 1522 1006 1564 Rhodiae
1046 1523 1201 1573 classis,
1240 1531 1284 1564 et
1326 1522 1530 1563 Phaeneas

99 1580 243 1636 prince
276 1597 294 1622 s
311 1581 568 1631 AEtolorum,
586 1588 627 1622 et
649 1581 799 1621 Achaei
820 1580 921 1630 duo,
937 1579 1177 1621 Aristaenus
1198 1595 1250 1620 ex
1274 1579 1528 1635 Xenophon.

95 1637 222 1678 -Inter
281 1654 325 1679 os
357 1639 588 1688 Romanus,
614 1637 671 1679 ad
706 1646 942 1678 extremum
976 1636 1078 1677 litus
1107 1651 1368 1692 progressus,
1395 1651 1529 1691 quum

100 1707 175 1735 rex
204 1693 247 1735 in
275 1710 443 1751 proram
472 1694 589 1736 navis
615 1695 659 1735 in
679 1694 870 1735 anchoris
891 1693 1040 1735 stantis
1069 1692 1351 1749 processisset,
1372 1691 1529 1734 ³⁵Com-

441 1762 456 1787 ’ἰ
470 1768 508 1798 ad
524 1767 622 1798 Gron.
639 1767 730 1798 Crev.

97 1837 176 1867 erat,
204 1840 294 1872 quum
323 1831 357 1862 T.
376 1832 518 1867 Quintius
532 1855 540 1864 .
556 1855 564 1862 .
581 1855 589 1863 .
605 1834 637 1862 in
668 1833 794 1863 Phocide

100 1885 137 1905 ae
173 1874 298 1905 Locride
338 1876 458 1906 hibet-ua
493 1877 628 1915 disposita
670 1876 794 1906 haberet.

106 1917 223 1956 Opunte
242 1919 343 1948 seditio
359 1925 421 1949 orta
440 1925 492 1950 est.
538 1918 602 1950 Ubi
624 1918 700 1959 quid
723 1918 794 1948 atti-

101 1966 158 1990 net
201 1960 356 1991 observari
398 1960 533 1992 hiemem
571 1967 645 1992 tunc
687 1961 792 1996 fuisse,

98 2013 201 2044 quum
236 2003 367 2034 hffiema
398 2003 548 2046 disposita
580 2006 704 2035 essent?
741 2010 795 2035 aut

104 2045 180 2087 quid
201 2046 334 2088 pertinet
354 2047 469 2078 mentio
492 2047 632 2078 Locridis
653 2058 688 2078 ac
712 2047 794 2078 Pho-

104 2088 183 2119 cidis
206 2088 246 2120 ad
267 2089 421 2120 hiemem!
443 2090 488 2120 At
507 2090 660 2131 quomodo
683 2090 792 2121 distin-

105 2131 238 2172 guimus,
262 2138 433 2174 opportune
459 2139 665 2164 memorantur
690 2133 792 2164 hiber-

99 2184 147 2205 na
160 2174 376 2206 Romanorum
398 2175 430 2206 in
448 2175 576 2207 Locride
598 2187 635 2207 ac
656 2176 793 2208 Phocide

104 2217 275 2259 disposita3
299 2218 374 2259 quia
388 2229 498 2261 nempe
520 2218 706 2260 respiciebat
719 2230 792 2251 ‘cmc-

101 2264 163 2298 ,tor,
179 2271 275 2302 quum
298 2261 364 2292 haec
387 2262 542 2297 scn'beret,
561 2262 720 2303 Opuntem
742 2273 792 2293 ur-

105 2303 178 2334 bem
193 2304 343 2341 Loc1idis,
358 2303 389 2334 in
406 2315 468 2346 qua
490 2304 672 2336 seditionem
695 2309 794 2337 ortam

107 2355 174 2377 esse
196 2353 311 2378 narrat.
355 2347 417 2378 Sed
435 2353 468 2378 et
488 2348 555 2378 haec
572 2348 676 2384 verba,
693 2348 795 2379 Hiems

97 2390 168 2428 jam
189 2400 219 2419 eo
241 2396 364 2428 tempore
385 2397 460 2426 erat,
486 2401 504 2421 a
527 2391 641 2432 quibus
667 2390 795 2434 incipie-

103 2431 163 2463 bat
185 2442 254 2474 cap.
278 2434 330 2463 32.
359 2433 519 2474 rejecimus
542 2434 583 2464 ad
604 2434 697 2465 finem
720 2445 797 2476 prae-

109 2474 266 2506 cedentis:
299 2482 333 2507 ut
363 2475 607 2518 intelligerentur
637 2478 798 2508 referenda

106 2516 152 2547 ad
167 2517 276 2549 *literas
298 2519 458 2550 consulum
481 2520 520 2550 de
541 2520 633 2551 rebus
655 2521 750 2561 gestis
766 2520 798 2552 in

107 2559 230 2596 Gallia,
245 2561 547 2603 supplicationesque
561 2563 713 2594 decretas.

155 2604 194 2633 31
224 2604 264 2634 Ut
282 2607 484 2636 descenderent
501 2606 588 2646 inde]
613 2605 663 2637 Sic
680 2606 799 2637 habere

112 2645 241 2687 scriptos
262 2652 392 2678 testatur
413 2649 483 2679 Jae.
499 2648 684 2679 Gronovius.
714 2649 799 2680 Vict.

107 2694 148 2718 ut
162 2690 352 2721 descenderet.
397 2691 502 2732 Vulgo
520 2697 556 2721 ut
570 2693 757 2723 discederent.

157 2731 197 2761 32
224 2731 260 2762 Id
294 2739 416 2774 gravate
451 2745 613 2765 concessum
646 2737 711 2776 <regi
747 2741 797 2771 est,

113 2784 173 2821 rum
199 2775 270 2814 quin
294 2783 410 2815 cuperet
435 2777 591 2819 Quintius]
625 2778 702 2808 Hiat
730 2788 798 2808 ora-

111 2821 169 2847 tio.
214 2817 297 2847 Nam
320 2825 418 2858 quum
433 2819 523 2850 hanc
545 2826 701 2852 removeat
723 2831 798 2852 cau-

860 1765 878 1789 k
893 1767 1071 1797 discederent
1088 1766 1188 1798 Gron.

838 1841 907 1873 quae
931 1831 1104 1869 Quintium
1133 1831 1274 1867 moverit,
1303 1837 1338 1862 ut
1368 1830 1532 1863 difficulter

838 1875 926 1905 daret
940 1874 1003 1915 regi
1018 1874 1215 1916 colloquendi
1231 1879 1427 1917 potestatem.
1474 1875 1531 1906 Vi-

840 1918 930 1949 detur
950 1918 1106 1961 scripsisse
1124 1917 1249 1948 Livius:
1274 1917 1312 1948 Id
1334 1929 1393 1948 non
1409 1925 1532 1960 gravate

837 1972 997 1992 concessum
1020 1963 1084 2003 regi
1106 1968 1157 1996 est,
1177 1973 1267 2002 quum
1291 1968 1409 2001 cuperet
1434 1961 1530 1996 Quin-

839 2007 910 2035 tius.
948 2004 1174 2035 -Gnoxovn-s.

882 2049 922 2079 33
951 2047 991 2078 Ut
1015 2049 1068 2078 sibi
1095 2048 1219 2077 liberum
1245 2053 1312 2078 esset
1339 2048 1383 2078 vel
1405 2048 1444 2077 ad
1472 2048 1530 2078 bel-

838 2091 914 2131 lum]
946 2091 991 2121 Ut
1019 2095 1122 2132 posset
1148 2090 1238 2120 facile
1266 2090 1315 2120 vel
1344 2089 1386 2120 ad
1413 2090 1531 2121 bellum

838 2144 903 2164 rem
925 2133 1085 2169 inclinare,
1103 2132 1128 2163 si
1152 2138 1292 2163 maneret
1316 2133 1380 2174 ipse
1402 2132 1435 2163 in
1461 2144 1531 2175 pro-

838 2176 960 2214 vincia3
985 2176 1033 2207 vel
1055 2176 1096 2207 ad
1118 2187 1238 2218 pacem,
1252 2176 1280 2206 si
1303 2175 1454 2207 decedere
1478 2186 1531 2207 ne-

837 2229 921 2251 cesse
935 2219 1023 2250 foret.

880 2264 922 2294 34
946 2263 1044 2293 Erant
1068 2273 1135 2293 cum
1164 2275 1195 2294 eo
1222 2264 1368 2302 principes
1394 2262 1532 2292 BIacedo-

837 2306 925 2346 num]
960 2306 1041 2336 Tota
1066 2306 1158 2347 hujus
1182 2305 1329 2346 colloquii
1356 2305 1491 2336 narratio
1515 2316 1532 2336 e

838 2348 962 2390 Polybii
986 2348 1007 2380 l.
1029 2349 1142 2380 XVII.
1164 2348 1329 2390 desumpta
1354 2353 1400 2379 est
1424 2354 1456 2378 et
1479 2359 1532 2378 ex-

840 2392 964 2432 scripta.
1009 2392 1158 2423 Ceterum
1192 2392 1251 2422 hoc
1287 2392 1356 2422 loco
1391 2390 1535 2422 videntur

838 2434 991 2465 excidisse
1016 2435 1142 2465 nomina
1170 2433 1355 2476 principum,
1378 2434 1432 2474 qui
1459 2433 1531 2465 Phi-

840 2477 961 2518 lippum
999 2478 1238 2514 comitabantur,
1276 2478 1469 2517 Apollodoms
1506 2483 1533 2507 et

843 2520 1054 2557 Demosthenes,
1084 2520 1134 2551 hic
1164 2530 1183 2551 a
1212 2521 1344 2562 Polybio
1372 2520 1532 2550 nominati.

843 2563 928 2593 Nam
954 2562 1034 2594 infra
1059 2574 1086 2594 c.
1111 2565 1164 2594 35.
1187 2564 1241 2594 ubi
1266 2562 1415 2606 repetitur
1439 2562 1533 2593 collo-

842 2606 961 2647 quium,
990 2606 1052 2637 Rer
1080 2605 1192 2637 dicitur
1225 2618 1292 2637 cum
1324 2607 1435 2636 duobus
1467 2615 1534 2644 quos

840 2651 937 2688 pridie
970 2650 1144 2680 adhibuerat
1176 2652 1209 2680 ‘in
1244 2656 1354 2681 terram
1386 2658 1532 2689 egressus:

843 2692 958 2733 quibus
971 2692 1073 2723 verbis
1091 2692 1168 2723 nihil
1183 2693 1259 2723 certi
1280 2702 1339 2723 nec
1352 2689 1532 2721 clarivindi-

841 2741 974 2771 caretur,
991 2735 1050 2766 nisi
1076 2736 1161 2778 prius
1181 2735 1304 2771 illorum
1326 2733 1453 2765 nomina
1475 2743 1530 2775 ap-

842 2778 943 2820 posita
956 2778 1096 2809 fuissent.

885 2821 1167 2862 35*Commodius]
1213 2819 1341 2863 Supple,
1376 2821 1443 2856 erit,
1479 2818 1530 2850 vel

110 2868 192 2895 sam,
225 2859 354 2892 alteram
381 2861 505 2894 omniuo
535 2872 649 2904 ponere
680 2863 798 2900 debuit,
832 2864 940 2904 facies.
