1947 3222
144 207 186 240 U.

143 251 186 283 A.

196 208 234 239 C.

197 250 235 283 C.

347 91 423 124 440
867 83 1015 124 T1T1
1061 83 1243 122 LIVII

245 207 318 238 568.
350 203 463 236 trum
493 193 640 235 decem'
656 192 838 236 millibus
868 193 976 243 aeris,
997 201 1070 235 aut
1091 209 1140 234 eo
1169 193 1315 250 pluris,
1337 194 1558 246 venissent,
1580 195 1683 237 ⁶⁶uti
1714 212 1763 238 ea

251 251 319 281 184.
352 265 522 307 quoque
541 250 691 298 decies¹
710 258 827 291 tanto
847 249 993 306 pluris,
1015 265 1142 313 quam
1162 252 1310 306 quanti
1341 260 1490 303 essent,
1512 253 1764 294 aestimaren-

354 316 450 356 tur;
483 315 525 349 et
544 306 609 349 his
623 306 749 348 rebus
767 306 962 347 omnibus
977 315 1083 347 term
1098 321 1140 346 1n
1156 307 1286 348 millia
1300 309 1393 350 aeris
1409 309 1762 352 adtribuerentur.

354 379 506 420 aquam
527 363 737 420 publicam
756 377 934 412 omnem,
955 363 998 403 in
1027 362 1236 417 privatum
1261 364 1482 406 aedificium
1513 374 1588 407 aut
1617 380 1777 421 agrum

355 420 568 470 fluentem,
598 420 869 465 ademerunt;
902 426 957 468 et,
980 433 1077 474 quae
1096 418 1177 460 ⁶⁷in
1207 419 1296 461 loca
1324 421 1493 477 publica
1519 422 1769 463 inaedificata

353 477 594 518 inmolitave
613 476 766 533 privati
787 475 1011 524 habebant,
1027 473 1137 516 intra
1157 475 1244 516 dies
1263 477 1437 532 triginta
1451 479 1637 520 demoliti
1655 487 1766 519 sunt.

356 535 495 590 Opera
515 533 663 575 deinde
682 531 872 573 facienda
891 546 941 572 ex
963 530 1129 572 decreta
1147 532 1191 572 in
1211 547 1300 574 eam
1323 549 1409 574 rem
1431 535 1649 591 pecuniam,
1670 534 1767 575 6813-

354 605 429 632 cus
449 589 689 632 sternendos
709 587 861 644 lapide,
883 587 1256 644 detergendasque,
1279 604 1363 646 qua
1392 606 1498 647 opus
1519 600 1638 641 esset,
1661 591 1768 642 cloa-

354 663 447 694 cas;
479 647 522 686 in
558 645 766 688 Aventino
795 653 835 686 et
869 645 912 686 in
944 644 1034 686 aliis
1062 646 1269 700 partibus,
1302 661 1387 702 qua
1417 649 1601 689 nondum
1635 657 1768 698 erant,

354 702 563 744 faciendas
597 702 850 744 locaverunt.
925 702 984 743 Et
1019 702 1240 758 separatim
1277 703 1454 745 Flaccus
1487 704 1675 746 ⁶⁹molem
1715 705 1769 746 ad

356 759 592 816 Neptunias
621 774 765 815 aquas,
787 766 836 800 ut
856 758 935 800 iter
955 758 1112 815 populo
1133 766 1253 810 esset,
1274 768 1315 802 et
1345 760 1453 801 viam
1484 775 1557 817 per
1586 762 1772 803 Formia-

356 832 457 858 num
485 824 680 858 montem.
741 816 847 857 Cato
867 814 974 856 atria
993 815 1094 865 duo,
1116 817 1323 858 Maenium
1344 826 1385 858 et
1415 818 1581 860 Titium
1611 818 1654 859 in
1684 817 1773 859 lau..

357 873 516 923 tumiis,
545 881 587 914 et
616 880 801 929 quatuor
830 872 1038 922 tabernas,
1067 873 1111 913 in
1137 873 1352 929 publicum
1385 876 1511 922 emit3
1543 874 1774 916 basilicam-

357 945 441 986 que
461 929 519 971 ibi
538 929 652 978 fecit,
674 944 771 985 quae
792 928 942 971 Porcia
966 928 1177 985 adpellata
1201 942 1275 972 est.
1336 932 1396 972 Et
1423 932 1642 987 vectigalia
1662 946 1773 972 sum-

356 987 436 1028 mis
455 986 613 1043 pretiis,
625 986 659 1013 7⁰
668 986 778 1028 ultro
798 985 958 1043 tributa
966 986 1131 1036 infimis
1144 986 1402 1040 *loo-cayerunt.
1424 1003 1529 1044 quas
1549 988 1773 1029 locationes

355 1059 488 1099 quum
511 1052 692 1093 senatus,
712 1040 906 1099 precibus
925 1051 967 1085 et
997 1042 1174 1084 lacrimis
1201 1044 1517 1100 publicanorum
1540 1045 1691 1094 victus,
1712 1045 1773 1085 in-

355 1100 453 1141 duci
474 1109 516 1141 et
546 1100 598 1141 de
618 1100 781 1155 integro
801 1099 924 1140 locari
941 1099 1159 1155 jussisset;
1192 1116 1392 1152 censore5‚
1413 1101 1551 1144 edicto
1570 1101 1774 1143 submotis

355 1157 409 1198 ab
421 1157 555 1206 hasta,
572 1156 646 1212 qui
662 1155 864 1198 ludificati
879 1157 1058 1212 priorem
1076 1155 1319 1198 locationem
1332 1167 1464 1208 erant,
1478 1159 1618 1199 omnia
1629 1158 1785 1199 eadem.

356 1213 545 1269 paullum
565 1212 781 1254 inminutis
810 1212 957 1268 pretiis
982 1213 1236 1255 locaverunt.
1297 1214 1460 1256 Nobilis
1480 1230 1655 1257 censura
1673 1215 1772 1265 fuit,

357 1270 718 1325 simultatiumque
747 1269 895 1325 plena3
933 1285 1031 1325 quae
1060 1270 1125 1310 M.
1148 1270 1344 1312 Porcium
1377 1271 1464 1323 (cui
1494 1271 1697 1313 acerbitas
1725 1287 1775 1312 ea

357 1327 676 1383 adsignabatur)
698 1341 773 1382 per
797 1341 961 1368 omnem
984 1326 1110 1368 vitam
1132 1337 1420 1370 exercuerunt.
1481 1327 1643 1369 Eodem
1663 1343 1772 1369 anno

357 1383 529 1426 coloniae
563 1383 677 1435 duae,
708 1383 963 1425 ⁷¹Potentia¹¹
993 1383 1036 1424 in
1070 1383 1285 1434 Picenum,
1319 1384 1539 1437 Pisaurum
1559 1384 1642 1428 ⁷²in
1673 1385 1773 1427 Gal-

402 1467 412 1492 ¹
427 1470 521 1500 decem
536 1468 635 1500 Gron.
651 1467 743 1499 Crev.
827 1470 852 1489 ΥΠ
867 1478 899 1498 ex
910 1468 1037 1507 pecunia
1051 1468 1070 1497 i.
1086 1478 1112 1497 e.
1126 1478 1153 1498 r.
1167 1469 1244 1497 decr.
1260 1467 1349 1499 Eaed.
1434 1471 1450 1489 ὓ
1469 1469 1616 1500 Pollentia
1631 1469 1734 1501 Crev.1

404 1553 447 1584 66
474 1553 526 1583 Uti
554 1564 588 1583 ea
614 1564 723 1593 quoque
750 1554 845 1583 decem
871 1558 953 1582 tanto
978 1552 1046 1591 plu-

364 1596 423 1636 ris]
463 1596 547 1637 Lege
570 1606 642 1627 cum
670 1595 794 1637 Sigonio
821 1600 852 1626 et
880 1594 1047 1631 Gronovio,

362 1641 455 1669 decies
479 1644 568 1669 tanto.
614 1638 720 1669 Causa
741 1637 848 1669 erroris
867 1637 987 1668 videtur
1009 1648 1047 1669 ea

363 1681 467 1717 tuisse,
482 1681 565 1722 quod
600 1681 635 1712 oro*
669 1683 760 1711 decies
795 1681 861 1712 sola
895 1681 1047 1711 numerali

364 1730 437 1755 nota
464 1724 497 1754 X
521 1724 553 1755 in
576 1724 662 1755 libris
683 1724 879 1764 designatum
902 1723 1045 1764 reperire-

364 1773 423 1802 tur,
452 1771 487 1797 ut
521 1772 568 1798 est
596 1766 629 1797 in
658 1766 827 1797 Victorino.
883 1765 1046 1807 Mancipia

365 1809 535 1850 antiquitus
549 1809 802 1840 adscribebantur
824 1808 939 1839 censui.
983 1809 1045 1840 Sed

364 1853 422 1884 hoc
445 1862 558 1882 novum
580 1858 610 1882 et
631 1862 706 1882 sane
728 1862 831 1893 grave,
852 1851 935 1892 quod
957 1861 1044 1881 man-

364 1895 457 1937 cipia,
475 1904 544 1935 quae
567 1895 686 1925 minora
705 1893 795 1924 annis
813 1893 921 1934 viginti
943 1900 1048 1936 empta

362 1943 464 1969 essent
478 1938 584 1969 decem
600 1936 738 1968 millibus
759 1937 837 1972 aeris,
852 1942 906 1966 aut
928 1947 964 1968 eo
978 1937 1047 1978 plu-

363 1981 415 2017 ris,
431 1979 534 2011 decies
555 1985 641 2011 tanto
661 1980 756 2021 pluris
771 1979 960 2011 aestimavere
974 1990 1047 2011 cen-

364 2034 457 2060 sores,
486 2033 579 2064 quam
607 2022 716 2063 quanti
743 2028 847 2064 empta
876 2029 989 2059 essent,
1017 2028 1048 2054 et

365 2072 466 2098 ternos
490 2066 521 2096 in
549 2065 648 2096 millia
672 2065 740 2096 aeris
764 2065 859 2107 pendi
882 2064 1049 2105 jusserunt.

365 2111 478 2150 Itaque
500 2107 552 2150 qui
574 2108 683 2139 decem
705 2109 841 2139 millibus
862 2107 953 2148 hujus
973 2114 1048 2139 aeta-

365 2152 406 2183 tis
424 2150 613 2193 mancipium
635 2150 770 2187 emisset,
785 2151 813 2182 ei
835 2156 958 2182 centum
980 2152 1048 2182 mil-

363 2195 448 2226 libus
470 2205 488 2226 a
515 2193 691 2225 censoribus
717 2194 795 2225 illud
820 2194 1047 2225 aestimabatur:

365 2249 402 2269 ac
427 2236 555 2280 proinde
579 2242 716 2267 trecenos
738 2237 806 2267 aeris
824 2236 926 2278 gravis
950 2236 1048 2268 domi-

365 2291 423 2311 nus
465 2290 502 2311 eo
539 2279 661 2310 nomine
704 2279 838 2321 pendere
871 2279 1046 2320 cogebatur.

366 2324 520 2355 Censores
535 2321 588 2363 jus
610 2322 753 2353 habuisse
775 2322 948 2353 aestimandi
966 2322 1048 2354 bona

364 2366 488 2402 civium,
515 2364 624 2405 quanti
658 2365 784 2398 vellent.
809 2365 874 2406 jam
913 2366 1047 2397 ostendit

365 2409 482 2444 Livius,
497 2408 518 2439 l.
535 2408 595 2438 lv,
611 2418 639 2438 c.
653 2408 706 2439 24.
752 2408 820 2438 Iloc
843 2407 935 2448 igitur
957 2409 1048 2440 modo

365 2452 447 2483 Cato
481 2450 632 2481 luxuriam
669 2450 819 2491 castigare
849 2457 879 2481 ct
910 2461 1047 2483 coercere

364 2504 525 2535 aggressus
538 2498 595 2528 est,
613 2503 651 2523 ne
672 2493 752 2533 quiS,
768 2493 850 2534 quod
873 2493 937 2525 fieri
960 2503 1046 2536 coep-

364 2543 428 2567 tum
456 2542 532 2572 crat,
559 2535 589 2565 in
621 2541 713 2571 veste,
739 2542 770 2567 et
796 2536 910 2567 mundo
938 2537 1045 2567 mulie-

363 2580 420 2616 bri,
447 2584 478 2610 et
502 2578 662 2612 vehiculis.
691 2584 754 2609 tum
781 2579 911 2609 servitiis
937 2579 1047 2610 teneris

364 2633 400 2653 ac
424 2622 565 2654 delicatis
586 2620 736 2652 habendis
757 2621 1044 2663 comparandisque,

361 2665 481 2696 civilem
513 2665 636 2695 modum
663 2669 696 2694 et
723 2663 928 2701 frugalitatem
958 2675 1040 2705 egre-

359 2707 492 2738 deretur.
552 2708 670 2739 Decem
708 2706 803 2736 millia
839 2706 907 2737 :uris
942 2708 1044 2745 gravis

359 2756 428 2781 sunt
453 2762 563 2782 marcae
579 2749 696 2791 argenti
717 2748 901 2781 l‘arisienses
920 2751 966 2781 15.
983 2760 1039 2781 uu-

358 2793 413 2823 cirr-
430 2796 460 2824 5.

400 2834 441 2866 67
467 2836 501 2867 Ire
540 2836 598 2866 {vra
635 2837 749 2877 publica
780 2836 954 2875 irutdq'ficata
986 2837 1037 2865 im-

1090 1552 1238 1593 molitave]
1277 1553 1426 1585 AEdificia
1459 1554 1579 1596 privata
1606 1554 1638 1585 in
1672 1553 1772 1596 publi<

1089 1604 1160 1625 cum
1183 1596 1403 1636 procurrentia,
1418 1596 1525 1638 qualia
1545 1603 1650 1628 essent
1671 1597 1778 1639 podia.

1089 1639 1137 1668 des
1175 1639 1300 1670 balmas.
1350 1642 1513 1677 Ceterum,
1550 1640 1633 1682 quod
1670 1639 1776 1670 discri-

1089 1690 1160 1711 men
1182 1680 1416 1723 significationis
1438 1683 1518 1714 inter
1539 1693 1628 1714 voces
1644 1684 1772 1723 ina-disi-

1088 1730 1155 1754 cata
1178 1730 1210 1754 et
1236 1726 1375 1755 immolita
1398 1725 1597 1757 statuendum
1618 1725 1668 1762 sit,
1690 1725 1772 1756 haud

1088 1775 1163 1796 sane
1176 1766 1291 1807 liquet:
1315 1768 1373 1798 nisi
1396 1768 1535 1799 dicemus
1550 1769 1688 1798 immolira
1707 1778 1774 1798 esse

1088 1817 1126 1839 ea
1154 1819 1223 1850 quae
1250 1815 1355 1851 coepta
1381 1810 1467 1847 strui,
1496 1811 1677 1853 inoedficata
1705 1821 1774 1852 qua>

1088 1851 1181 1892 plane
1195 1857 1350 1884 exstructa
1363 1859 1462 1884 erant.
1505 1854 1587 1884 Sane
1610 1853 1693 1884 verbi
1715 1865 1774 1883 nw-

1091 1895 1141 1923 [iri
1163 1904 1201 1925 ea
1223 1894 1268 1925 vis
1291 1902 1348 1931 est,
1369 1901 1405 1927 ut
1425 1896 1558 1938 primum
1583 1895 1625 1926 rei
1651 1895 1774 1927 initium

1091 1935 1241 1978 designet.
1265 1938 1374 1980 Virgil.
1394 1940 1471 1971 AEn.
1486 1939 1567 1970 VII.
1594 1939 1694 1969 Moliri
1706 1941 1775 1979 jam

1092 1985 1167 2010 tecta
1183 1982 1269 2011 videt.

1133 2023 1325 2064 68*Lacus]
1361 2024 1448 2062 Quos
1473 2024 1560 2056 Galli
1586 2023 1778 2067 appellamus

1091 2066 1266 2101 αὐτ-εκυοίτε,
1278 2068 1394 2098 bassim.

1134 2109 1175 2139 69
1213 2108 1320 2140 Molem
1363 2111 1401 2140 ad
1454 2109 1617 2148 Neptunias
1661 2109 1775 2150 Aquas]

1065 2150 1067 2154 '
1094 2149 1258 2190 Neptunius
1284 2153 1384 2193 Aquas
1410 2153 1513 2183 Marc.
1541 2153 1685 2183 Donatus
1721 2162 1775 2181 no-

1093 2203 1162 2224 men
1177 2204 1243 2225 esse
1258 2194 1317 2226 loci
1330 2194 1497 2231 existimat,
1513 2195 1565 2236 qui
1589 2193 1680 2225 hodie
1700 2194 1775 2225 dici-

1092 2242 1141 2267 tur
1158 2237 1298 2268 Nestum».

1134 2280 1175 2310 70
1203 2280 1289 2310 Ultro
1304 2281 1431 2321 tributa]
1456 2281 1616 2322 Impensas
1638 2285 1668 2309 ct
1691 2280 1776 2310 attri-

1091 2321 1234 2353 butioncs
1255 2333 1380 2365 operum
1406 2323 1597 2364 publicorum
1620 2321 1776 2353 faciendo-

1091 2374 1170 2400 rum,
1198 2371 1229 2396 et
1264 2372 1413 2397 sartorum
1441 2371 1590 2396 tectorum
1624 2370 1773 2406 prazstan-

1091 2406 1210 2444 dorum,
1240 2409 1434 2450 mancipibus
1462 2414 1493 2438 et
1530 2407 1774 2449 redemptoribus

1090 2456 1174 2481 certa
1187 2451 1330 2482 mercede
1345 2452 1532 2482 locatorum:
1555 2460 1624 2491 quae
1647 2450 1775 2492 proinde

1089 2502 1106 2523 e
1134 2503 1163 2524 re
1187 2493 1254 2533 ejus
1278 2500 1326 2525 est
1349 2494 1401 2536 qui
1424 2493 1504 2524 locat
1526 2504 1620 2535 quam
1647 2493 1778 2524 minimo·

1090 2536 1188 2577 pretio
1202 2537 1311 2568 locare.

1136 2580 1172 2609 71
1202 2578 1362 2619 Pollentia]
1396 2577 1470 2609 vid.
1495 2584 1556 2609 not.
1571 2580 1603 2610 3.
1627 2578 1666 2610 ad
1690 2578 1774 2620 Epit.

1091 2618 1182 2660 hujus
1197 2621 1275 2651 libri.

1131 2664 1172 2693 72
1200 2664 1237 2694 Iu
1275 2664 1423 2694 GaIIicum
1461 2664 1583 2704 agrum]
1630 2663 1773 2701 intellige

1088 2715 1192 2743 agrum
1216 2706 1294 2737 inter
1319 2706 1419 2736 AEsim
1444 2713 1475 2736 et
1499 2707 1691 2737 Rubiconem
1717 2707 1772 2736 flu·

1085 2748 1159 2783 vios,
1171 2748 1223 2789 qui
1238 2759 1331 2789 quum
1348 2750 1420 2779 olim
1442 2749 1603 2779 Gallorum
1623 2751 1777 2779 Senonum

1084 2790 1201 2827 suisset,
1226 2796 1332 2833 postca
1362 2793 1397 2822 iis
1424 2791 1570 2833 expulsis,
1597 2792 1663 2831 lege
1697 2792 1767 2822 Fla-

1084 2834 1176 2866 minin
1207 2835 1318 2878 populo
1346 2834 1455 2868 uiritim
1482 2835 1672 2871 distributus
1700 2835 1765 2875 egri
