1947 3222
569 125 632 163 LI
651 125 693 162 B.
723 123 914 161 XXXVI.
969 125 1102 163 CAP.
1130 126 1230 164 XII.
1533 135 1608 174 247

197 251 293 291 quae
313 243 466 292 praeter
486 235 518 259 ¹⁴
527 233 802 288 Calydonem¹¹
821 240 863 273 et
885 232 1194 289 Lysimachiam
1221 235 1303 277 sert
1324 236 1377 278 ad
1401 238 1602 289 Stratum,
1617 250 1658 281 U.
1671 249 1707 280 C.
1721 251 1796 281 561.

195 292 296 341 suis,
332 293 406 348 qui
445 307 518 348 per
558 289 787 330 Maliacum
828 289 964 330 sinum
1004 289 1238 340 veniebant,
1274 293 1472 336 obcurrit.
1535 296 1602 337 Ibi
1615 292 1705 323 A.C.
1724 294 1795 324 191.

1613 336 1640 367 A
1646 334 1786 366 utiochus

198 349 481 389 Mnesilochus
509 347 701 403 princeps
722 347 1006 396 Acarnanum,
1029 346 1172 387 multis
1202 356 1337 389 emtus
1365 350 1498 402 donis,
1520 367 1600 394 non
1614 378 1787 410 Acarnani-

195 406 283 461 ipse
304 405 435 446 solum
454 412 621 459 gentem
646 403 733 457 regi
764 402 1023 452 conciliabat,
1046 403 1117 443 sed
1141 403 1315 459 Clytum
1345 406 1468 448 etiam
1497 424 1602 463 prae-
1613 432 1663 453 am
1677 421 1764 464 petit.

196 471 342 511 torem,
363 476 487 517 penes
506 475 631 516 quem
663 467 753 500 tum
777 474 937 500 summa
964 468 1148 515 potestas
1177 468 1280 512 erat,
1302 461 1344 501 in
1375 478 1492 504 suam
1513 480 1602 507 sen-

195 519 366 559 tentiam
395 517 641 557 adduxerat.
704 517 748 556 Is
778 531 911 571 quum
942 516 1189 567 Leucadios,
1211 518 1327 573 quod
1352 519 1601 564 Acarnaniae

193 583 318 630 caput
347 582 423 623 est,
445 589 528 614 non
559 573 677 613 facile
705 572 759 613 ad
779 573 1052 614 defectionem
1082 589 1200 629 posse
1229 584 1413 616 cerneret
1442 576 1600 633 inpelli,

193 639 363 686 propter
394 638 553 671 metum
590 631 791 670 Romanae
827 629 979 679 classis,
1012 645 1110 685 quae
1141 646 1237 672 cum
1272 631 1421 682 Atilio,
1451 649 1601 689 quaeve

191 687 299 727 circa
321 687 616 742 Cephaleniam
646 695 749 736 erat,
771 694 859 726 arte
890 702 958 727 eos
988 695 1048 728 est
1084 687 1314 742 adgressus.
1346 704 1440 730 nam
1467 706 1600 745 quum

190 744 233 783 in
253 744 424 784 concilio
445 744 630 793 dixisset,
653 743 811 785 tuenda
839 743 1140 784 mediterranea
1160 745 1407 787 Acarnaniae
1435 762 1535 797 esse,
1559 757 1600 790 et

189 801 398 845 omnibus,
435 801 509 856 qui
549 815 664 841 arma
702 800 873 850 ferrent,
909 801 1147 841 exeundum
1187 802 1240 842 ad
1276 801 1519 845 Medionem
1558 814 1600 847 et

192 857 420 913 Thyrium,
442 873 493 898 ne
523 858 576 899 ab
598 857 810 898 Antiocho
830 865 903 897 aut
926 857 1082 898 AEtolis
1106 868 1434 914 occuparentur3
1466 861 1599 912 fuere,

188 914 264 969 qui
306 913 503 964 dicerent,
539 914 643 955 nihil
683 913 868 954 adtinere
901 929 1042 954 omnes
1082 915 1341 956 tumultuose
1376 918 1596 960 concitari:

191 971 290 1011 satis
322 986 407 1011 esse
440 971 765 1027 quingentorum
794 970 1009 1010 hominum
1045 971 1301 1026 praesidium.
1334 988 1423 1014 eam
1450 975 1600 1029 juven-

191 1036 324 1068 tutem
355 1036 516 1077 nactus,
538 1027 730 1068 trecentis
752 1026 964 1076 Medione,
988 1026 1178 1068 ducentis
1201 1027 1355 1084 Thyrii
1386 1029 1426 1070 in
1456 1032 1600 1086 praesi-

189 1084 260 1124 dio
289 1084 449 1140 positis,
470 1084 514 1125 id
544 1084 708 1139 agebat,
737 1092 786 1124 ut
815 1099 892 1139 pro
922 1083 1138 1124 obsidibus
1167 1084 1304 1125 futuri
1337 1086 1521 1129 venirent
1556 1088 1598 1129 in

188 1149 437 1196 potestatem
457 1141 577 1196 regis.

245 1198 358 1238 XII.
392 1199 474 1238 Per
504 1197 668 1238 eosdem
698 1197 785 1238 dies
814 1197 941 1253 legati
971 1197 1079 1253 regis
1111 1198 1352 1240 Medionem
1381 1211 1596 1243 venerunt.

185 1254 341 1310 quibus
370 1254 540 1304 auditis,
562 1269 695 1310 quum
726 1254 768 1294 in
797 1254 1005 1304 concione,
1029 1254 1231 1310 quidnam
1260 1257 1597 1312 respondendum

186 1312 275 1366 regi
305 1320 425 1361 esset,
446 1311 778 1359 consultaretur3
812 1320 851 1352 et
880 1311 949 1351 alii
978 1312 1230 1353 manendum
1260 1313 1302 1353 in
1326 1314 1516 1355 Romana
1537 1331 1599 1356 so-

186 1368 348 1419 cietate,
379 1367 449 1408 alii
482 1383 565 1408 non
595 1368 925 1424 adspernandam
957 1368 1180 1409 amicitiam
1215 1370 1324 1424 regis
1357 1380 1594 1421 censerent3

185 1426 323 1466 media
342 1425 430 1465 visa
459 1433 519 1466 est
543 1425 658 1481 Clyti
689 1425 905 1475 sententia,
927 1441 1059 1480 eoque
1089 1435 1258 1482 accepta
1285 1436 1360 1476 est,
1383 1436 1431 1468 ut
1452 1429 1506 1468 ad
1535 1445 1598 1470 re-

184 1498 279 1536 gem
300 1482 510 1522 mitterent
541 1481 714 1537 legatos,
736 1490 1008 1537 peterentque
1035 1482 1087 1522 ab
1118 1498 1180 1531 eo,
1203 1491 1250 1523 ut
1274 1483 1509 1525 Medionios
1531 1501 1597 1526 su-

184 1535 259 1593 per
280 1546 396 1580 tanta
416 1553 460 1578 re
481 1538 713 1579 consultare
733 1538 775 1578 in
797 1538 968 1578 concilio
988 1539 1258 1579 Acarnanum
1279 1548 1505 1595 pateretur.
1544 1543 1596 1583 In

186 1610 275 1635 eam
297 1594 544 1649 legationem
566 1594 866 1644 Mnesilochus,
889 1604 930 1636 et
952 1596 1025 1650 qui
1056 1596 1146 1651 ejus
1175 1596 1364 1637 factionis
1390 1606 1521 1649 erant,
1544 1599 1595 1640 de

185 1651 391 1693 industria
417 1652 606 1707 conjecti,
628 1651 732 1692 clam
762 1651 910 1701 missis,
932 1651 1006 1707 qui
1035 1668 1174 1707 regem
1206 1653 1425 1694 admovere
1456 1656 1594 1711 copias

178 1709 392 1763 juberent,
423 1708 502 1764 ipsi
536 1709 723 1749 terebant
754 1719 930 1764 tempus.
962 1708 1104 1764 itaque
1134 1709 1310 1750 vixdum
1341 1709 1390 1750 iis
1421 1712 1595 1766 egressis

183 1765 369 1820 legatisx,
401 1765 677 1806 ⁴⁵Antiochus
712 1764 752 1805 in
787 1765 954 1815 finibus,
990 1771 1114 1806 moxy
1148 1766 1202 1806 ad
1237 1775 1379 1822 portas
1419 1777 1521 1818 erat,
1553 1778 1594 1810 et

183 1821 216 1844 4⁶
229 1821 550 1878 trepidantibus,
573 1822 648 1877 qui
669 1830 860 1877 expertes
889 1821 1135 1877 proditionis
1155 1823 1337 1873 fuerant,
1360 1825 1593 1866 tumultuo-

183 1894 310 1934 seque
333 1879 603 1935 juventutem
633 1878 687 1919 ad
716 1894 831 1919 arma
859 1878 1119 1929 vocantibus,
1141 1880 1194 1920 ab
1218 1880 1344 1936 Clyto
1374 1889 1415 1922 et
1438 1882 1594 1922 Mnesi-

183 1935 303 1976 locho
328 1936 372 1976 in
399 1937 545 1977 urbem
576 1944 637 1976 est
668 1935 888 1976 inductus:
922 1944 978 1985 et,
1000 1935 1090 1976 aliis
1121 1952 1196 1977 sua
1215 1937 1431 1979 voluntate
1461 1939 1594 1979 adflu-

183 1992 363 2043 entibus,
402 2002 518 2034 metu
558 1992 688 2034 coacti
728 1992 867 2042 etiam,
904 1992 977 2047 qui
1017 1992 1328 2043 dissentiebant,
1365 1995 1419 2035 ad
1452 2011 1594 2052 regem

181 2058 473 2091 convenerunt.
505 2064 610 2104 quos
644 2049 809 2105 placida
837 2050 1021 2090 oratione
1051 2049 1216 2091 territos
1244 2066 1378 2105 quum
1412 2053 1593 2107 permul-

183 2106 314 2156 sisset,
345 2106 397 2147 ad
429 2121 542 2162 spem
572 2106 756 2161 vulgatae
786 2105 1012 2147 clementiae
1043 2106 1203 2162 aliquot
1233 2107 1379 2162 populi
1410 2110 1595 2149 Acarna-

181 2163 261 2203 niae
282 2163 536 2204 defecerunt.
598 2163 810 2218 Thyrium
831 2178 855 2203 a
877 2162 1075 2204 BIedione
1102 2164 1315 2219 profectus
1336 2172 1412 2215 est,
1438 2166 1595 2207 Mnesi-

182 2219 303 2261 locho
337 2219 482 2260 eodem
517 2228 558 2261 et
583 2219 739 2274 legatis
773 2220 1008 2275 praemissis.
1072 2221 1270 2261 Ceterum
1305 2220 1469 2263 detecta
1502 2224 1595 2263 Me-

181 2277 305 2327 dione
324 2277 441 2317 fraus
462 2276 681 2326 cautiores,
703 2291 786 2317 non
806 2277 1050 2327 timidiores,
1076 2277 1330 2333 Thyrienses
1360 2278 1473 2329 fecit,
1495 2279 1595 2321 dato

181 2334 219 2375 ei
259 2333 375 2374 haud
408 2333 608 2389 perplexo
641 2348 851 2388 responso,
887 2333 1045 2375 nullam
1081 2349 1122 2374 se
1157 2349 1307 2374 novam
1342 2335 1593 2386 societatem,

182 2390 260 2431 nisi
290 2406 342 2431 ex
371 2389 619 2431 auctoritate
639 2389 966 2432 ‘²⁷Roman0rum
996 2390 1310 2446 imperatorum,
1333 2401 1593 2448 accepturos,

183 2447 398 2503 portisque
418 2446 580 2494 clausis,
603 2454 783 2488 armatos
803 2447 847 2488 in
866 2447 996 2488 muris
1017 2447 1325 2503 disposuerunt.
1373 2450 1431 2489 Et
1448 2464 1596 2505 perop-

183 2511 361 2558 portune
390 2504 444 2545 ad
473 2503 776 2544 confirmandos
803 2505 1073 2545 Acarnanum
1104 2504 1260 2544 animos
1293 2505 1369 2545 Cn.
1395 2506 1595 2546 Octavius

308 2583 324 2601 ὓ
340 2581 505 2611 Chalcidem
522 2581 614 2612 Crev.
700 2584 718 2601 Χ
733 2581 834 2622 legatis
849 2580 911 2612 del.
927 2581 1025 2612 Gron.
1043 2581 1135 2612 Crev.
1229 2585 1246 2609 Y
1261 2587 1287 2611 et
1304 2593 1365 2612 mox
1381 2582 1470 2612 Eaed.

227 2649 268 2678 44
293 2649 456 2680 Chalcidem
485 2657 512 2681 et
541 2650 770 2691 Lysimachiam]
807 2651 866 2681 AE-
953 2650 1271 2691 46³*T1-epidancilms]
1289 2649 1554 2682 concursantibus
1569 2655 1600 2681 et

186 2690 270 2721 toliae
286 2692 385 2723 urbes.
912 2693 1011 2729 multa
1027 2692 1234 2724 molientibus.

229 2734 269 2763 45
291 2735 448 2766 Antiochus
476 2738 508 2766 in
529 2736 653 2775 finibus,
684 2742 711 2766 et
741 2747 801 2766 moi:
831 2737 870 2765 ad
956 2737 995 2766 47
1030 2736 1227 2768 Romanorum
1274 2735 1494 2775 nuper-acorum]
1542 2736 1599 2766 [Ἰ-

185 2781 281 2813 portas
308 2778 385 2817 erat]
423 2778 641 2819 Copulativam
667 2778 787 2813 Victor.
818 2789 869 2809 co·
913 2779 988 2809 tima
1011 2789 1070 2809 vox
1098 2779 1205 2810 merito
1235 2785 1377 2820 suspecta
1402 2784 1448 2808 est
1476 2778 1599 2809 Grono-

186 2817 256 2863 dex,
286 2823 327 2854 et,
355 2825 431 2851 teste
461 2821 627 2858 Gronovio,
653 2828 770 2853 veteres
797 2821 872 2853 editi
914 2821 974 2852 vio.

186 2867 339 2901 ignorant.

975 2908 1049 2946 1³4
