1947 3222
510 118 633 157 LIB.
662 117 852 156 XXXIV.
892 116 1030 154 cAP.
1060 113 1213 153 XVIII.
1498 119 1572 159 149

877 224 948 267 sed
988 239 1071 266 non
1109 223 1252 265 eadem
1293 223 1412 265 venia
1450 224 1570 266 victis
1585 229 1759 263 U.C.557.

156 225 358 270 fecerunt.
436 227 598 277 Iterum
639 226 824 268 subacti:

1510 274 1675 323 tal-Am.
1692 275 1763 305 195.

154 284 250 326 fuit.
282 284 400 326 ⁶³sub
420 299 570 326 corona
589 283 754 325 veniere
780 298 936 333 omnes,
958 297 1008 323 ne
1029 281 1183 338 saepius
1211 295 1354 336 pacem
1379 281 1508 322 sollici

156 349 261 382 rent.

215 398 371 439 XVII.
403 397 574 439 Interim
608 399 656 439 P.
681 396 868 439 Manlius
897 404 1068 453 praetor,
1089 394 1274 437 exercitu
1305 403 1443 436 vetere
1473 411 1497 436 a
1518 398 1567 447 Q.

157 454 363 506 Minucio,
384 455 452 495 cui
483 463 748 505 successerat,
776 462 961 510 acceptO,
992 453 1192 510 adjuncto
1220 459 1262 493 et
1292 452 1377 508 Ap.
1402 451 1568 494 Claudii

154 511 331 552 Neronis
351 526 401 552 ex
424 510 621 552 ulteriore
643 511 850 568 Hispania
879 519 1018 552 vetere
1038 511 1140 552 item
1169 509 1370 559 exercitu,
1392 508 1435 549 in
1457 510 1570 550 Tur-

153 567 361 609 detaniam
390 568 681 624 proficiscitur.
755 567 954 611 Omnium
985 567 1273 623 Hispanorum
1299 565 1479 607 maxime
1508 566 1570 608 in-

150 621 286 665 belles'
296 624 507 666 habentur
529 625 779 667 Turdetani.
810 624 907 666 freti
936 632 1076 666 tamen
1103 622 1374 665 multitudine
1402 638 1477 664 sua
1496 623 1570 672 ob-

150 681 260 721 viam
280 682 420 723 ierunt
441 681 595 737 agmini
622 683 825 724 Romano.
886 683 1032 738 Eques
1061 680 1254 721 inmissus
1281 679 1469 721 turbavit
1498 695 1568 721 ex-

148 737 307 794 templo
342 738 469 779 aciem
499 754 655 781 eorum.
686 738 878 796 pedestre
907 738 1103 794 proelium
1133 737 1290 778 nullius
1323 736 1454 777 ferme
1483 752 1568 778 cer-
1582 748 1620 779 Ρ.
1631 748 1773 780 Manlius

147 795 316 836 taminis
345 795 440 837 fuit.
472 795 624 837 milites
654 806 827 846 veteres,
857 795 981 852 periti
1010 795 1196 836 hostium
1223 793 1422 849 bellique,
1452 794 1568 835 haud
1581 791 1774 839 'lssurgietanos

146 850 318 892 dubiam
342 867 528 908 pugnam
549 853 750 894 fecerunt.
811 853 900 893 Nec
921 861 1059 893 tamen
1080 867 1128 892 ea
1147 866 1292 907 pugna
1311 850 1567 893 debellatum
1580 840 1685 866 vmcit.

148 917 222 949 est.
254 908 397 950 decem
424 909 556 950 millia
586 909 850 956 Celtiberum¹
872 908 1060 949 mercede
1093 907 1280 948 Turduli
1309 907 1566 959 conducunt,

148 964 377 1021 alienisque
403 965 527 1007 armis
556 966 760 1021 parabant
789 965 959 1007 bellum.
1033 964 1192 1006 Consul
1222 963 1403 1015 interim,
1437 965 1568 1006 rebel-

149 1021 258 1063 lione
294 1023 637 1079 Bergistanorum
671 1023 795 1073 ictus,
832 1030 988 1063 ceteras
1023 1036 1194 1078 quoque
1229 1020 1418 1062 civitates
1448 1029 1566 1063 ratus

149 1093 225 1134 per
258 1080 512 1120 occasionem
546 1079 656 1120 idem
690 1079 890 1130 facturas,
926 1093 1041 1120 arma
1073 1077 1268 1119 omnibus
1301 1077 1360 1119 cis
1393 1078 1566 1120 Iberum
1581 1084 1661 1116 Cato
1674 1094 1762 1116 exar-

150 1135 351 1192 Hispanis
371 1135 538 1178 ademit.
570 1151 698 1192 quam
728 1151 814 1177 rem
836 1136 940 1177 adeo
961 1150 1072 1191 aegre
1091 1135 1217 1191 passi,
1238 1142 1286 1176 ut
1314 1134 1437 1177 multi
1458 1151 1568 1176 mor·
1579 1133 1763 1202 xpatIgrennes

149 1200 233 1233 tem
263 1192 428 1234 sibimet
457 1192 559 1249 ipsi⁰
580 1193 902 1234 consciscerent:
934 1192 1053 1233 ferox
1081 1207 1228 1248 genus,
1249 1191 1409 1233 nullam
1436 1192 1565 1234 vitam
1579 1181 1766 1257 iiispanig'

146 1248 227 1290 rati
258 1249 344 1290 sine
375 1250 500 1291 armis
533 1265 630 1291 esse.
705 1249 829 1300 Quod
862 1249 935 1291 ubi
970 1249 1130 1290 consuli
1160 1248 1452 1291 renunciatum
1486 1258 1564 1302 est,

145 1314 354 1347 senatores
383 1307 572 1348 omnium
601 1306 836 1348 civitatium
866 1306 920 1348 ad
951 1321 993 1348 se
1019 1306 1158 1348 vocari
1182 1306 1324 1363 jussit,
1347 1314 1475 1363 atque
1500 1306 1563 1358 iis,

144 1361 242 1402 Non
263 1370 413 1411 nostra,
436 1363 589 1420 inquit,
612 1365 753 1418 magis,
777 1378 896 1418 quam
916 1370 1062 1413 vestra,
1084 1363 1226 1418 refert,
1249 1377 1316 1404 vos
1337 1378 1417 1403 non
1439 1364 1565 1405 rebel—

144 1420 255 1460 lare.-
285 1421 481 1475 siquidem
512 1422 558 1462 id
585 1420 737 1475 majore
765 1422 1051 1475 Hispanorum
1078 1422 1199 1470 malo,
1220 1435 1338 1475 quam
1370 1424 1566 1463 exercitus

142 1477 326 1518 Romam·
345 1478 497 1529 labore,
517 1493 672 1530 semper
699 1479 831 1519 adhuc
840 1479 1005 1532 factum
1035 1484 1104 1519 est.
1164 1479 1219 1519 Id
1237 1485 1281 1519 ut
1307 1479 1463 1532 nefiat,
1485 1493 1565 1520 uno

140 1535 259 1574 modo
278 1534 462 1575 arbitror
481 1536 618 1576 caveri
627 1549 760 1588 posse,
777 1535 853 1576 ‘³482'
872 1536 1050 1592 effictum
1071 1536 1164 1586 erit,
1186 1549 1235 1576 ne
1248 1536 1418 1589 possitis
1437 1536 1563 1576 rebel-

139 1591 244 1632 lare.
310 1592 409 1632 Volo
430 1593 476 1632 id
494 1606 612 1647 quam
633 1594 864 1634 mollissima
887 1594 953 1634 via
973 1593 1165 1647 consequi.
1191 1606 1257 1633 vos
1281 1607 1433 1647 quoque
1452 1594 1494 1633 in
1515 1608 1564 1634 ea

142 1662 190 1688 re
217 1650 386 1690 consilio
407 1663 469 1689 me
497 1649 701 1704 adjuvate.
731 1651 883 1690 nullum
913 1650 1102 1691 libentius
1129 1663 1289 1704 sequar,
1312 1664 1429 1704 quam
1460 1653 1566 1704 quod

142 1712 287 1746 vosmet
305 1706 380 1759 ipsi
400 1707 636 1748 adtuleritis.
694 1706 953 1749 Tacentibus
974 1705 1156 1764 spatium
1187 1712 1233 1748 se
1249 1706 1303 1748 ad
1333 1706 1563 1749 deliberan-

141 1761 245 1803 dum
267 1762 429 1804 dierum
460 1778 691 1819 paucorum
721 1764 822 1805 dare
851 1763 972 1806 dixit.
1004 1779 1139 1820 quum
1167 1764 1350 1806 revocati
1381 1765 1562 1807 secundo

143 1835 315 1883 quoque
345 1820 517 1862 concilio
548 1822 789 1872 tacuissent,
817 1820 941 1862 ⁶⁵uno
973 1821 1041 1862 die
1072 1820 1204 1862 muris
1231 1820 1418 1863 omnium
1448 1821 1563 1864 diru-
1575 1829 1747 1863 Dimiteo-

143 1884 212 1927 tls,
233 1876 287 1918 ad
308 1892 390 1928 eos,
413 1877 488 1934 qui
507 1878 696 1919 nondum
720 1878 938 1935 parebant,
959 1878 1187 1935 profectus,
1209 1886 1258 1919 ut
1285 1879 1329 1919 in
1349 1893 1503 1935 quamq
1512 1895 1561 1921 ue
1573 1884 1638 1906 rum
1655 1885 1767 1907 muros.

143 1932 353 1988 regionem
385 1942 569 1985 venerat,
602 1950 759 1986 omnes,
788 1936 863 1991 qui
893 1935 1002 1976 circa
1029 1934 1280 1986 incolebant,
1310 1935 1488 1991 populos
1518 1936 1561 1978 in

143 1989 398 2032 deditionem
419 1992 589 2048 accepit.
624 1992 874 2048 Segesticam
895 1999 1076 2043 tantum,
1097 2006 1268 2048 gravem
1298 2000 1427 2048 atque
1456 2008 1560 2049 opu-

140 2045 297 2087 lentam
318 2046 543 2099 civitatem,
564 2048 735 2091 ⁶⁶vineis
755 2057 797 2091 et
817 2049 972 2105 pluteis
992 2049 1114 2105 cepit.

200 2103 382 2145 XVIII.
415 2105 481 2146 Eo
501 2106 700 2162 majorem
726 2106 908 2148 habebat
935 2105 1224 2148 difficultatem
1252 2106 1295 2147 in
1317 2106 1559 2163 subigendis

138 2159 346 2211 hostibus,
377 2176 504 2217 quam
534 2163 608 2218 qui
638 2163 762 2220 primi
792 2169 1019 2205 venerunt?
1048 2163 1091 2204 in
1122 2163 1397 2220 Hispaniam;
1441 2166 1559 2221 quod

138 2216 196 2257 ad
215 2216 307 2259 illos
328 2218 454 2259 taedio
473 2219 637 2275 imperii
656 2220 1072 2276 Karthaginiensium
1089 2221 1270 2277 Hispani
1287 2220 1554 2270 deficiebant;

140 2272 240 2315 huic
269 2290 321 2316 ex
351 2284 555 2332 usurpata
584 2276 777 2319 libertate
801 2276 884 2319 ⁶⁷in
916 2277 1159 2320 servitutem
1190 2277 1307 2320 velut
1339 2278 1557 2321 adserendi

439 2375 455 2393 ⁰
469 2373 646 2415 sibimetipsis
663 2375 760 2406 Gron.
777 2377 866 2408 Crev.
986 2379 1003 2404 P
1017 2382 1157 2407 venerant
1171 2375 1261 2408 Eaed.

186 2442 321 2477 63081012
334 2447 453 2489 corona]
478 2448 552 2480 Vid.
569 2455 633 2481 not.
646 2450 699 2481 98.
724 2450 764 2482 ad
778 2450 829 2483 ΙΙ.
870 2449 956 2492 pani,
984 2460 1081 2491 quum
1104 2449 1264 2499 nescirent·
1281 2451 1431 2494 cujusque
1451 2451 1556 2493 oppidi

146 2484 185 2515 17
871 2493 1080 2534 magistratus,
1106 2503 1147 2525 an
1174 2500 1282 2525 ceteris
1303 2495 1447 2527 omnibus
1473 2495 1556 2525 idem

187 2527 229 2558 64
264 2529 296 2559 Si
321 2530 455 2572 effectmn
490 2535 557 2570 erit,
585 2546 622 2566 ne
645 2537 757 2576 possitis
780 2547 827 2567 re·

143 2569 266 2612 bellare]
288 2573 482 2607 Postremum
504 2578 628 2609 verbum
650 2588 713 2610 non
731 2578 826 2616 Livii,

143 2610 199 2642 sed
223 2623 261 2643 ex
274 2617 422 2662 'margine
448 2629 515 2652 esse
538 2621 647 2653 merito
671 2620 828 2654 existimat

139 2653 330 2688 Gronovius.
719 2665 721 2667 ’

188 2697 230 2728 65
262 2698 326 2747 Uno
354 2703 400 2733 die
427 2707 519 2736 muris
546 2707 674 2737 omnium
702 2708 826 2750 dirutis]

145 2739 268 2782 Nempe
290 2741 413 2776 htteras
438 2757 500 2778 uno
528 2747 579 2778 die
613 2749 654 2780 ad
686 2749 828 2782 civitates

138 2792 251 2814 omnes
280 2785 409 2834 ‚perferri
443 2789 572 2826 curavit,
601 2791 714 2832 quibus
741 2793 826 2825 diru-

141 2835 197 2872 ere
217 2830 321 2857 statlm
342 2829 400 2871 ipsi
419 2842 525 2863 muros
546 2843 616 2864 suos
637 2833 827 2875 juberentur.

143 2868 245 2910 lgnur
267 2871 398 2913 perculsi
420 2873 582 2916 improviso
603 2875 730 2919 impen'o
753 2878 826 2911 His·

870 2535 1052 2568 mandatum
1069 2541 1161 2573 esset,
1183 2546 1241 2568 nec
1262 2541 1385 2580 tempus
1405 2537 1556 2569 haberent

871 2579 1163 2611 adconsultandum
1184 2578 1217 2610 in
1230 2590 1394 2613 commune
1415 2589 1486 2610 cum
1508 2590 1555 2610 re-

869 2621 963 2665 liquis
997 2621 1131 2664 popum,
1168 2628 1349 2664 paruerunt.
1405 2621 1456 2653 Sic
1491 2622 1554 2653 fere

870 2664 1035 2707 Appianus
1049 2664 1128 2696 libro
1141 2675 1235 2707 supra
1248 2671 1426 2697 memorato.

913 2708 985 2739 66*
996 2708 1093 2739 Vineis
1113 2713 1142 2740 et
1158 2709 1285 2750 pluteis]
1323 2707 1399 2740 Vid.
1422 2712 1485 2739 not.
1503 2709 1553 2740 72.

869 2749 910 2782 ad
923 2751 1015 2782 XXI.
1030 2752 1085 2782 61.
1205 2766 1208 2768 ·

912 2793 952 2824 67
997 2793 1038 2824 In
1080 2795 1245 2824 servit-utem
1288 2793 1367 2823 velut
1411 2796 1555 2825 asserendi

869 2836 970 2877 erant]
1004 2836 1150 2868 Asserere
1178 2835 1291 2866 dicitur
1317 2834 1350 2865 in
1377 2836 1554 2868 servitutem

871 2878 896 2910 is
914 2879 968 2920 qui
989 2878 1022 2910 in
1039 2878 1109 2921 jure
1124 2878 1260 2921 postulat
1283 2877 1384 2910 addici
1407 2879 1464 2911 sibi
1486 2885 1554 2912 tan-
