1947 3222
452 174 574 210 LIB.
605 170 819 207 XXXVII.
860 170 988 206 CAP.
1019 170 1172 207 XXXI.
1452 176 1526 209 305

106 281 183 323 tim
214 281 435 323 dolonibus
458 281 518 333 (et
548 287 635 321 erat
667 279 875 320 secundus
904 278 1147 334 petentibus
1180 279 1396 334 Ephesum
1428 290 1714 322 ven-U.C.562.

104 341 195 392 tus)
231 345 449 395 capessunt
479 338 638 392 fugam,
675 335 957 392 quadraginta
986 335 1152 376 duabus
1187 336 1364 376 navibus
1398 337 1440 378 in
1475 334 1715 379 eall-0¹9⁰·

106 410 251 451 pugna
279 395 463 441 amissis;
496 408 676 449 quarum
698 393 841 433 decem
862 401 903 434 et
925 400 1008 433 tres
1038 400 1170 448 captae
1200 392 1243 432 in
1273 401 1521 447 potestatem

107 452 291 493 hostium
315 459 532 500 venerunt,
555 458 702 491 ceterae
732 450 907 491 incensae
938 457 1011 490 aut
1041 449 1251 489 demersae.
1314 449 1522 491 Romano-

105 523 199 550 rum
221 509 317 550 duae
336 523 461 549 naves
481 507 626 548 fractae
649 515 761 557 sunt,
779 507 1008 547 vulneratae
1029 505 1202 561 aliquot.
1249 504 1418 546 Rhodia
1439 522 1522 548 una

104 573 229 621 capta
257 564 513 606 memorabili
544 579 654 605 casu.
691 579 802 611 nam,
831 579 964 619 quum
994 570 1130 604 rostro
1159 562 1427 618 percussisset
1462 564 1522 618 Si,

107 621 273 663 doniam
304 637 466 672 navem,
488 636 652 670 ancora,
677 621 765 662 ictu
790 621 882 676 ipso
912 635 1085 661 excussa
1114 635 1136 659 e
1166 635 1269 660 nave
1301 634 1390 669 sua,
1414 635 1521 660 unco

105 678 244 730 dente,
267 678 380 720 velut
402 693 529 719 manu
554 679 688 719 ferrea
717 678 884 733 injecta,
907 677 1109 733 adligavit
1135 676 1306 717 alterius
1326 691 1518 732 proram:

106 734 202 776 inde
221 736 411 777 tumultu
441 735 607 790 injecto,
629 734 818 790 9Qquum,
841 734 1039 775 divellere
1068 748 1109 774 se
1131 734 1183 774 ab
1204 733 1323 774 hoste
1353 733 1521 790 cupien-

106 799 182 841 tes,
204 792 437 834 inhiberent
462 792 633 841 Rhodii,
650 800 831 833 tractum
854 791 1042 831 ancorale
1062 799 1103 831 et
1125 789 1360 846 inplicitum
1382 791 1519 840 remis,

103 848 215 890 latus
235 850 414 891 alterum
435 849 629 890 detersit:
663 847 943 890 debilitatamk
965 863 1013 888 ea
1032 847 1136 903 ipsa,
1159 862 1256 903 quae
1287 847 1369 888 icta
1389 847 1521 888 cohae-

104 914 228 956 serat,
263 907 403 948 navim
444 906 565 962 cepit.
628 907 723 947 Hoc
763 904 942 946 maxime
983 904 1107 945 modo
1146 904 1200 945 ad
1237 904 1519 959 Myonnesum

104 963 241 1003 navali
261 964 411 1019 proelio
431 972 667 1020 pugnatum
689 971 762 1004 est.

164 1020 352 1061 XXXI.
385 1022 480 1070 Quo
509 1020 679 1061 territus
710 1019 963 1068 Antiochus,
986 1019 1100 1075 quia,
1121 1019 1375 1075 possessione
1396 1020 1520 1060 maris
1533 1028 1706 1059 Antiochus

137 1076 267 1126 ulsus,
299 1077 530 1133 longinqua
565 1077 674 1117 tueri
709 1076 921 1117 diffidebat
955 1092 996 1116 se
1025 1091 1160 1131 posse,
1191 1075 1432 1131 praesidium
1467 1077 1519 1118 ab
1534 1072 1725 1119 Lysimachi-

105 1091 388 1189 {ysimachian
411 1149 462 1174 ne
482 1134 789 1189 obprimeretur
811 1133 866 1173 ibi
889 1133 941 1173 ab
964 1132 1179 1182 Romanis,
1202 1132 1353 1173 deduci
1374 1147 1519 1188 pravo,
1534 1124 1582 1145 am
1599 1115 1723 1145 desem.

104 1199 154 1232 ut
188 1206 252 1231 res
287 1191 377 1247 ipsa
405 1198 550 1247 postea
578 1190 736 1239 docuit,
768 1189 938 1230 consilio
967 1190 1108 1244 jussit.
1150 1204 1233 1230 non
1263 1188 1372 1229 enim
1410 1191 1519 1231 tueri

105 1247 239 1288 solum
261 1246 571 1303 Lysimachiam
591 1262 616 1287 a
635 1247 771 1303 primo
791 1246 937 1302 inpetu
960 1247 1248 1287 Romanorum
1268 1246 1388 1286 facile
1409 1255 1517 1288 erat:

105 1303 178 1345 sed
206 1304 464 1346 obsidionem
495 1303 618 1345 etiam
649 1319 724 1359 per
754 1311 886 1345 totam
915 1303 1094 1344 hiemem
1125 1303 1315 1352 tolerare,
1344 1311 1385 1344 et
1413 1303 1521 1344 obsi-

103 1360 249 1402 dentes
283 1376 453 1417 quoque
485 1360 540 1402 ad
574 1361 765 1402 ultimam
799 1359 983 1416 inopiam
1018 1360 1226 1401 adducere
1261 1360 1520 1402 extrahendo

103 1426 285 1474 tempus,
307 1426 348 1460 et
369 1418 535 1460 interim
557 1433 672 1474 spem
702 1418 816 1474 pacis
836 1432 910 1473 per
935 1417 1167 1458 occasiones
1196 1425 1369 1459 tentare.
1431 1418 1471 1457 N
1475 1433 1519 1458 ec

103 1475 411 1531 Lysimachiam
436 1483 601 1517 tantum
627 1474 818 1515 hostibus
849 1474 1024 1515 tradidit
1044 1482 1139 1529 post
1160 1474 1375 1514 adversam
1395 1489 1520 1514 nava-

102 1531 184 1572 lem
213 1547 415 1588 pugnam,
447 1531 519 1572 sed
549 1531 672 1572 etiam
706 1530 960 1586 Colophonis
994 1530 1208 1571 obsidione
1235 1531 1446 1579 abscessit,
1479 1539 1519 1572 et

105 1588 258 1630 Sardes
287 1589 441 1645 recepit
471 1604 538 1629 se:
572 1596 699 1643 atque
729 1587 824 1628 inde
854 1587 896 1628 in
929 1586 1237 1643 Cappadociam
1267 1587 1322 1628 ad
1352 1587 1519 1629 Ariara-

103 1645 219 1696 then,
241 1645 316 1702 qui
340 1645 496 1687 auxilia
526 1653 790 1695 arcesserent,
812 1653 853 1686 et
874 1659 1141 1700 quocumque
1170 1644 1250 1684 alio
1279 1652 1443 1700 poterat
1464 1644 1518 1685 ad
1533 1652 1647 1694 Copias
1661 1664 1733 1685 con-

103 1703 243 1758 copias
273 1702 588 1751 contrahendas,
610 1701 653 1742 in
680 1717 810 1742 unum
837 1702 925 1757 jam
956 1700 1189 1751 consilium,
1211 1708 1260 1742 ut
1287 1701 1374 1741 acie
1398 1696 1634 1742 dimi-trahit·

102 1767 230 1810 caret,
265 1760 465 1810 intentus,
500 1758 623 1800 misit.
697 1757 890 1814 Regillus
922 1757 1136 1806 AEhnilius,
1171 1765 1266 1813 post
1300 1757 1517 1799 victoriam

103 1816 292 1857 navalem
321 1817 534 1872 profectus
555 1816 788 1872 Ephesum,
811 1814 979 1856 directis
1003 1822 1099 1856 ante
1126 1822 1297 1870 portum
1323 1814 1516 1865 navibus,

102 1888 237 1929 quum
266 1873 563 1914 confessionem
594 1872 773 1913 concessi
794 1873 920 1913 maris
944 1871 1134 1913 ultimam
1164 1871 1275 1912 hosti
1295 1873 1517 1927 expressis-

103 1937 179 1979 set,
203 1930 373 1981 Chium,
395 1946 481 1986 quo
500 1938 596 1971 ante
617 1929 762 1970 navale
787 1929 983 1985 proelium
1003 1943 1172 1969 cursum
1193 1944 1218 1968 a
1241 1929 1364 1969 Samo
1385 1928 1517 1969 inten-

103 1986 238 2037 derat,
260 1987 440 2040 navigat.
472 1987 530 2028 ibi
550 2002 676 2027 naves
702 1986 745 2027 in
765 1986 913 2042 proelio
942 1993 1158 2041 quassatas
1189 2000 1323 2040 quum
1353 1985 1518 2026 refecis-

103 2051 180 2093 set,
203 2043 255 2084 L.
274 2043 495 2084 AEmilium
519 2044 722 2084 Scaurum
752 2057 848 2084 cum
875 2041 1049 2097 triginta
1068 2042 1246 2082 navibus
1268 2038 1516 2097 Hellespon-

101 2107 196 2141 tum
218 2099 272 2141 ad
293 2101 521 2142 exercitum
552 2099 845 2156 trajiciendum
865 2098 1003 2140 misit:
1037 2098 1240 2147 Rhodias,
1262 2106 1380 2154 parte
1410 2113 1516 2153 prae-

102 2156 169 2198 dae
208 2165 250 2198 et
289 2157 431 2220 spoliis
469 2157 688 2198 navalibus
727 2156 954 2206 decoratas,
996 2155 1167 2195 domum
1207 2155 1342 2195 redire
1376 2155 1512 2210 jubet.

103 2213 261 2254 Rhodii
310 2214 473 2270 lnpigre
516 2213 825 2270 ⁹³'praevertere,
875 2213 929 2254 ad
978 2211 1326 2267 trajiciendasque
1375 2212 1514 2268 copias

102 2271 281 2312 consulis
310 2271 416 2312 iere:
449 2279 592 2327 atque,
614 2286 662 2311 eo
686 2285 855 2326 quoque
885 2269 1019 2310 functi
1050 2268 1198 2317 officio,
1221 2276 1311 2309 tum
1342 2268 1512 2309 demum

103 2326 305 2368 Rhodum
333 2328 505 2369 rediere.
568 2327 720 2368 Classis
744 2327 933 2367 Romana
962 2326 1015 2367 ab
1050 2325 1156 2366 Chio
1178 2325 1397 2366 Phocaeam
1430 2334 1719 2369 t1·a-Phocaeaesi-

95 2383 211 2438 jecit.
253 2384 296 2425 in
325 2384 418 2426 sinu
452 2384 577 2426 maris
610 2383 758 2425 intimo
796 2383 933 2440 posita
959 2382 1049 2423 haec
1085 2382 1186 2423 urbs
1220 2390 1296 2431 est,
1332 2382 1582 2437 oblongatus·

102 2439 246 2481 forma.
288 2442 423 2483 duum
457 2441 635 2482 millium
667 2448 708 2481 et
739 2442 1066 2496 quingentorum
1100 2453 1299 2495 passuum
1330 2438 1512 2494 spatium

103 2509 249 2537 murus
278 2498 566 2554 amplectitur:
600 2502 681 2539 co'i't
703 2496 851 2537 deinde
879 2512 930 2537 ex
956 2504 1137 2551 utraque
1166 2503 1285 2551 parte
1316 2495 1359 2535 in
1387 2497 1512 2537 artio-

102 2566 191 2593 rem
221 2553 333 2596 velut
362 2570 555 2605 cuneum,
576 2554 847 2610 ⁹⁶⁴Lamptera
875 2553 954 2609 ipsi
984 2551 1208 2609 adpellant.
1240 2551 1353 2592 mille
1373 2560 1414 2593 et
1435 2552 1512 2593 du-

625 2636 645 2661 k
660 2644 686 2669 et
701 2638 881 2668 debilitatam
895 2637 986 2668 Crev.

146 2701 189 2731 92
213 2700 313 2735 Quum
335 2723 344 2732 .
368 2724 377 2732 .
401 2724 409 2732 .
434 2724 443 2733 .
468 2704 629 2733 inhiberent
657 2701 782 2742 Rhodii]
869 2700 1144 2740 93¹*Proevertere]
1179 2699 1357 2740 Antequam
1378 2698 1512 2729 redirent

105 2743 214 2779 Quum
249 2743 366 2774 Rhodii
393 2750 473 2775 retro
502 2751 628 2786 agerent
660 2755 783 2780 navem,
828 2745 965 2780 domum,
985 2742 1071 2774 aliud
1093 2742 1151 2773 sibi
1173 2742 1428 2784 praevertendum.
1446 2740 1510 2771 sive

103 2790 236 2815 tractum
259 2787 412 2822 ancorale,
427 2786 460 2817 id
479 2793 536 2824 est,
551 2788 632 2819 funis
653 2787 704 2819 cui
726 2797 782 2817 an-
826 2787 910 2830 prius
948 2785 1125 2817 faciendum
1170 2795 1236 2815 esse
1276 2785 1439 2817 duxerunt,
1477 2783 1508 2813 id

104 2836 179 2859 eota
215 2827 359 2867 alligatur
393 2834 573 2871 protractus,
601 2836 633 2861 et
669 2840 784 2871 magna
827 2839 937 2872 nempe
952 2828 1034 2870 quod
1048 2839 1118 2858 mox
1133 2835 1282 2858 narratur.

102 2876 189 2912 parte
215 2870 356 2901 evolutus
381 2877 466 2902 extra
492 2882 603 2903 navem
629 2873 662 2903 in
687 2883 782 2911 mare,
868 2874 910 2904 94
933 2871 1107 2911 Lamptera]
1159 2870 1209 2899 Sic
1239 2868 1413 2910 appellatus
1441 2878 1508 2898 esse

103 2912 194 2945 unius
208 2912 311 2943 lateris
326 2924 423 2945 remos
439 2914 571 2945 detersit.
829 2915 948 2946 videtur
969 2914 1019 2944 hic
1037 2915 1133 2946 locus,
1150 2912 1222 2952 quia
1237 2911 1277 2941 ibi
1294 2910 1407 2952 pharus
1431 2916 1507 2946 erat,

165 2970 258 2996 ΥΟΕ.
284 2970 351 2996 111.
913 2971 938 2995 X
