1947 3222
480 108 604 146 LIB.
633 107 834 145 XXXIII.
873 108 947 145 CA
964 108 1003 144 Ρ.
1037 108 1233 147 XXVIII,
1492 112 1561 145 113

139 226 182 258 et
219 225 404 273 tempore
439 217 494 258 ad
528 232 619 258 eam
661 232 747 258 rem
784 225 921 272 capto,
959 231 1093 271 quum
1134 216 1174 256 in
1215 217 1384 271 publico
1424 217 1564 273 epula·
1577 230 1618 262 U.
1630 228 1668 260 C.
1681 230 1756 261 556.

143 283 212 315 tus
242 282 520 316 reverteretur
550 273 724 315 domum
754 272 1026 323 temulentus,
1053 273 1404 329 prosequentibus
1433 272 1754 315 111011i-A·C·19⁶·

140 331 222 372 bus
251 330 364 380 viris,
387 331 461 386 qui
486 331 572 386 joci
605 346 751 372 caussa
781 329 973 371 convivio
993 329 1144 371 celebri
1175 329 1478 379 interfuerant;
1510 331 1563 373 ab

140 403 212 428 sex
233 387 416 437 armatis,
437 403 622 443 quorum
653 397 736 429 tres
760 387 912 437 Italici,
935 395 1018 428 tres
1041 385 1215 429 AEtolici
1236 395 1368 435 erant,
1391 387 1561 428 circum-

140 454 290 486 ventus
319 443 536 486 occiditur.
600 446 723 500 Fuga
744 445 946 485 comitum
967 453 1009 485 et
1039 443 1258 500 quiritatio
1278 443 1403 492 facta,
1426 451 1466 484 et
1498 453 1563 485 tu-
1577 450 1747 483 Occiditur.

138 501 297 542 multus
319 508 408 542 tota
429 501 532 542 urbe
554 502 880 544 discurrentium
901 516 997 542 cum
1029 500 1270 543 luminibus.
1302 514 1563 556 percussores

138 558 331 621 proxima
369 566 493 615 porta
532 568 765 601 evaserunt.
835 559 952 600 Luce
992 557 1127 615 prima
1168 557 1310 598 concio
1349 556 1561 613 frequens,

136 614 294 656 ‘'⁵velut
325 624 516 658 exstante
551 617 720 666 indicio,
752 616 806 657 ad
841 631 985 656 vocem
1020 615 1224 671 praeconis
1259 623 1485 655 convocata
1519 615 1563 667 in

138 672 303 714 theatro
333 681 434 714 erat.
496 674 643 715 Palam
673 675 726 715 ab
757 689 833 715 suo
863 673 1066 714 comitatu
1096 681 1137 713 et
1167 671 1372 713 obscoenis
1402 671 1484 712 illis
1503 671 1563 712 vi-

134 728 191 770 ris
221 729 455 772 fremebant
486 732 781 773 interfectum:
814 731 962 771 animis
993 738 1134 770 autem
1166 728 1436 784 Zeuxippum
1467 743 1563 769 auc-

134 793 268 827 torem
304 787 570 830 destinabant
607 788 745 830 caedis.
823 789 877 828 In
915 787 1140 844 praesentia
1178 786 1338 842 placuit
1379 800 1563 841 compre-

132 842 262 884 hendi
282 859 366 895 eos,
389 846 464 901 qui
486 845 611 887 simul
639 846 832 895 fuissent,
854 845 1215 900 quaestionemque
1237 858 1288 883 ex
1318 842 1384 883 his
1404 843 1560 884 haberi.

134 900 210 955 qui
233 900 335 942 dum
368 912 635 958 quaeruntur,
659 902 924 957 ZeuxippuS,
946 900 1149 941 consimili
1179 900 1317 940 animo
1347 900 1563 942 avertendi

131 957 189 999 ab
226 973 268 999 se
300 959 485 1000 criminis
517 975 662 1001 caussa
693 959 735 999 in
771 957 1008 999 concionem
1042 972 1301 1012 progressuS,
1336 971 1472 997 errare
1504 957 1562 999 ait

135 1013 338 1065 homines,
360 1016 434 1071 qui
466 1025 550 1057 tam
581 1025 763 1057 atrocem
791 1015 948 1056 caedem
968 1013 1176 1070 pertinere
1197 1013 1252 1054 ad
1280 1013 1372 1053 illos
1403 1014 1563 1054 semivi-

136 1086 204 1112 ros
233 1072 475 1120 crederent3
512 1072 739 1128 >multaque
768 1073 813 1113 in
843 1087 932 1113 eam
963 1079 1127 1128 partem
1157 1069 1431 1127 probabiliter
1460 1070 1564 1112 31ειῖ-

131 1137 420 1184 gumentatus‚
443 1129 600 1185 quibus
629 1130 756 1171 fidem
786 1129 902 1185 apud
932 1128 1137 1185 quosdam
1167 1128 1282 1172 fecit,
1313 1142 1561 1183 numquam,

134 1185 168 1225 si
203 1185 391 1227 conscius
426 1196 548 1238 esset,
583 1187 826 1228 oblaturum
864 1202 906 1227 se
940 1184 1220 1235 multitudini,
1257 1185 1562 1227 mentionemve

131 1241 273 1293 caedis,
296 1243 412 1285 nullo
433 1243 672 1294 lacessente,
694 1244 908 1285 facturum
928 1242 1068 1283 fuisse.
1129 1241 1218 1282 Alii
1246 1257 1329 1282 non
1351 1241 1561 1294 dubitare,

130 1299 298 1340 obviam
321 1300 460 1342 eundo
481 1300 736 1357 inpudenter
756 1300 939 1342 criminis
967 1299 1244 1356 suspicionem
1266 1299 1410 1340 averti,
1455 1301 1563 1341 Tor-

131 1356 163 1397 ti
194 1364 290 1412 post
319 1357 463 1413 paullo
492 1359 692 1409 insontes,
723 1373 859 1414 quum
889 1358 1042 1399 scirent
1078 1355 1158 1412 ipsi
1198 1355 1435 1413 opinionem
1476 1372 1563 1398 om-

134 1413 267 1464 nium,
289 1429 338 1455 ea
362 1430 440 1471 pro
469 1415 625 1457 indicio
657 1416 737 1465 usi,
761 1415 1032 1471 Zeuxippum
1064 1422 1105 1455 et
1134 1412 1401 1454 Pisistratum
1432 1415 1563 1455 nomi-

131 1479 363 1513 naverunt:
396 1472 514 1514 nullo
534 1473 714 1528 adjecto,
735 1487 811 1513 cur
839 1472 939 1512 scire
961 1470 1197 1526 quidquam
1220 1470 1476 1520 viderentur,
1499 1486 1563 1511 ar-

131 1536 347 1581 gumento.
410 1530 661 1585 Zeuxippus
685 1538 823 1570 tamen
847 1543 942 1568 cum
967 1527 1209 1568 Stratonida
1229 1526 1412 1582 quodam
1442 1536 1562 1569 nocte

132 1584 323 1640 perfugit
356 1585 613 1641 Tanagram,
645 1601 764 1626 suam
793 1585 926 1641 magis
959 1583 1266 1634 conscientiam,
1299 1599 1426 1639 quam
1457 1584 1563 1626 indi-

134 1640 248 1681 cium
275 1642 493 1683 hominum
522 1642 679 1683 nullius
706 1642 768 1683 rei
799 1641 1073 1691 consciorum,
1104 1649 1306 1682 metuens.
1370 1640 1562 1683 Pisistra-

136 1705 221 1748 tus,
244 1698 394 1755 spretis
423 1699 648 1748 indicibus,
672 1699 832 1740 Thebis
863 1698 1028 1739 mansit.
1092 1698 1246 1738 Servus
1267 1704 1355 1738 erat
1378 1698 1565 1754 Zeuxip-

135 1768 204 1810 po,
227 1755 358 1797 totius
378 1755 668 1797 internuncius
689 1765 731 1798 et
752 1755 940 1797 minister
960 1755 1045 1801 τρὶς
1079 1769 1206 1810 quem
1226 1754 1405 1795 indicem
1439 1754 1564 1796 Pisis-

134 1819 271 1854 tratus
292 1812 456 1863 timens,
478 1829 528 1854 eo
554 1814 646 1870 ipso
666 1814 816 1855 timore
846 1812 901 1853 ad
929 1811 1131 1865 indicium
1163 1812 1384 1867 protraxit.
1447 1811 1563 1854 Lite-

131 1882 198 1909 ras
233 1870 288 1911 ad
325 1869 599 1927 Zeuxippum
632 1870 780 1921 mittit,
816 1885 968 1912 servum
1005 1872 1200 1910 conscium
1238 1870 1406 1909 tolleret.
1466 1869 1564 1910 Non

131 1931 215 1966 tam
238 1928 420 1968 idoneum
441 1929 498 1968 acl
517 1928 726 1968 celandam
749 1943 828 1968 rem
851 1942 936 1968 eum
957 1928 1091 1968 videri
1110 1926 1204 1976 sibi,
1227 1940 1345 1980 quam
1366 1928 1425 1967 ad
1439 1941 1562 1981 agen-

134 1985 228 2024 dam
241 1984 398 2038 saerit.
460 1986 553 2026 Has
583 1986 658 2042 qui
689 1985 788 2027 tulit
820 1984 976 2036 literas,
1008 1983 1173 2041 5⁵jussit
1207 1984 1432 2041 Zeuxippo
1462 1985 1562 2026 dare

133 2040 459 2097 quamprimum.
491 2042 540 2093 is,
563 2042 664 2098 quia
692 2058 774 2084 non
806 2042 885 2084 sibi
906 2040 1177 2083 conveniendi
1198 2041 1289 2097 ejus
1317 2041 1434 2096 copia
1461 2041 1559 2093 fuit,

135 2097 217 2153 ipsi
252 2097 313 2139 illi
349 2114 482 2150 servo,
518 2115 645 2155 quem
675 2116 727 2141 ex
762 2099 957 2141 omnibus
993 2099 1161 2140 domino
1193 2097 1441 2138 fidissimum
1475 2113 1560 2139 cre-

130 2154 273 2206 debat,
307 2156 507 2198 tradidit:
552 2165 595 2198 et
629 2156 796 2213 adjecit,
833 2172 858 2199 a
894 2155 1113 2198 Pisistrato
1145 2154 1198 2196 de
1230 2169 1274 2195 re
1306 2169 1558 2211 magnopere

128 2212 364 2267 pertinente
384 2213 439 2255 ad
461 2213 733 2271 Zeuxippum
754 2230 852 2256 esse.
906 2213 1171 2256 Conscientia
1190 2211 1313 2262 ictus,
1330 2227 1464 2268 quum
1486 2227 1557 2254 ex-

130 2333 215 2375 beio
241 2334 359 2367 Livius.
402 2336 448 2367 At
472 2335 529 2366 hoc
555 2335 668 2373 omisit,
695 2335 779 2378 quod
800 2347 821 2368 a
907 2337 978 2368 33*
994 2336 1077 2367 Velut
1115 2342 1243 2367 exstante
1285 2334 1409 2376 indicio]
1456 2334 1556 2372 Quasi

131 2377 245 2408 Graeco
267 2378 413 2421 scriptore
435 2385 587 2416 narratur,
603 2379 637 2410 id
658 2379 821 2410 consilium
865 2384 1021 2411 exstarent
1048 2379 1102 2421 qui
1130 2390 1163 2411 se
1191 2378 1404 2421 profiterentur
1436 2377 1556 2409 indices

132 2419 172 2451 de
206 2420 344 2452 tollendo
381 2421 554 2464 Brachylla
588 2432 660 2453 cum
690 2422 821 2460 Quintio
866 2423 958 2454 totius
982 2422 1036 2458 rei,
1063 2428 1094 2453 et
1117 2432 1156 2453 ex
1181 2422 1294 2464 quibus
1320 2420 1405 2452 nosci
1431 2428 1555 2463 possent

131 2464 394 2496 communicatum
437 2465 549 2497 fuisse:
594 2475 728 2506 eumque
772 2477 819 2497 re·
865 2465 959 2497 caedis
973 2470 1126 2497 auctores-

134 2506 303 2547 spondisse,
318 2518 352 2539 se
364 2507 492 2550 quidem
505 2508 572 2550 ejus
594 2508 714 2540 consilii
727 2509 823 2552 parti·
910 2509 953 2540 34
985 2508 1233 2550 Argumentatus]
1278 2506 1386 2548 Magis
1421 2506 1557 2549 placeret

135 2548 235 2590 cipem
247 2551 331 2582 nolle
353 2551 437 2589 fieri3
461 2556 606 2588 ceterum,
621 2552 647 2583 si
670 2551 824 2593 quis-rem
867 2551 968 2587 nobis,
998 2556 1032 2582 ut
1054 2557 1085 2582 et
1107 2552 1127 2583 J
1131 2562 1177 2583 ac.
1201 2551 1370 2586 Gronovio,
1397 2561 1555 2591 argumen-

137 2591 213 2622 velit
224 2593 344 2635 exequi,
359 2593 481 2625 nullum
503 2594 670 2626 allaturum
691 2594 821 2638 impedi·
867 2601 963 2626 tatur.

135 2641 293 2666 mentum:
327 2642 422 2680 atque
441 2637 539 2669 etiam
560 2637 688 2678 jussisse
710 2648 763 2669 eos
785 2638 825 2669 de
909 2638 951 2669 35
973 2636 1067 2668 Jussit
1081 2637 1226 2676 Zeuxippo
1239 2638 1310 2667 dare
1331 2637 1555 2676 quamprimum.

136 2675 192 2707 illa
214 2687 247 2709 re
268 2688 358 2719 agere
385 2690 458 2711 cum
485 2680 679 2712 Alexamene
702 2681 826 2712 AEtolo-
871 2681 900 2711 Is
922 2680 1007 2722 quia]
1036 2680 1160 2712 Vocula
1182 2679 1211 2710 Is
1233 2679 1272 2709 ab
1296 2679 1386 2709 unico
1408 2677 1461 2707 illo
1483 2678 1556 2707 Mo-

111 2731 117 2736 ·
138 2729 207 2749 rum
230 2726 369 2761 praetore,
396 2723 450 2764 qui
480 2729 511 2754 et
540 2723 694 2756 ministros
720 2724 824 2761 caedis,
869 2724 998 2765 guatino
1019 2722 1125 2754 codice
1147 2722 1246 2754 abest.
1275 2722 1399 2752 Scribe:
1429 2720 1489 2750 Has
1505 2722 1558 2760 qui

140 2767 201 2793 tres
224 2763 358 2800 AEtolos,
373 2771 434 2796 tres
457 2766 585 2797 Italicos
607 2767 824 2809 suppeditave-
870 2768 940 2797 tulit
960 2768 1191 2804 litteras-jusus
1207 2766 1350 2802 &wippo
1369 2765 1439 2793 <lare
1453 2773 1554 2803 qnam-

137 2804 186 2835 rit.
208 2805 284 2836 Vid-
300 2807 370 2838 Pol.
382 2809 414 2839 in
429 2809 572 2850 Excerpt.
588 2811 697 2850 Legat.
712 2812 742 2842 8.
868 2813 1007 2849 primum,
1022 2812 1089 2850 qw'a
1105 2811 1162 2840 &a
1197 2808 1224 2837 G
1235 2817 1414 2837 nummus.

201 2862 294 2889 VOL.
318 2862 386 2889 111.
947 2867 961 2891 Ῑ
