1947 3222
533 126 658 163 LIB.
689 124 891 162 XXXIII.
929 124 1065 161 CAP.
1095 124 1190 162 XII.
1511 131 1561 170 97

139 235 267 284 venit,
290 235 424 292 specie
445 242 493 276 ut
521 233 702 275 induciae
732 241 882 284 essent,
903 232 1034 274 donec
1064 231 1308 273 tollerentur
1339 232 1392 274 ad
1423 234 1558 291 sepul·
1572 243 1615 276 U.
1630 243 1665 274 C.
1678 243 1751 275 555.

138 300 292 343 turam,
315 293 388 348 qui
421 292 463 332 in
492 291 578 332 acie
609 290 876 337 cecidissent3
910 305 953 331 re
983 305 1080 330 vera
1110 288 1143 312 ⁴¹4
1155 289 1210 329 ad
1239 291 1461 344 petendam
1490 307 1558 332 ve-
1570 287 1610 318 Α·
1628 287 1666 318 C·
1683 287 1754 318 197.

138 349 247 391 niam
270 348 416 405 legatis
436 347 663 389 mittendis.
720 347 964 404 Utrumque
984 347 1037 388 ab
1060 347 1252 387 Romano
1273 345 1555 402 impetratum.

138 406 321 463 Adjecta
349 413 389 446 et
419 404 492 445 illa
512 420 608 454 vox,
632 405 733 444 bono
757 405 891 445 animo
916 419 997 445 esse
1025 418 1153 458 regem
1185 410 1228 443 ut
1246 402 1429 458 juberet:
1462 420 1557 460 quae
1572 409 1747 440 AEtolomm

136 463 315 504 maxime
351 461 520 504 AEtolos
559 462 764 512 obfendit,
801 461 929 518 ⁴¹⁵jam
971 469 1201 504 tumenteso
1236 469 1557 516 querentesque,
1571 452 1749 526 232}ssssth

1640 521 1657 536 ὓ
1748 515 1755 523 .

136 527 327 560 mutatum
347 520 521 560 victoria
552 520 846 572 imperatorem.
908 520 1017 559 Ante
1045 532 1218 572 pugnam
1242 518 1378 558 omnia
1409 532 1559 572 magna

127 591 342 631 parvaque
371 577 660 617 communicare
688 591 772 617 cum
805 577 924 617 sociis
953 577 1133 617 solitum:
1165 589 1269 615 nunc
1299 576 1470 615 omnium
1493 590 1560 615 ea*-

128 640 265 688 pertes
294 636 550 675 consiliorum
578 648 677 674 esse:
708 649 777 675 suo
798 635 926 687 ipsum
946 633 1121 674 arbitrio
1141 639 1281 673 cuncta
1303 647 1445 686 agere.-
1477 646 1561 672 cum

137 692 337 745 Philippo
342 690 436 744 jam
458 690 491 715 ⁴⁶
500 692 654 746 gratiae
668 693 850 745 privatoe
869 693 993 732 locum
1019 704 1219 746 quoerere;
1252 696 1295 729 ut
1315 691 1419 730 dura
1441 696 1562 743 atque

133 763 278 802 aspera
309 749 405 789 belli
425 749 565 789 AEtoli
582 750 854 797 exhauserim,
871 750 988 802 pacis
1003 749 1185 802 gratiam
1217 754 1256 787 et
1267 747 1454 801 fluctum
1475 747 1562 787 Ro-

133 821 275 847 manus
296 808 337 847 in
359 821 400 847 se
420 812 563 848 vertat.
610 808 669 848 Et
690 806 806 847 haud
826 805 954 847 dubie
976 806 1205 846 decesserat
1227 804 1276 845 iis
1296 804 1561 860 aliquantum

133 863 313 905 honoris.
346 863 433 914 sed,
470 879 545 905 cur
580 863 915 919 neglegerentur,
947 862 1207 918 ignorabant.
1269 861 1403 902 Donis
1435 861 1561 916 regiis

132 921 334 963 inminere
364 920 588 961 credebant
623 919 767 961 invicti
800 920 853 960 ab
888 934 935 959 ea
971 919 1203 974 cupiditate
1233 917 1361 958 animi
1393 917 1556 958 virum:

135 978 207 1019 sed
247 986 289 1019 et
329 977 595 1019 succensebat
635 991 718 1017 non
758 975 951 1018 inmerito
987 975 1157 1025 AEtolis,
1188 974 1242 1015 ob
1283 973 1558 1015 insatiabilem

134 1034 378 1076 aviditatem
408 1033 579 1091 praedae,
602 1041 644 1074 et
675 1032 963 1088 adrogantiam
984 1047 1144 1082 eorum,
1166 1030 1353 1072 victoriae
1383 1030 1558 1086 gloriam

135 1091 178 1132 in
215 1107 256 1132 se
290 1091 559 1147 rapientium,
596 1089 738 1147 4⁷quae
773 1089 956 1131 vanitate
993 1105 1067 1130 sua
1102 1087 1288 1130 omnium
1331 1102 1452 1128 aures
1484 1088 1559 1129 ob-

133 1148 355 1190 fendebat:
401 1155 442 1190 et
477 1147 676 1204 Philippo
711 1147 893 1197 sublato,
929 1146 1072 1188 fractis
1108 1146 1259 1202 opibus
1295 1144 1559 1186 Macedonici

134 1205 266 1261 regni,
289 1204 456 1247 AEtolos
485 1204 699 1246 habendos
722 1205 899 1245 Graeciae
920 1203 1109 1244 dominos
1134 1202 1340 1244 cernebat.
1403 1202 1470 1242 Ob
1491 1217 1560 1242 eas

133 1277 298 1303 caussas
330 1262 466 1304 multa
497 1261 658 1311 sedulo,
692 1269 740 1302 ut
774 1261 940 1302 viliores
976 1260 1234 1317 levioresque
1267 1258 1383 1315 apud
1417 1274 1559 1300 omnes

134 1327 269 1361 essent
291 1327 331 1361 et
353 1319 610 1369 viderentur,
632 1317 824 1360 faciebat.

192 1377 307 1417 XII.
341 1376 532 1417 Induciae
568 1375 809 1431 quindecim
848 1374 1010 1416 dierum
1051 1374 1162 1416 datae
1202 1372 1312 1415 hosti
1348 1381 1480 1423 erant,
1517 1382 1558 1414 et

132 1449 230 1475 cum
265 1433 355 1489 ipso
387 1449 485 1489 rege
517 1432 794 1474 constitutum
829 1431 1122 1488 conloquium:
1156 1431 1278 1487 cujus
1312 1430 1559 1486 priusquam

134 1499 301 1547 tempus
332 1491 506 1537 veniret,
542 1489 587 1530 in
621 1489 837 1530 consilium
879 1488 1098 1530 advocavit
1135 1490 1275 1529 socios.
1337 1487 1558 1537 ⁴⁸Retulit,

133 1563 238 1603 quas
259 1547 371 1603 leges
391 1546 504 1603 pacis
524 1546 706 1603 placeret
728 1546 822 1586 dici.
874 1545 1149 1601 Amynander
1172 1545 1463 1586 Athamanum
1484 1559 1557 1585 rex
1573 1551 1768 1583 Consultatio

133 1603 277 1660 paucis
299 1603 545 1645 sententiam
573 1602 775 1650 absolvit;
810 1604 871 1643 ita
901 1603 1213 1655 componendam
1235 1615 1378 1654 pacem
1402 1615 1494 1650 esse,
1515 1608 1558 1641 ut
1573 1594 1610 1625 de
1626 1605 1714 1637 pace.

137 1662 314 1709 Graecia,
338 1662 459 1701 etiam
490 1660 717 1701 absentibus
740 1660 949 1707 Romanis,
972 1661 1074 1700 satis
1096 1665 1242 1712 potens
1265 1660 1424 1698 tuendae
1442 1659 1561 1698 simul

124 1719 247 1772 pacis
266 1718 547 1772 libertatisque
566 1723 679 1758 esset.
739 1717 980 1758 AEtolorum
1002 1715 1184 1773 asperior
1204 1715 1338 1757 oratio
1362 1715 1460 1765 fuit,
1484 1716 1558 1771 qui

131 1790 267 1832 pauca
295 1774 476 1832 praefati,
498 1781 602 1815 recte
621 1781 742 1829 atque
762 1775 906 1815 ordine
934 1775 1216 1827 imperatorem
1236 1773 1464 1813 Romanum
1478 1773 1558 1826 fa-

129 1847 231 1880 cere,
261 1834 380 1887 quod,
409 1847 506 1887 quos
534 1832 631 1873 belli
663 1833 790 1873 socios
820 1832 1031 1880 habuisset,
1053 1845 1138 1872 cum
1170 1832 1223 1871 iis
1251 1831 1560 1871 communicaret

125 1891 247 1944 pacis
276 1891 462 1930 consilia.
492 1889 636 1945 ⁴⁹falli
654 1896 786 1930 autem
808 1904 891 1929 eum
913 1895 999 1930 tota
1019 1904 1076 1938 re,
1097 1890 1135 1930 si
1162 1894 1233 1928 aut
1254 1888 1453 1928 Romanis
1475 1901 1559 1941 pa-

129 1962 223 1997 cem,
246 1954 319 1987 aut
342 1948 516 1988 Groeciae
534 1948 761 1989 libertatem
780 1948 883 1988 satis
882 1948 1055 2000 firmam
1075 1960 1116 1987 se
1141 1946 1282 1986 credat
1311 1946 1558 1994 relicturum,

131 2005 216 2045 nisi
235 2005 436 2058 Philippo
455 2010 527 2045 aut
546 2007 685 2054 occiso,
705 2010 777 2046 aut
797 2019 921 2059 regno
936 2005 1076 2058 pulso:
1108 2017 1196 2058 quae
1214 2009 1386 2056 utraque
1401 2003 1558 2055 procli-

132 2063 201 2103 via
238 2076 330 2109 esse,
362 2063 399 2102 si
414 2064 596 2115 fortuna
625 2062 685 2103 uti
716 2063 845 2103 vellet.
905 2062 978 2103 Ad
1013 2061 1102 2102 haec
1134 2059 1356 2111 Quinctius
1390 2074 1556 2115 negare,

134 2119 299 2161 AEtolos
317 2118 429 2160 ⁵⁰aut
458 2120 579 2161 moris
600 2120 872 2161 Romanorum
898 2131 1097 2168 memores,
1120 2124 1191 2158 aut
1209 2116 1329 2158 ⁵¹sz'bi
1347 2117 1448 2170 ipsis
1467 2131 1557 2157 con-

678 2201 695 2244 ‘J
709 2204 849 2228 tumentes
855 2200 922 2238 jam
941 2196 1031 2229 Eaed.

867 2282 1003 2315 omnium
1040 2293 1128 2313 aures
1162 2281 1350 2313 ostendebat.
1400 2281 1556 2314 Gronovio

178 2285 220 2314 44
243 2285 289 2315 Ad
317 2286 470 2324 petendam
496 2285 610 2315 veniam
633 2285 734 2326 legatis
755 2285 823 2313 mit-

867 2325 968 2366 magis
1003 2326 1154 2367 placeret:
1189 2337 1249 2366 quo.
1279 2327 1408 2356 vanitate
1436 2337 1490 2356 sua
1513 2349 1521 2356 .
1546 2349 1554 2357 .

136 2328 245 2369 tendis]
280 2328 329 2358 Ad
351 2327 530 2369 petendum,
554 2334 587 2358 ut
611 2332 745 2369 potestas
767 2326 825 2357 sibi

136 2370 221 2402 fieret
235 2370 379 2402 mittendi
393 2371 519 2412 legatos.

179 2414 219 2445 45
245 2414 396 2444 Tumentes
420 2414 505 2455 jam]
543 2415 616 2445 Jam
650 2412 695 2443 ira
728 2411 823 2453 turgi-

135 2455 202 2487 dos.
226 2458 327 2500 Supra
347 2457 368 2488 l.
385 2457 512 2488 XXXI.
535 2467 564 2489 c.
579 2457 610 2487 8.
632 2457 735 2496 iraque
756 2456 824 2485 inde

137 2501 323 2530 tumentibus.

179 2542 378 2573 46³¹Gratz'oe
403 2544 529 2582 privatoe
558 2543 652 2573 locum
679 2541 823 2583 quoerere]

139 2584 284 2620 Quaerere
306 2585 410 2617 locum
433 2585 500 2627 ejus
522 2584 666 2617 amicitiae
686 2583 745 2615 sibi
761 2584 823 2626 pri-

138 2627 233 2658 vatim
247 2628 461 2659 conciliandae.
497 2628 652 2669 Quodque
666 2627 716 2658 hic
731 2626 825 2670 paulo

137 2669 295 2701 obscurius
324 2676 382 2707 est,
409 2671 489 2702 infra
513 2671 703 2713 explicatur:
735 2671 827 2700 Donis

138 2714 225 2759 regiis
248 2715 397 2745 immi-nere
419 2716 573 2745 credebant
599 2713 700 2745 AEtoli
725 2712 826 2750 Quin—

138 2760 226 2785 tium.

182 2798 221 2827 47
249 2797 322 2831 Quoe
341 2801 470 2830 vanitate
483 2800 552 2841 sua]
577 2801 659 2837 Quae
684 2798 825 2839 (AEtolo-

139 2850 207 2887 rum
231 2841 422 2882 arrogantia)
437 2852 492 2888 per
517 2852 631 2873 vanam
653 2841 826 2889 falsamque

137 2893 248 2913 Vinum
296 2888 326 2912 et
372 2889 548 2915 mentorum
591 2888 827 2916 ostentationem

199 2939 291 2966 voi..
317 2939 385 2967 ΙΙΙ.

868 2368 1058 2410 offmzdebant.

911 2411 1118 2446 48*Retulit,
1147 2422 1217 2451 quas
1250 2411 1339 2454 leges]
1377 2411 1476 2442 Jussit
1504 2421 1555 2442 eos

868 2449 1052 2490 deliberare,
1096 2454 1281 2495 quibusnam
1325 2454 1555 2486 conditionibus

869 2502 1030 2529 censerent
1043 2507 1152 2539 pacem
1167 2496 1232 2538 regi
1245 2497 1374 2528 concedi
1388 2507 1488 2540 posse.

912 2541 952 2570 49
977 2540 1057 2571 Falli
1078 2546 1175 2570 antem
1190 2552 1256 2570 eum
1276 2547 1334 2571 tota
1357 2542 1403 2582 re]
1428 2539 1554 2580 Supple,

867 2585 1050 2623 adjecerunt,
1066 2588 1100 2613 ut
1120 2593 1193 2613 suus
1207 2589 1326 2615 constet
1340 2593 1448 2614 sensus
1462 2582 1555 2612 veibo

867 2627 997 2667 prostati,
1014 2625 1097 2668 quod
1111 2626 1276 2668 praecessit.

913 2671 953 2700 50
978 2671 1039 2700 Aut
1068 2670 1155 2699 moris
1181 2668 1379 2699 Romanorum
1408 2667 1555 2708 memores]

871 2712 1055 2743 Rectissime
1080 2712 1254 2743 Gronovius
1276 2722 1436 2745 memorem,
1451 2715 1487 2740 ut
1509 2720 1555 2740 re-

868 2755 983 2786 feratur
1013 2755 1053 2786 ad
1079 2757 1260 2785 sententiam.
1305 2755 1404 2794 Supra
1431 2753 1452 2783 l.
1476 2753 1556 2783 VII.

870 2809 898 2830 c-
911 2800 962 2830 31.
985 2809 1148 2839 responsum
1172 2821 1180 2829 .
1197 2821 1205 2828 .
1224 2798 1362 2826 amicitia·
1376 2797 1557 2826 Samnitium

873 2852 986 2872 memor.

914 2885 951 2915 51
967 2884 1058 2913 *Sibi
1096 2884 1164 2922 ipsis
1201 2881 1427 2923 convenientem]
1474 2881 1556 2914 Con-
