1947 3222
578 90 700 129 LIB.
731 89 907 127 XXXII.
953 90 1089 128 CAP.
1120 92 1166 129 V.
1522 97 1565 129 51

145 206 295 255 tasque
316 199 496 241 flexibus
516 199 688 240 vallium
710 198 812 261 vias3
830 198 903 239 ubi
926 205 1098 239 ventum
1119 197 1173 239 ad
1194 198 1299 240 hanc
1321 200 1467 242 urbem
1488 210 1565 251 cst,
1582 210 1621 241 U.
1635 210 1672 242 c.
1686 212 1763 242 553.

146 265 331 311 repente,
353 256 468 298 velut
490 256 616 297 maris
637 255 758 318 vasti,
782 254 838 296 sic
858 255 1045 296 inmensa
1068 253 1269 310 panditur
1288 256 1495 310 planities,
1517 253 1619 300 utA·
1632 253 1671 286 C.
1688 255 1759 286 199.

146 313 356 369 subjectos
375 327 541 368 campos
565 311 787 354 terminare
806 311 938 352 oculis
968 311 1083 352 haud
1113 310 1233 352 facile
1253 327 1393 367 queas.
1455 314 1565 358 1⁵Ab

146 384 194 410 eo
216 359 416 412 miraculo
437 368 672 410 Thaumaci
706 368 918 424 adpellati.
949 384 1025 409 nec
1054 367 1276 410 altitudine
1307 368 1441 410 solum
1474 380 1566 413 tuta

148 427 263 477 urbs,
281 426 352 467 sed
372 425 503 482 quod,
518 425 551 449 ¹⁶
564 441 664 467 saxo
680 425 868 481 undique
884 425 1076 476 abscisos,
1090 424 1268 480 rupibus
1287 425 1470 488 inposita
1489 437 1561 470 est.

147 484 231 524 Hae
259 482 540 533 difficultates,
571 491 612 524 et
643 482 760 539 quod
789 482 904 524 haud
940 481 1038 523 satis
1066 481 1242 537 dignum
1273 482 1380 523 tanti
1412 482 1564 525 laboris

145 539 404 596 periculique
423 540 605 596 pretium
626 547 730 590 erat,
751 548 801 580 ut
821 539 1039 580 absisteiet
1058 539 1224 595 incepto
1246 538 1484 595 Philippus,
1507 540 1565 581 ef-

120 597 344 639 vfecerunt.
375 596 506 638 hiems
530 612 701 660 quoque
724 597 815 653 jam
844 596 1042 646 instabat,
1063 610 1196 660 quum
1226 595 1322 637 inde.
1353 596 1563 671 abscessit,

144 661 187 696 et
206 653 249 694 in
271 653 593 695 Macedoniam
584 669 625 694 111
646 653 822 695 hiberna
840 653 979 709 copias
998 651 1180 694 reduxit.

140 752 143 754 ,
286 711 354 752 Ibi
375 710 500 752 ceteri
519 710 707 767 quidem,
721 710 755 738 ¹⁷
769 711 869 752 data
884 718 1225 776 quantacumque
1245 709 1386 765 quiete
1394 718 1565 790 tempo-

142 765 215 817 ris,
203 711 363 814 Vsimul
381 767 539 809 animos
559 783 818 831 corporaque
838 768 1092 809 remiserant.
1128 766 1427 823 Philippun11⁸
1433 783 1564 823 quan-
1576 774 1714 816 Ph111pp1
1726 786 1779 806 cu-

143 832 235 865 tum
257 824 310 874 ab
330 824 508 866 assiduis
533 825 747 888 laboribus
770 824 966 866 itinerum
996 839 1322 887 pugnarumque
1351 824 1563 866 laxaverat
1575 828 1616 848 ¹ae
1630 824 1761 850 81111111

143 896 293 933 annus,
325 889 443 923 tanto
476 881 609 937 magis
642 883 852 923 intentum
884 881 928 922 in
960 895 1203 922 unlversum
1235 889 1431 922 eventum
1465 866 1605 922 belliet

144 954 258 980 curae
279 947 456 994 angunt,
476 954 560 980 non
587 938 727 980 hostes
750 937 875 979 modo
896 937 1126 999 timentem,
1148 935 1224 991 qui
1245 944 1356 978 terra
1373 938 1565 1000 malique

145 995 410 1051 urguebant3
443 995 515 1036 sed
534 1009 646 1036 nunc
666 993 886 1057 sociorum,
907 1008 1018 1034 nunc
1039 993 1163 1035 etiam
1191 993 1459 1049 popularium
1480 1010 1565 1035 am-

145 1067 250 1103 mos,
271 1067 324 1093 ne
347 1060 390 1093 et
419 1051 481 1093 illi
511 1051 565 1093 ad
594 1066 710 1107 spem
739 1050 934 1092 amicitiae
955 1051 1243 1095 Romanorum
1263 1049 1501 1102 deficerent,
1524 1062 1564 1093 et

147 1108 440 1150 Macedonas
430 1123 542 1165 ipsos
571 1108 727 1174 cupido
757 1107 938 1149 novandi
968 1122 1032 1148 res
1062 1115 1240 1163 caperet.
1276 1107 1421 1162 itaque
1451 1116 1493 1149 et
1522 1108 1564 1149 in
1579 1119 1731 1150 Conciliat

144 1165 351 1214 Achaiam
386 1165 546 1221 legatos
579 1164 711 1230 misit,
741 1164 863 1207 simul
899 1163 974 1220 qui
1003 1163 1300 1220 jusjurandum
1339 1164 1420 1216 (ita
1454 1180 1565 1207 emm
1576 1161 1781 1194 s1b1Graec0s.

144 1223 406 1279 pepigerant,
438 1222 663 1278 quotannis
696 1222 914 1279 juraturos
948 1236 991 1262 m
1027 1221 1154 1262 verba
1187 1220 1393 1277 Philippi)
1428 1221 1566 1276 exige-

143 1287 261 1321 rent:
294 1279 419 1321 simul
453 1279 567 1343 l9qui
598 1279 748 1321 redde]
750 1287 820 1320 ent
853 1278 1024 1324 Achaeis
1059 1277 1364 1328 Oicliomenon,
1401 1287 1442 1320 et
1478 1258 1567 1320 He-

144 1351 287 1387 raeam,
318 1344 360 1377 et
394 1335 687 1393 Triphyliam3
718 1335 876 1377 ²⁰Eleis
905 1334 1169 1398 Alipheram,
1200 1335 1564 1386 contendentibus,

144 1404 377 1450 numquam
404 1409 493 1434 eam
525 1394 673 1436 urbem
703 1393 832 1435 fuisse
862 1408 914 1433 ex
943 1391 1182 1448 Triphylia,
1205 1391 1276 1432 sed
1307 1391 1386 1433 sibi
1415 1391 1566 1434 debere

135 1450 326 1502 restitui,
346 1450 380 1475 ‘²¹
392 1450 494 1507 quia
514 1466 599 1492 una
626 1458 731 1492 esset
757 1466 809 1491 ex
838 1449 902 1500 iis,
925 1463 1024 1506 quae
1054 1448 1109 1490 ad
1137 1448 1396 1490 condendam
1419 1450 1567 1505 Mega-

672 1553 688 1578 g
705 1551 820 1581 abscisso
836 1549 932 1579 Gron.
949 1548 1039 1578 Crev-

917 1643 959 1673 20
983 1642 1061 1673 Eleis
1096 1642 1281 1690 Alipheram]
1319 1641 1467 1673 Dubitari
1503 1653 1564 1674 non

194 1646 231 1676 15
253 1645 299 1676 Ab
309 1656 340 1676 eo
350 1645 491 1676 miraculo
505 1645 664 1675 Thaumaci
675 1645 830 1686 appellati]

875 1690 987 1726 potest,
1017 1685 1092 1726 quin
1127 1684 1280 1726 scripserit
1313 1684 1430 1721 Livius,
1460 1685 1562 1727 Mega-

146 1689 262 1728 Θαῢμα
276 1687 359 1720 enim
374 1687 494 1720 Graecis
506 1687 694 1718 miraculum.

194 1733 232 1763 16
253 1733 331 1763 Saxo
344 1732 474 1772 undique
492 1732 540 1761 ab.»
534 1732 619 1765 cisso,
633 1731 756 1770 711pz'bus
778 1731 831 1760 im-

146 1776 240 1815 posita
260 1776 317 1817 est]
341 1775 412 1806 Vox
434 1775 556 1814 rupibus
577 1772 658 1816 sapit
680 1773 746 1814 glos
748 1783 834 1804 sema

143 1817 304 1859 quoddam
331 1815 473 1848 additum
497 1815 735 1858 interpretandis
754 1826 832 1858 prae-

142 1860 327 1892 cedentibus
339 1859 449 1892 verbis.

194 1905 234 1935 17
257 1904 339 1934 Data
371 1910 604 1944 quantacumque
636 1903 731 1942 quiete
760 1908 834 1932 tem-

142 1947 236 1989 poris]
262 1947 346 1988 Lege
367 1957 438 1977 cim
461 1947 530 1978 Jac.
548 1945 716 1980 Gronovio,
739 1957 832 1986 quan-

145 1990 304 2031 ticunque:
328 1988 386 2020 ‘id
407 1994 464 2026 est,
479 1988 621 2031 quamvis
638 1987 741 2030 exigui
761 1994 832 2019 tem-

146 2042 236 2107 pmlzg
263 2075 417 2110 Quantum
456 2076 494 2105 ab
529 2075 652 2105 assiduis
691 2075 834 2105 laboribus

145 2119 286 2149 itinerum
323 2129 550 2166 pugnarumque
583 2117 732 2148 laxaverat
767 2119 832 2148 ani-

145 2162 226 2203 mus]
249 2161 301 2193 Sic
322 2161 441 2192 habent
463 2159 568 2202 scripti
589 2171 610 2191 a
632 2159 762 2208 Dujatio
785 2160 833 2191 in-

145 2205 255 2247 specti,
271 2210 303 2236 et
323 2203 450 2246 plurimi
471 2214 509 2234 ex
530 2202 748 2243 Gronovianis,
764 2203 832 2245 qui-

146 2247 206 2279 bus
231 2247 351 2284 accedit
372 2247 492 2279 Victor.
517 2251 549 2277 et
570 2245 706 2278 Andreae
727 2246 834 2278 editio.

148 2289 314 2322 Lazaverat
345 2288 582 2332 intelligendum
617 2300 645 2319 se
677 2290 835 2320 ὶαπαῑενατ.

146 2334 270 2375 Vulgus
296 2333 449 2365 editorum
480 2331 666 2379 praeferebat
692 2334 835 2363 animum.

148 2376 325 2409 Gronovius
345 2387 385 2408 ex
406 2376 584 2417 conjectura
608 2374 779 2406 inseruerat
804 2375 836 2405 in

146 2425 325 2451 contextum
348 2421 497 2451 laxaverat
517 2430 624 2455 annus,
640 2418 672 2448 id
694 2424 741 2449 est
763 2418 837 2449 anni

148 2462 316 2506 tempestas
337 2474 399 2494 non
418 2463 484 2504 jam
505 2462 589 2492 bello
610 2460 745 2502 gerendo
769 2461 836 2492 ido-

148 2516 217 2538 nea.
261 2506 430 2547 Ingeniosa
458 2511 489 2536 et
522 2504 690 2535 admodum
724 2504 835 2546 proba-

147 2549 219 2580 bilis
245 2548 434 2583 emendatio,
466 2558 562 2589 quam
587 2557 650 2578 non
675 2546 834 2578 dubitare-

148 2602 217 2622 mus
232 2592 389 2634 amplecti,
400 2592 426 2622 si
439 2591 489 2622 vel
504 2601 596 2621 umus
610 2589 714 2632 scripti
728 2596 834 2621 aucto-

148 2633 238 2665 ritate
253 2635 408 2667 mteretur.

194 2677 260 2708 19*
274 2678 333 2713 Qui
354 2676 524 2717 redderent]
548 2675 588 2707 Id
613 2680 669 2711 est,
688 2674 742 2716 qui
766 2675 834 2706 red-

148 2719 285 2750 diturum
314 2731 386 2752 mox
414 2719 607 2760 Phillippum
637 2717 836 2760 sponderent.

149 2763 218 2793 Hoc
248 2763 329 2794 enim
358 2768 495 2804 tempore
523 2760 647 2792 reddita
679 2771 741 2792 non
770 2771 836 2792 esse

132 2805 214 2842 ‚haec
234 2805 303 2836 loca
317 2806 442 2837 Achaeis
462 2810 591 2847 apparet
604 2814 648 2836 ex
672 2804 837 2835 XXXIII.

148 2850 200 2879 34.
216 2847 306 2878 infra.
559 2877 563 2880 .

876 1730 1009 1768 tripolitis,
1033 1739 1094 1759 non
1118 1728 1207 1759 Eleis.
1252 1727 1292 1758 Id
1319 1734 1407 1769 patet
1433 1734 1500 1759 tum
1526 1739 1563 1760 ex

876 1770 913 1801 iis
935 1781 1005 1812 quae
1025 1776 1204 1818 sequuntur
1220 1771 1278 1802 hoc
1300 1770 1366 1812 ipso
1390 1771 1474 1809 loco;
1497 1777 1564 1802 tum

875 1824 913 1845 ex
929 1815 1091 1845 XXVIII.
1107 1815 1138 1844 8
1153 1812 1206 1844 1ὼί
1227 1815 1266 1844 ab
1289 1813 1398 1844 eodem
1419 1796 1565 1856 Philippo

877 1857 992 1888 Heraea
1004 1856 1113 1888 itidem
1128 1861 1160 1888 et
1174 1855 1336 1898 Triphylia
1347 1857 1483 1894 Achaeis,
1495 1858 1563 1888 Ali-

876 1900 972 1947 phera
1008 1899 1241 1948 Megalopolitis
1277 1899 1456 1930 restituitur.
1501 1900 1564 1931 Sed

877 1953 1021 1973 mrmrum
1037 1953 1089 1974 035
1110 1943 1175 1974 sive
1197 1942 1300 1978 urbes,
1316 1942 1380 1973 sive
1400 1943 1564 1984 regiuncu-

875 1986 923 2016 las
951 1992 1060 2028 postea
1088 1985 1253 2032 Philippus
1278 1985 1389 2016 iterum
1415 1985 1447 2015 in
1475 1997 1564 2017 513111

875 2035 1059 2070 potestatem
1101 2028 1256 2070 redegisse
1295 2028 1469 2059 censendus
1506 2034 1562 2060 est.

876 2073 971 2103 Porro
986 2071 1221 2120 Megalopolitae
1242 2071 1353 2102 foederi
1374 2071 1501 2112 quidem
1516 2072 1562 2102 A-

875 2115 1031 2145 chaeorum
1056 2114 1203 2156 adscripti
1228 2119 1327 2146 erant.
1371 2114 1433 2145 Sed
1458 2120 1563 2145 tamen

875 2159 994 2194 urbem,
1031 2168 1100 2198 quae
1136 2168 1261 2188 suorum
1295 2157 1417 2200 proprie
1455 2157 1562 2188 finium

877 2206 968 2238 esset,
991 2201 1050 2231 Sibi
1075 2200 1229 2243 privatim,
1252 2211 1314 2231 non
1341 2200 1496 2231 communi
1516 2201 1562 2231 A·

876 2244 1043 2279 ebreorum,
1058 2243 1166 2275 merito
1179 2244 1287 2275 volunt
1298 2243 1430 2275 restitui.

919 2288 959 2318 21
986 2287 1064 2321 Quia
1090 2299 1152 2317 una
1174 2298 1212 2317 055
1204 2294 1241 2317 5οτ
1255 2298 1288 2317 er
1303 2289 1338 2317 iis
1358 2299 1426 2327 qua’
1439 2287 1477 2316 acl
1495 2297 1562 2316 con-

877 2332 1001 2361 dendam
1021 2330 1235 2371 Megalopolinj
1260 2329 1468 2376 Megalopolis
1490 2339 1563 2359 con-

879 2373 945 2404 dita
965 2373 1078 2409 fuerat,
1093 2378 1218 2404 auctore
1237 2371 1466 2414 Epaminonda,
1483 2372 1565 2402 mul-

878 2415 918 2447 tis
931 2415 1118 2458 ignobilibus
1132 2415 1278 2447 Arcadiae
1292 2415 1368 2446 vicis
1381 2415 1562 2457 oppidisque

878 2457 912 2489 in
935 2469 1032 2489 unam
1059 2458 1177 2495 urbem,
1202 2457 1328 2500 majoris
1353 2458 1468 2489 roboris
1494 2468 1563 2505 gra-

879 2501 935 2538 tia,
971 2501 1153 2532 contributis
1187 2511 1225 2532 ex
1267 2501 1423 2532 communi
1465 2501 1565 2540 ‘tentis

877 2544 1038 2575 Arcadum
1058 2544 1192 2575 decreto.
1215 2543 1291 2575 Vid.
1307 2544 1445 2574 Pausan.
1459 2543 1489 2573 in
1504 2543 1565 2572 ΑΡ

878 2587 1005 2623 cadicis,
1023 2587 1076 2618 ubi
1100 2587 1298 2617 nominantur
1320 2587 1425 2617 omnia
1451 2585 1566 2626 oppida

877 2641 917 2661 ex
940 2630 1053 2671 quibus
1075 2629 1283 2671 Megalopolis
1304 2630 1472 2662 coaluerat,
1488 2638 1565 2668 quo-

879 2684 946 2704 mm
975 2673 1008 2704 in
1039 2683 1168 2703 numero
1201 2677 1376 2704 recensetur
1404 2670 1566 2718 Aliphera.

880 2716 1027 2747 Ceterum
1055 2726 1109 2757 pro
1136 2715 1340 2757 Megalopolim
1366 2713 1470 2754 scripti
1496 2713 1565 2754 qui-

879 2760 965 2795 dam,
988 2765 1023 2790 ut
1052 2758 1239 2793 Victorinus,
1269 2757 1486 2797 Megalopolim,
1515 2756 1567 2786 alii

881 2783 1124 2843 Megcilempolim.
1170 2800 1263 2832 Unde
1294 2798 1469 2830 Gronovius
1501 2799 1569 2829 vult

880 2845 942 2886 legi
967 2845 1197 2886 Dteoalenpolin,
1223 2842 1268 2873 Gr
1255 2852 1335 2873 raeca
1355 2841 1449 2884 plane
1471 2852 1567 2873 enun-

945 2889 1022 2928 EQ
