<?xml version="1.0" encoding="UTF-8"?>
<!DOCTYPE html PUBLIC "-//W3C//DTD XHTML 1.0 Transitional//EN"
    "http://www.w3.org/TR/xhtml1/DTD/xhtml1-transitional.dtd">
<html xmlns="http://www.w3.org/1999/xhtml" xml:lang="en" lang="en">
 <head>
  <title>
</title>
<meta http-equiv="Content-Type" content="text/html;charset=utf-8" />
  <meta name='ocr-system' content='tesseract 3.04.00' />
  <meta name='ocr-capabilities' content='ocr_page ocr_carea ocr_par ocr_line ocrx_word'/>
</head>
<body>
  <div class='ocr_page' id='page_1' title='image "./historiarumaburb03livyuoft_0342.png"; bbox 0 0 1947 3222; ppageno 0'>
   <div class='ocr_carea' id='block_1_1' title="bbox 187 236 367 311">
    <p class='ocr_par' dir='ltr' id='par_1_1' title="bbox 187 236 367 311">
     <span class='ocr_line' id='line_1_1' title="bbox 187 236 365 267; baseline -0.006 0"><span class='ocrx_word' id='word_1_1' title='bbox 187 236 227 267; x_wconf 71' lang='lat' dir='ltr'>U.</span> <span class='ocrx_word' id='word_1_2' title='bbox 243 236 279 267; x_wconf 87' lang='lat' dir='ltr'>C.</span> <span class='ocrx_word' id='word_1_3' title='bbox 292 236 365 267; x_wconf 83' lang='lat'>563.</span> 
     </span>
     <span class='ocr_line' id='line_1_2' title="bbox 187 279 367 311; baseline -0.011 0"><span class='ocrx_word' id='word_1_4' title='bbox 187 280 227 311; x_wconf 79' lang='lat' dir='ltr'>A.</span> <span class='ocrx_word' id='word_1_5' title='bbox 240 279 278 311; x_wconf 89' lang='lat' dir='ltr'>C.</span> <span class='ocrx_word' id='word_1_6' title='bbox 295 279 367 310; x_wconf 89' lang='grc'><strong>189.</strong></span> 
     </span>
    </p>
   </div>
   <div class='ocr_carea' id='block_1_2' title="bbox 192 1137 374 1309">
    <p class='ocr_par' dir='ltr' id='par_1_2' title="bbox 192 1137 374 1309">
     <span class='ocr_line' id='line_1_3' title="bbox 192 1137 374 1170; baseline -0.022 0"><span class='ocrx_word' id='word_1_7' title='bbox 192 1137 307 1170; x_wconf 79' lang='lat' dir='ltr'>Fabius</span> <span class='ocrx_word' id='word_1_8' title='bbox 322 1137 374 1167; x_wconf 88' lang='lat' dir='ltr'>Pr.</span> 
     </span>
     <span class='ocr_line' id='line_1_4' title="bbox 194 1182 368 1213; baseline -0.017 -1"><span class='ocrx_word' id='word_1_9' title='bbox 194 1182 226 1212; x_wconf 93' lang='lat' dir='ltr'>in</span> <span class='ocrx_word' id='word_1_10' title='bbox 242 1182 368 1213; x_wconf 82' lang='lat' dir='ltr'>Cretam</span> 
     </span>
     <span class='ocr_line' id='line_1_5' title="bbox 193 1225 326 1255; baseline -0.015 0"><span class='ocrx_word' id='word_1_11' title='bbox 193 1225 326 1255; x_wconf 88' lang='lat' dir='ltr'>insulam</span> 
     </span>
     <span class='ocr_line' id='line_1_6' title="bbox 195 1267 319 1309; baseline 0 -12"><span class='ocrx_word' id='word_1_12' title='bbox 195 1267 319 1309; x_wconf 84' lang='lat' dir='ltr'><strong>trajicit.</strong></span> 
     </span>
    </p>
   </div>
   <div class='ocr_carea' id='block_1_3' title="bbox 394 111 1829 1918">
    <p class='ocr_par' dir='ltr' id='par_1_3' title="bbox 394 111 1814 955">
     <span class='ocr_line' id='line_1_7' title="bbox 394 111 1284 154; baseline -0.004 0"><span class='ocrx_word' id='word_1_13' title='bbox 394 120 467 154; x_wconf 76' lang='lat'>332</span> <span class='ocrx_word' id='word_1_14' title='bbox 916 111 949 149; x_wconf 90' lang='lat' dir='ltr'>T</span> <span class='ocrx_word' id='word_1_15' title='bbox 966 113 984 151; x_wconf 92' lang='lat' dir='ltr'>l</span> <span class='ocrx_word' id='word_1_16' title='bbox 999 113 1033 151; x_wconf 90' lang='lat' dir='ltr'>T</span> <span class='ocrx_word' id='word_1_17' title='bbox 1046 114 1064 151; x_wconf 92' lang='lat' dir='ltr'>I</span> <span class='ocrx_word' id='word_1_18' title='bbox 1110 113 1143 150; x_wconf 91' lang='lat' dir='ltr'>L</span> <span class='ocrx_word' id='word_1_19' title='bbox 1158 113 1174 151; x_wconf 94' lang='lat' dir='ltr'>I</span> <span class='ocrx_word' id='word_1_20' title='bbox 1189 113 1251 151; x_wconf 88' lang='lat' dir='ltr'>VI</span> <span class='ocrx_word' id='word_1_21' title='bbox 1267 113 1284 150; x_wconf 91' lang='lat' dir='ltr'>I</span> 
     </span>
     <span class='ocr_line' id='line_1_8' title="bbox 398 219 1806 277; baseline -0.003 -12"><span class='ocrx_word' id='word_1_22' title='bbox 398 237 544 265; x_wconf 86' lang='lat' dir='ltr'>aureas</span> <span class='ocrx_word' id='word_1_23' title='bbox 573 236 742 263; x_wconf 90' lang='lat' dir='ltr'>coronas</span> <span class='ocrx_word' id='word_1_24' title='bbox 771 221 970 263; x_wconf 88' lang='lat' dir='ltr'>ducentas</span> <span class='ocrx_word' id='word_1_25' title='bbox 1000 221 1199 277; x_wconf 70' lang='lat' dir='ltr'>triginta¹¹²</span> <span class='ocrx_word' id='word_1_26' title='bbox 1229 228 1436 277; x_wconf 86' lang='lat' dir='ltr'>quatuor;</span> <span class='ocrx_word' id='word_1_27' title='bbox 1468 219 1502 245; x_wconf 76' lang='lat'>⁸⁶</span> <span class='ocrx_word' id='word_1_28' title='bbox 1514 219 1675 276; x_wconf 80' lang='lat' dir='ltr'>argenti</span> <span class='ocrx_word' id='word_1_29' title='bbox 1703 232 1806 276; x_wconf 85' lang='lat' dir='ltr'>pon-</span> 
     </span>
     <span class='ocr_line' id='line_1_9' title="bbox 400 276 1806 334; baseline -0.003 -13"><span class='ocrx_word' id='word_1_30' title='bbox 400 280 454 322; x_wconf 93' lang='lat' dir='ltr'>do</span> <span class='ocrx_word' id='word_1_31' title='bbox 488 287 656 320; x_wconf 85' lang='lat' dir='ltr'>centum</span> <span class='ocrx_word' id='word_1_32' title='bbox 690 277 862 334; x_wconf 87' lang='lat' dir='ltr'>triginta</span> <span class='ocrx_word' id='word_1_33' title='bbox 901 287 1057 334; x_wconf 87' lang='lat' dir='ltr'>septem</span> <span class='ocrx_word' id='word_1_34' title='bbox 1097 277 1227 319; x_wconf 91' lang='lat' dir='ltr'>millia</span> <span class='ocrx_word' id='word_1_35' title='bbox 1259 286 1300 319; x_wconf 91' lang='lat' dir='ltr'>et</span> <span class='ocrx_word' id='word_1_36' title='bbox 1333 276 1639 333; x_wconf 86' lang='lat' dir='ltr'>quadringenta</span> <span class='ocrx_word' id='word_1_37' title='bbox 1671 276 1806 331; x_wconf 78' lang='lat' dir='ltr'>vigin-</span> 
     </span>
     <span class='ocr_line' id='line_1_10' title="bbox 400 333 1808 390; baseline -0.004 -12"><span class='ocrx_word' id='word_1_38' title='bbox 400 337 458 384; x_wconf 85' lang='lat' dir='ltr'>ti;</span> <span class='ocrx_word' id='word_1_39' title='bbox 506 335 540 363; x_wconf 79' lang='lat'>⁸⁷</span> <span class='ocrx_word' id='word_1_40' title='bbox 555 335 909 377; x_wconf 69' lang='lat' dir='ltr'>tetradrachmsim</span> <span class='ocrx_word' id='word_1_41' title='bbox 945 335 1187 375; x_wconf 83' lang='lat' dir='ltr'>Atticorum</span> <span class='ocrx_word' id='word_1_42' title='bbox 1227 334 1408 375; x_wconf 87' lang='lat' dir='ltr'>ducenta</span> <span class='ocrx_word' id='word_1_43' title='bbox 1441 333 1589 390; x_wconf 86' lang='lat' dir='ltr'>viginti</span> <span class='ocrx_word' id='word_1_44' title='bbox 1626 341 1808 389; x_wconf 88' lang='lat' dir='ltr'>quatuor</span> 
     </span>
     <span class='ocr_line' id='line_1_11' title="bbox 400 390 1809 447; baseline -0.004 -13"><span class='ocrx_word' id='word_1_45' title='bbox 400 392 554 441; x_wconf 85' lang='lat' dir='ltr'>millia;</span> <span class='ocrx_word' id='word_1_46' title='bbox 586 391 620 416; x_wconf 79' lang='lat'>⁸⁸</span> <span class='ocrx_word' id='word_1_47' title='bbox 632 391 914 447; x_wconf 71' lang='lat' dir='ltr'>cistophorum</span> <span class='ocrx_word' id='word_1_48' title='bbox 947 398 1132 431; x_wconf 89' lang='lat' dir='ltr'>trecenta</span> <span class='ocrx_word' id='word_1_49' title='bbox 1151 390 1324 446; x_wconf 88' lang='lat' dir='ltr'>triginta</span> <span class='ocrx_word' id='word_1_50' title='bbox 1343 406 1473 432; x_wconf 92' lang='lat' dir='ltr'>unum</span> <span class='ocrx_word' id='word_1_51' title='bbox 1503 390 1634 430; x_wconf 86' lang='lat' dir='ltr'>millia</span> <span class='ocrx_word' id='word_1_52' title='bbox 1656 397 1697 430; x_wconf 90' lang='lat' dir='ltr'>et</span> <span class='ocrx_word' id='word_1_53' title='bbox 1719 404 1809 445; x_wconf 85' lang='lat' dir='ltr'>sep-</span> 
     </span>
     <span class='ocr_line' id='line_1_12' title="bbox 401 445 1811 506; baseline -0.004 -15"><span class='ocrx_word' id='word_1_54' title='bbox 401 450 619 506; x_wconf 86' lang='lat' dir='ltr'>tuaginta;</span> <span class='ocrx_word' id='word_1_55' title='bbox 651 448 685 472; x_wconf 81' lang='lat'>⁸⁹</span> <span class='ocrx_word' id='word_1_56' title='bbox 698 462 890 488; x_wconf 87' lang='lat' dir='ltr'>nummos</span> <span class='ocrx_word' id='word_1_57' title='bbox 910 461 1057 487; x_wconf 87' lang='lat' dir='ltr'>aureos</span> <span class='ocrx_word' id='word_1_58' title='bbox 1078 446 1320 503; x_wconf 83' lang='lat' dir='ltr'>Philippeos</span> <span class='ocrx_word' id='word_1_59' title='bbox 1343 456 1509 488; x_wconf 88' lang='lat' dir='ltr'>centum</span> <span class='ocrx_word' id='word_1_60' title='bbox 1531 445 1811 502; x_wconf 88' lang='lat' dir='ltr'>quadraginta</span> 
     </span>
     <span class='ocr_line' id='line_1_13' title="bbox 401 501 1809 558; baseline -0.004 -11"><span class='ocrx_word' id='word_1_61' title='bbox 401 506 556 554; x_wconf 88' lang='lat' dir='ltr'>millia;</span> <span class='ocrx_word' id='word_1_62' title='bbox 588 505 622 529; x_wconf 82' lang='lat'>⁹⁰</span> <span class='ocrx_word' id='word_1_63' title='bbox 634 518 827 545; x_wconf 86' lang='lat' dir='ltr'>vasorum</span> <span class='ocrx_word' id='word_1_64' title='bbox 857 510 1149 558; x_wconf 88' lang='lat' dir='ltr'>argenteorum</span> <span class='ocrx_word' id='word_1_65' title='bbox 1182 503 1338 554; x_wconf 89' lang='lat' dir='ltr'>(omnia</span> <span class='ocrx_word' id='word_1_66' title='bbox 1366 503 1511 545; x_wconf 85' lang='lat' dir='ltr'>caelata</span> <span class='ocrx_word' id='word_1_67' title='bbox 1539 505 1676 557; x_wconf 88' lang='lat' dir='ltr'>erant)</span> <span class='ocrx_word' id='word_1_68' title='bbox 1698 501 1809 542; x_wconf 88' lang='lat' dir='ltr'>mille</span> 
     </span>
     <span class='ocr_line' id='line_1_14' title="bbox 401 557 1812 618; baseline -0.005 -14"><span class='ocrx_word' id='word_1_69' title='bbox 401 562 542 618; x_wconf 91' lang='lat' dir='ltr'>pondo</span> <span class='ocrx_word' id='word_1_70' title='bbox 581 570 622 602; x_wconf 89' lang='lat' dir='ltr'>et</span> <span class='ocrx_word' id='word_1_71' title='bbox 662 559 970 616; x_wconf 87' lang='lat' dir='ltr'>quadringenta</span> <span class='ocrx_word' id='word_1_72' title='bbox 1011 559 1162 614; x_wconf 87' lang='lat' dir='ltr'>viginti</span> <span class='ocrx_word' id='word_1_73' title='bbox 1206 567 1401 614; x_wconf 91' lang='lat' dir='ltr'>quatuor,</span> <span class='ocrx_word' id='word_1_74' title='bbox 1442 574 1659 600; x_wconf 90' lang='lat' dir='ltr'>aureorum</span> <span class='ocrx_word' id='word_1_75' title='bbox 1700 557 1812 599; x_wconf 89' lang='lat' dir='ltr'>mille</span> 
     </span>
     <span class='ocr_line' id='line_1_15' title="bbox 402 614 1813 675; baseline -0.004 -15"><span class='ocrx_word' id='word_1_76' title='bbox 402 619 542 675; x_wconf 83' lang='lat' dir='ltr'>pondo</span> <span class='ocrx_word' id='word_1_77' title='bbox 561 616 712 670; x_wconf 80' lang='lat' dir='ltr'>viginti</span> <span class='ocrx_word' id='word_1_78' title='bbox 733 624 927 672; x_wconf 87' lang='lat' dir='ltr'>quatuor.</span> <span class='ocrx_word' id='word_1_79' title='bbox 957 623 998 656; x_wconf 86' lang='lat' dir='ltr'>et</span> <span class='ocrx_word' id='word_1_80' title='bbox 1019 614 1146 656; x_wconf 90' lang='lat' dir='ltr'>duces</span> <span class='ocrx_word' id='word_1_81' title='bbox 1165 616 1283 671; x_wconf 87' lang='lat' dir='ltr'>regii,</span> <span class='ocrx_word' id='word_1_82' title='bbox 1304 616 1505 671; x_wconf 74' lang='lat' dir='ltr'>praefecti,</span> <span class='ocrx_word' id='word_1_83' title='bbox 1527 624 1568 657; x_wconf 89' lang='lat' dir='ltr'>et</span> <span class='ocrx_word' id='word_1_84' title='bbox 1588 614 1813 672; x_wconf 87' lang='lat' dir='ltr'>purpurati</span> 
     </span>
     <span class='ocr_line' id='line_1_16' title="bbox 402 670 1813 729; baseline -0.004 -13"><span class='ocrx_word' id='word_1_85' title='bbox 402 676 489 716; x_wconf 91' lang='lat' dir='ltr'>duo</span> <span class='ocrx_word' id='word_1_86' title='bbox 509 683 550 715; x_wconf 88' lang='lat' dir='ltr'>et</span> <span class='ocrx_word' id='word_1_87' title='bbox 571 673 744 729; x_wconf 89' lang='lat' dir='ltr'>triginta</span> <span class='ocrx_word' id='word_1_88' title='bbox 763 680 858 713; x_wconf 84' lang='lat' dir='ltr'>ante</span> <span class='ocrx_word' id='word_1_89' title='bbox 879 687 1047 713; x_wconf 89' lang='lat' dir='ltr'>currum</span> <span class='ocrx_word' id='word_1_90' title='bbox 1071 671 1199 713; x_wconf 92' lang='lat' dir='ltr'>ducti.</span> <span class='ocrx_word' id='word_1_91' title='bbox 1261 672 1474 713; x_wconf 85' lang='lat' dir='ltr'>Militibus</span> <span class='ocrx_word' id='word_1_92' title='bbox 1496 672 1529 696; x_wconf 83' lang='lat'>⁹¹</span> <span class='ocrx_word' id='word_1_93' title='bbox 1543 672 1660 728; x_wconf 91' lang='lat' dir='ltr'>quini</span> <span class='ocrx_word' id='word_1_94' title='bbox 1681 670 1813 711; x_wconf 86' lang='lat' dir='ltr'>viceni</span> 
     </span>
     <span class='ocr_line' id='line_1_17' title="bbox 403 728 1814 784; baseline -0.003 -12"><span class='ocrx_word' id='word_1_95' title='bbox 403 730 559 772; x_wconf 86' lang='lat' dir='ltr'>denarii</span> <span class='ocrx_word' id='word_1_96' title='bbox 595 729 698 779; x_wconf 89' lang='lat' dir='ltr'>dati,</span> <span class='ocrx_word' id='word_1_97' title='bbox 729 728 887 784; x_wconf 87' lang='lat' dir='ltr'>duplex</span> <span class='ocrx_word' id='word_1_98' title='bbox 923 728 1169 778; x_wconf 89' lang='lat' dir='ltr'>centurioni,</span> <span class='ocrx_word' id='word_1_99' title='bbox 1206 728 1359 784; x_wconf 85' lang='lat' dir='ltr'>triplex</span> <span class='ocrx_word' id='word_1_100' title='bbox 1398 729 1542 784; x_wconf 88' lang='lat' dir='ltr'>equiti.</span> <span class='ocrx_word' id='word_1_101' title='bbox 1583 738 1624 769; x_wconf 90' lang='lat' dir='ltr'>et</span> <span class='ocrx_word' id='word_1_102' title='bbox 1661 728 1814 784; x_wconf 88' lang='lat' dir='ltr'>stipen-</span> 
     </span>
     <span class='ocr_line' id='line_1_18' title="bbox 402 784 1814 840; baseline -0.003 -12"><span class='ocrx_word' id='word_1_103' title='bbox 402 787 520 828; x_wconf 91' lang='lat' dir='ltr'>dium</span> <span class='ocrx_word' id='word_1_104' title='bbox 554 786 732 828; x_wconf 90' lang='lat' dir='ltr'>militare</span> <span class='ocrx_word' id='word_1_105' title='bbox 763 795 805 826; x_wconf 90' lang='lat' dir='ltr'>et</span> <span class='ocrx_word' id='word_1_106' title='bbox 838 786 1098 826; x_wconf 86' lang='lat' dir='ltr'>frumentum</span> <span class='ocrx_word' id='word_1_107' title='bbox 1133 784 1291 840; x_wconf 86' lang='lat' dir='ltr'>duplex</span> <span class='ocrx_word' id='word_1_108' title='bbox 1325 792 1419 840; x_wconf 90' lang='lat' dir='ltr'>post</span> <span class='ocrx_word' id='word_1_109' title='bbox 1454 785 1714 840; x_wconf 89' lang='lat' dir='ltr'>triumphum</span> <span class='ocrx_word' id='word_1_110' title='bbox 1743 784 1814 824; x_wconf 57' lang='lat' dir='ltr'>da»</span> 
     </span>
     <span class='ocr_line' id='line_1_19' title="bbox 403 841 1814 900; baseline -0.004 -15"><span class='ocrx_word' id='word_1_111' title='bbox 403 852 507 885; x_wconf 90' lang='lat' dir='ltr'>tum.</span> <span class='ocrx_word' id='word_1_112' title='bbox 537 843 571 868; x_wconf 81' lang='lat'>⁹²</span> <span class='ocrx_word' id='word_1_113' title='bbox 583 843 731 900; x_wconf 79' lang='lat' dir='ltr'>proelio</span> <span class='ocrx_word' id='word_1_114' title='bbox 750 841 793 882; x_wconf 91' lang='lat' dir='ltr'>in</span> <span class='ocrx_word' id='word_1_115' title='bbox 814 841 919 882; x_wconf 90' lang='lat' dir='ltr'>Asia</span> <span class='ocrx_word' id='word_1_116' title='bbox 937 842 1064 891; x_wconf 90' lang='lat' dir='ltr'>facto,</span> <span class='ocrx_word' id='word_1_117' title='bbox 1086 841 1244 897; x_wconf 89' lang='lat' dir='ltr'>duplex</span> <span class='ocrx_word' id='word_1_118' title='bbox 1269 841 1452 883; x_wconf 87' lang='lat' dir='ltr'>dederat.</span> <span class='ocrx_word' id='word_1_119' title='bbox 1514 841 1814 896; x_wconf 87' lang='lat' dir='ltr'>Triumphavit</span> 
     </span>
     <span class='ocr_line' id='line_1_20' title="bbox 403 898 1270 955; baseline -0.003 -14"><span class='ocrx_word' id='word_1_120' title='bbox 403 916 511 941; x_wconf 84' lang='lat' dir='ltr'>anno</span> <span class='ocrx_word' id='word_1_121' title='bbox 530 901 617 941; x_wconf 88' lang='lat' dir='ltr'>fere</span> <span class='ocrx_word' id='word_1_122' title='bbox 637 908 745 955; x_wconf 87' lang='lat' dir='ltr'>post,</span> <span class='ocrx_word' id='word_1_123' title='bbox 769 913 896 954; x_wconf 89' lang='lat' dir='ltr'>quam</span> <span class='ocrx_word' id='word_1_124' title='bbox 916 898 1134 940; x_wconf 87' lang='lat' dir='ltr'>consulatu</span> <span class='ocrx_word' id='word_1_125' title='bbox 1156 898 1270 939; x_wconf 88' lang='lat' dir='ltr'>abiit.</span> 
     </span>
    </p>

    <p class='ocr_par' dir='ltr' id='par_1_4' title="bbox 404 953 1829 1918">
     <span class='ocr_line' id='line_1_21' title="bbox 462 953 1812 1010; baseline -0.003 -12"><span class='ocrx_word' id='word_1_126' title='bbox 462 958 564 998; x_wconf 87' lang='lat' dir='ltr'>LX.</span> <span class='ocrx_word' id='word_1_127' title='bbox 587 956 750 997; x_wconf 90' lang='lat' dir='ltr'>Eodem</span> <span class='ocrx_word' id='word_1_128' title='bbox 770 957 856 996; x_wconf 87' lang='lat' dir='ltr'>fere</span> <span class='ocrx_word' id='word_1_129' title='bbox 873 964 1058 1010; x_wconf 89' lang='lat' dir='ltr'>tempore</span> <span class='ocrx_word' id='word_1_130' title='bbox 1076 962 1117 996; x_wconf 87' lang='lat' dir='ltr'>et</span> <span class='ocrx_word' id='word_1_131' title='bbox 1135 955 1211 995; x_wconf 92' lang='lat' dir='ltr'>Cn.</span> <span class='ocrx_word' id='word_1_132' title='bbox 1228 954 1416 995; x_wconf 90' lang='lat' dir='ltr'>Manlius</span> <span class='ocrx_word' id='word_1_133' title='bbox 1430 954 1573 996; x_wconf 90' lang='lat' dir='ltr'>consul</span> <span class='ocrx_word' id='word_1_134' title='bbox 1593 954 1636 995; x_wconf 92' lang='lat' dir='ltr'>in</span> <span class='ocrx_word' id='word_1_135' title='bbox 1651 953 1812 1003; x_wconf 87' lang='lat' dir='ltr'>Asiam,</span> 
     </span>
     <span class='ocr_line' id='line_1_22' title="bbox 404 1011 1816 1068; baseline -0.004 -12"><span class='ocrx_word' id='word_1_136' title='bbox 404 1022 446 1056; x_wconf 90' lang='lat' dir='ltr'>et</span> <span class='ocrx_word' id='word_1_137' title='bbox 469 1016 517 1064; x_wconf 83' lang='lat' dir='ltr'>Q.</span> <span class='ocrx_word' id='word_1_138' title='bbox 542 1013 700 1055; x_wconf 88' lang='lat' dir='ltr'>Fabius</span> <span class='ocrx_word' id='word_1_139' title='bbox 722 1012 866 1053; x_wconf 91' lang='lat' dir='ltr'>Labeo</span> <span class='ocrx_word' id='word_1_140' title='bbox 886 1020 1042 1068; x_wconf 85' lang='lat' dir='ltr'>praetor</span> <span class='ocrx_word' id='word_1_141' title='bbox 1061 1011 1115 1052; x_wconf 90' lang='lat' dir='ltr'>ad</span> <span class='ocrx_word' id='word_1_142' title='bbox 1136 1011 1304 1052; x_wconf 87' lang='lat' dir='ltr'>classem</span> <span class='ocrx_word' id='word_1_143' title='bbox 1325 1011 1451 1052; x_wconf 84' lang='lat' dir='ltr'>venit.</span> <span class='ocrx_word' id='word_1_144' title='bbox 1504 1012 1701 1052; x_wconf 90' lang='lat' dir='ltr'>Ceterum</span> <span class='ocrx_word' id='word_1_145' title='bbox 1722 1025 1816 1051; x_wconf 77' lang='lat' dir='ltr'>con-</span> 
     </span>
     <span class='ocr_line' id='line_1_23' title="bbox 406 1068 1816 1123; baseline -0.004 -11"><span class='ocrx_word' id='word_1_146' title='bbox 406 1071 485 1113; x_wconf 90' lang='lat' dir='ltr'>suli</span> <span class='ocrx_word' id='word_1_147' title='bbox 506 1086 589 1111; x_wconf 91' lang='lat' dir='ltr'>non</span> <span class='ocrx_word' id='word_1_148' title='bbox 610 1070 752 1110; x_wconf 88' lang='lat' dir='ltr'>deerat</span> <span class='ocrx_word' id='word_1_149' title='bbox 773 1084 868 1109; x_wconf 88' lang='lat' dir='ltr'>cum</span> <span class='ocrx_word' id='word_1_150' title='bbox 887 1068 1020 1109; x_wconf 86' lang='lat' dir='ltr'>Gallis</span> <span class='ocrx_word' id='word_1_151' title='bbox 1040 1068 1139 1109; x_wconf 90' lang='lat' dir='ltr'>belli</span> <span class='ocrx_word' id='word_1_152' title='bbox 1159 1068 1343 1109; x_wconf 88' lang='lat' dir='ltr'>materia.</span> <span class='ocrx_word' id='word_1_153' title='bbox 1366 1083 1479 1108; x_wconf 90' lang='lat' dir='ltr'>mare</span> <span class='ocrx_word' id='word_1_154' title='bbox 1499 1076 1691 1123; x_wconf 86' lang='lat' dir='ltr'>pacatum</span> <span class='ocrx_word' id='word_1_155' title='bbox 1714 1076 1816 1116; x_wconf 90' lang='lat' dir='ltr'>erat,</span> 
     </span>
     <span class='ocr_line' id='line_1_24' title="bbox 406 1124 1818 1180; baseline -0.004 -11"><span class='ocrx_word' id='word_1_156' title='bbox 406 1128 570 1169; x_wconf 89' lang='lat' dir='ltr'>devicto</span> <span class='ocrx_word' id='word_1_157' title='bbox 591 1126 815 1167; x_wconf 86' lang='lat' dir='ltr'>Antiocho.</span> <span class='ocrx_word' id='word_1_158' title='bbox 853 1124 886 1148; x_wconf 80' lang='lat'>9⁵</span> <span class='ocrx_word' id='word_1_159' title='bbox 896 1124 1129 1180; x_wconf 88' lang='lat' dir='ltr'>Cogitanti¹¹</span> <span class='ocrx_word' id='word_1_160' title='bbox 1150 1126 1198 1174; x_wconf 85' lang='lat' dir='ltr'>Q.</span> <span class='ocrx_word' id='word_1_161' title='bbox 1218 1124 1365 1174; x_wconf 88' lang='lat' dir='ltr'>Fabio,</span> <span class='ocrx_word' id='word_1_162' title='bbox 1388 1124 1454 1165; x_wconf 93' lang='lat' dir='ltr'>cui</span> <span class='ocrx_word' id='word_1_163' title='bbox 1476 1124 1534 1164; x_wconf 87' lang='lat' dir='ltr'>rei</span> <span class='ocrx_word' id='word_1_164' title='bbox 1554 1124 1818 1180; x_wconf 89' lang='lat' dir='ltr'>potissimum</span> 
     </span>
     <span class='ocr_line' id='line_1_25' title="bbox 406 1180 1819 1237; baseline -0.002 -12"><span class='ocrx_word' id='word_1_165' title='bbox 406 1185 628 1233; x_wconf 82' lang='lat' dir='ltr'>insisteret,</span> <span class='ocrx_word' id='word_1_166' title='bbox 649 1198 700 1223; x_wconf 90' lang='lat' dir='ltr'>ne</span> <span class='ocrx_word' id='word_1_167' title='bbox 722 1183 896 1223; x_wconf 87' lang='lat' dir='ltr'>otiosam</span> <span class='ocrx_word' id='word_1_168' title='bbox 925 1180 1181 1237; x_wconf 86' lang='lat' dir='ltr'>provinciam</span> <span class='ocrx_word' id='word_1_169' title='bbox 1202 1180 1395 1221; x_wconf 87' lang='lat' dir='ltr'>habuisse</span> <span class='ocrx_word' id='word_1_170' title='bbox 1414 1180 1547 1221; x_wconf 86' lang='lat' dir='ltr'>videri</span> <span class='ocrx_word' id='word_1_171' title='bbox 1571 1189 1723 1236; x_wconf 87' lang='lat' dir='ltr'>posset,</span> <span class='ocrx_word' id='word_1_172' title='bbox 1745 1196 1819 1237; x_wconf 85' lang='lat' dir='ltr'>op-</span> 
     </span>
     <span class='ocr_line' id='line_1_26' title="bbox 408 1237 1819 1293; baseline -0.004 -11"><span class='ocrx_word' id='word_1_173' title='bbox 408 1242 557 1282; x_wconf 86' lang='lat' dir='ltr'>timum</span> <span class='ocrx_word' id='word_1_174' title='bbox 578 1239 715 1281; x_wconf 88' lang='lat' dir='ltr'>visum</span> <span class='ocrx_word' id='word_1_175' title='bbox 740 1247 816 1288; x_wconf 88' lang='lat' dir='ltr'>est,</span> <span class='ocrx_word' id='word_1_176' title='bbox 838 1237 880 1278; x_wconf 92' lang='lat' dir='ltr'>in</span> <span class='ocrx_word' id='word_1_177' title='bbox 903 1239 1071 1278; x_wconf 86' lang='lat' dir='ltr'>Cretam</span> <span class='ocrx_word' id='word_1_178' title='bbox 1101 1237 1278 1278; x_wconf 85' lang='lat' dir='ltr'>insulam</span> <span class='ocrx_word' id='word_1_179' title='bbox 1309 1238 1510 1293; x_wconf 85' lang='lat' dir='ltr'>trajicere.</span> <span class='ocrx_word' id='word_1_180' title='bbox 1574 1237 1819 1293; x_wconf 79' lang='lat' dir='ltr'>Cydoniatae</span> 
     </span>
     <span class='ocr_line' id='line_1_27' title="bbox 407 1293 1819 1350; baseline -0.003 -12"><span class='ocrx_word' id='word_1_181' title='bbox 407 1297 565 1339; x_wconf 89' lang='lat' dir='ltr'>bellum</span> <span class='ocrx_word' id='word_1_182' title='bbox 595 1296 794 1337; x_wconf 87' lang='lat' dir='ltr'>adversus</span> <span class='ocrx_word' id='word_1_183' title='bbox 823 1295 1051 1350; x_wconf 87' lang='lat' dir='ltr'>Gortynios</span> <span class='ocrx_word' id='word_1_184' title='bbox 1075 1294 1356 1349; x_wconf 86' lang='lat' dir='ltr'>Gnossiosque</span> <span class='ocrx_word' id='word_1_185' title='bbox 1385 1294 1599 1349; x_wconf 83' lang='lat' dir='ltr'>gerebant,</span> <span class='ocrx_word' id='word_1_186' title='bbox 1620 1302 1661 1334; x_wconf 90' lang='lat' dir='ltr'>et</span> <span class='ocrx_word' id='word_1_187' title='bbox 1691 1293 1819 1349; x_wconf 91' lang='lat' dir='ltr'>capti-</span> 
     </span>
     <span class='ocr_line' id='line_1_28' title="bbox 408 1350 1820 1406; baseline -0.004 -11"><span class='ocrx_word' id='word_1_188' title='bbox 408 1369 556 1395; x_wconf 89' lang='lat' dir='ltr'>vorum</span> <span class='ocrx_word' id='word_1_189' title='bbox 587 1354 872 1394; x_wconf 83' lang='lat' dir='ltr'>Romanorum</span> <span class='ocrx_word' id='word_1_190' title='bbox 903 1360 1031 1406; x_wconf 87' lang='lat' dir='ltr'>atque</span> <span class='ocrx_word' id='word_1_191' title='bbox 1058 1350 1195 1391; x_wconf 90' lang='lat' dir='ltr'>Italici</span> <span class='ocrx_word' id='word_1_192' title='bbox 1225 1350 1387 1406; x_wconf 88' lang='lat' dir='ltr'>generis</span> <span class='ocrx_word' id='word_1_193' title='bbox 1416 1365 1592 1405; x_wconf 87' lang='lat' dir='ltr'>magnus</span> <span class='ocrx_word' id='word_1_194' title='bbox 1620 1362 1820 1390; x_wconf 85' lang='lat' dir='ltr'>numerus</span> 
     </span>
     <span class='ocr_line' id='line_1_29' title="bbox 408 1406 1820 1464; baseline -0.004 -12"><span class='ocrx_word' id='word_1_195' title='bbox 408 1412 452 1452; x_wconf 90' lang='lat' dir='ltr'>in</span> <span class='ocrx_word' id='word_1_196' title='bbox 483 1410 682 1451; x_wconf 88' lang='lat' dir='ltr'>servitute</span> <span class='ocrx_word' id='word_1_197' title='bbox 712 1424 798 1449; x_wconf 88' lang='lat' dir='ltr'>esse</span> <span class='ocrx_word' id='word_1_198' title='bbox 831 1423 906 1464; x_wconf 90' lang='lat' dir='ltr'>per</span> <span class='ocrx_word' id='word_1_199' title='bbox 936 1416 1066 1448; x_wconf 90' lang='lat' dir='ltr'>totam</span> <span class='ocrx_word' id='word_1_200' title='bbox 1101 1407 1278 1448; x_wconf 86' lang='lat' dir='ltr'>insulam</span> <span class='ocrx_word' id='word_1_201' title='bbox 1308 1406 1536 1447; x_wconf 85' lang='lat' dir='ltr'>dicebatur.</span> <span class='ocrx_word' id='word_1_202' title='bbox 1598 1406 1738 1447; x_wconf 89' lang='lat' dir='ltr'>Classe</span> <span class='ocrx_word' id='word_1_203' title='bbox 1768 1407 1820 1447; x_wconf 89' lang='lat' dir='ltr'>ab</span> 
     </span>
     <span class='ocr_line' id='line_1_30' title="bbox 411 1462 1824 1523; baseline -0.004 -15"><span class='ocrx_word' id='word_1_204' title='bbox 411 1468 582 1523; x_wconf 89' lang='lat' dir='ltr'>Epheso</span> <span class='ocrx_word' id='word_1_205' title='bbox 612 1466 840 1522; x_wconf 86' lang='lat' dir='ltr'>profectus,</span> <span class='ocrx_word' id='word_1_206' title='bbox 863 1479 996 1520; x_wconf 88' lang='lat' dir='ltr'>quum</span> <span class='ocrx_word' id='word_1_207' title='bbox 1026 1463 1207 1520; x_wconf 88' lang='lat' dir='ltr'>primum</span> <span class='ocrx_word' id='word_1_208' title='bbox 1235 1465 1371 1504; x_wconf 84' lang='lat' dir='ltr'>Cretae</span> <span class='ocrx_word' id='word_1_209' title='bbox 1402 1463 1501 1504; x_wconf 91' lang='lat' dir='ltr'>litus</span> <span class='ocrx_word' id='word_1_210' title='bbox 1531 1462 1697 1518; x_wconf 85' lang='lat' dir='ltr'>adtigit,</span> <span class='ocrx_word' id='word_1_211' title='bbox 1718 1477 1824 1503; x_wconf 88' lang='lat' dir='ltr'>nun-</span> 
     </span>
     <span class='ocr_line' id='line_1_31' title="bbox 411 1519 1824 1575; baseline -0.004 -10"><span class='ocrx_word' id='word_1_212' title='bbox 411 1525 495 1565; x_wconf 88' lang='lat' dir='ltr'>cios</span> <span class='ocrx_word' id='word_1_213' title='bbox 525 1524 634 1564; x_wconf 86' lang='lat' dir='ltr'>circa</span> <span class='ocrx_word' id='word_1_214' title='bbox 663 1523 852 1563; x_wconf 88' lang='lat' dir='ltr'>civitates</span> <span class='ocrx_word' id='word_1_215' title='bbox 881 1521 1009 1570; x_wconf 90' lang='lat' dir='ltr'>misit,</span> <span class='ocrx_word' id='word_1_216' title='bbox 1039 1528 1088 1561; x_wconf 91' lang='lat' dir='ltr'>ut</span> <span class='ocrx_word' id='word_1_217' title='bbox 1119 1520 1243 1561; x_wconf 90' lang='lat' dir='ltr'>armis</span> <span class='ocrx_word' id='word_1_218' title='bbox 1273 1520 1532 1570; x_wconf 83' lang='lat' dir='ltr'>absisterent,</span> <span class='ocrx_word' id='word_1_219' title='bbox 1555 1519 1824 1575; x_wconf 88' lang='lat' dir='ltr'>captivosque</span> 
     </span>
     <span class='ocr_line' id='line_1_32' title="bbox 411 1576 1824 1635; baseline -0.004 -13"><span class='ocrx_word' id='word_1_220' title='bbox 411 1582 455 1622; x_wconf 85' lang='lat' dir='ltr'>in</span> <span class='ocrx_word' id='word_1_221' title='bbox 476 1580 560 1621; x_wconf 89' lang='lat' dir='ltr'>suis</span> <span class='ocrx_word' id='word_1_222' title='bbox 581 1595 762 1635; x_wconf 83' lang='lat' dir='ltr'>quaeque</span> <span class='ocrx_word' id='word_1_223' title='bbox 792 1577 970 1618; x_wconf 90' lang='lat' dir='ltr'>urbibus</span> <span class='ocrx_word' id='word_1_224' title='bbox 994 1577 1189 1633; x_wconf 87' lang='lat' dir='ltr'>agrisque</span> <span class='ocrx_word' id='word_1_225' title='bbox 1220 1576 1472 1632; x_wconf 89' lang='lat' dir='ltr'>conquisitos</span> <span class='ocrx_word' id='word_1_226' title='bbox 1501 1576 1761 1626; x_wconf 87' lang='lat' dir='ltr'>reducerent,</span> <span class='ocrx_word' id='word_1_227' title='bbox 1782 1584 1824 1617; x_wconf 89' lang='lat' dir='ltr'>et</span> 
     </span>
     <span class='ocr_line' id='line_1_33' title="bbox 412 1632 1825 1693; baseline -0.004 -15"><span class='ocrx_word' id='word_1_228' title='bbox 412 1637 571 1693; x_wconf 87' lang='lat' dir='ltr'>legatos</span> <span class='ocrx_word' id='word_1_229' title='bbox 598 1636 810 1677; x_wconf 88' lang='lat' dir='ltr'>mitterent</span> <span class='ocrx_word' id='word_1_230' title='bbox 832 1634 885 1675; x_wconf 87' lang='lat' dir='ltr'>ad</span> <span class='ocrx_word' id='word_1_231' title='bbox 917 1650 972 1684; x_wconf 85' lang='lat' dir='ltr'>se,</span> <span class='ocrx_word' id='word_1_232' title='bbox 995 1649 1089 1674; x_wconf 90' lang='lat' dir='ltr'>cum</span> <span class='ocrx_word' id='word_1_233' title='bbox 1112 1633 1266 1689; x_wconf 87' lang='lat' dir='ltr'>quibus</span> <span class='ocrx_word' id='word_1_234' title='bbox 1296 1636 1348 1674; x_wconf 89' lang='lat' dir='ltr'>de</span> <span class='ocrx_word' id='word_1_235' title='bbox 1378 1633 1503 1673; x_wconf 90' lang='lat' dir='ltr'>rebus</span> <span class='ocrx_word' id='word_1_236' title='bbox 1532 1632 1586 1673; x_wconf 90' lang='lat' dir='ltr'>ad</span> <span class='ocrx_word' id='word_1_237' title='bbox 1609 1634 1825 1674; x_wconf 89' lang='lat' dir='ltr'>Cretenses</span> 
     </span>
     <span class='ocr_line' id='line_1_34' title="bbox 412 1689 1826 1750; baseline -0.004 -16"><span class='ocrx_word' id='word_1_238' title='bbox 412 1693 568 1750; x_wconf 87' lang='lat' dir='ltr'>pariter</span> <span class='ocrx_word' id='word_1_239' title='bbox 590 1694 884 1747; x_wconf 84' lang='lat' dir='ltr'>Romanosque</span> <span class='ocrx_word' id='word_1_240' title='bbox 913 1691 1220 1746; x_wconf 90' lang='lat' dir='ltr'>pertinentibus</span> <span class='ocrx_word' id='word_1_241' title='bbox 1244 1698 1396 1745; x_wconf 87' lang='lat' dir='ltr'>ageret.</span> <span class='ocrx_word' id='word_1_242' title='bbox 1458 1689 1574 1730; x_wconf 92' lang='lat' dir='ltr'>Nihil</span> <span class='ocrx_word' id='word_1_243' title='bbox 1603 1703 1826 1745; x_wconf 88' lang='lat' dir='ltr'>magnope-</span> 
     </span>
     <span class='ocr_line' id='line_1_35' title="bbox 412 1745 1824 1802; baseline -0.004 -11"><span class='ocrx_word' id='word_1_244' title='bbox 412 1766 458 1791; x_wconf 91' lang='lat' dir='ltr'>re</span> <span class='ocrx_word' id='word_1_245' title='bbox 488 1766 536 1790; x_wconf 90' lang='lat' dir='ltr'>ea</span> <span class='ocrx_word' id='word_1_246' title='bbox 558 1751 775 1790; x_wconf 87' lang='lat' dir='ltr'>Cretenses</span> <span class='ocrx_word' id='word_1_247' title='bbox 804 1758 1036 1788; x_wconf 85' lang='lat' dir='ltr'>moverunt.</span> <span class='ocrx_word' id='word_1_248' title='bbox 1069 1746 1269 1802; x_wconf 85' lang='lat' dir='ltr'>captivos,</span> <span class='ocrx_word' id='word_1_249' title='bbox 1291 1755 1444 1801; x_wconf 85' lang='lat' dir='ltr'>praeter</span> <span class='ocrx_word' id='word_1_250' title='bbox 1467 1745 1710 1801; x_wconf 84' lang='lat' dir='ltr'>Gortynios,</span> <span class='ocrx_word' id='word_1_251' title='bbox 1731 1745 1824 1786; x_wconf 90' lang='lat' dir='ltr'>nul-</span> 
     </span>
     <span class='ocr_line' id='line_1_36' title="bbox 416 1802 1829 1858; baseline -0.004 -10"><span class='ocrx_word' id='word_1_252' title='bbox 416 1806 444 1847; x_wconf 93' lang='lat' dir='ltr'>li</span> <span class='ocrx_word' id='word_1_253' title='bbox 466 1806 754 1847; x_wconf 88' lang='lat' dir='ltr'>reddiderunt.</span> <span class='ocrx_word' id='word_1_254' title='bbox 817 1804 1008 1845; x_wconf 88' lang='lat' dir='ltr'>Valerius</span> <span class='ocrx_word' id='word_1_255' title='bbox 1028 1804 1180 1844; x_wconf 87' lang='lat' dir='ltr'>Antias</span> <span class='ocrx_word' id='word_1_256' title='bbox 1201 1803 1254 1843; x_wconf 91' lang='lat' dir='ltr'>ad</span> <span class='ocrx_word' id='word_1_257' title='bbox 1275 1811 1458 1857; x_wconf 88' lang='lat' dir='ltr'>quatuor</span> <span class='ocrx_word' id='word_1_258' title='bbox 1487 1802 1616 1843; x_wconf 90' lang='lat' dir='ltr'>millia</span> <span class='ocrx_word' id='word_1_259' title='bbox 1645 1802 1829 1858; x_wconf 84' lang='lat' dir='ltr'>captivo-</span> 
     </span>
     <span class='ocr_line' id='line_1_37' title="bbox 415 1858 1828 1918; baseline -0.004 -14"><span class='ocrx_word' id='word_1_260' title='bbox 415 1879 524 1913; x_wconf 87' lang='lat' dir='ltr'>rum,</span> <span class='ocrx_word' id='word_1_261' title='bbox 555 1863 656 1918; x_wconf 87' lang='lat' dir='ltr'>quia</span> <span class='ocrx_word' id='word_1_262' title='bbox 694 1861 793 1903; x_wconf 86' lang='lat' dir='ltr'>belli</span> <span class='ocrx_word' id='word_1_263' title='bbox 833 1860 965 1901; x_wconf 86' lang='lat' dir='ltr'>minas</span> <span class='ocrx_word' id='word_1_264' title='bbox 1001 1860 1247 1909; x_wconf 86' lang='lat' dir='ltr'>timuerunt,</span> <span class='ocrx_word' id='word_1_265' title='bbox 1283 1874 1334 1899; x_wconf 85' lang='lat' dir='ltr'>ex</span> <span class='ocrx_word' id='word_1_266' title='bbox 1370 1867 1460 1900; x_wconf 86' lang='lat' dir='ltr'>tota</span> <span class='ocrx_word' id='word_1_267' title='bbox 1497 1858 1632 1899; x_wconf 86' lang='lat' dir='ltr'>insula</span> <span class='ocrx_word' id='word_1_268' title='bbox 1664 1858 1828 1900; x_wconf 83' lang='lat' dir='ltr'>reddita</span> 
     </span>
    </p>
   </div>
   <div class='ocr_carea' id='block_1_4' title="bbox 623 1969 1616 2014">
    <p class='ocr_par' dir='ltr' id='par_1_5' title="bbox 623 1969 1616 2014">
     <span class='ocr_line' id='line_1_38' title="bbox 623 1969 1616 2014; baseline -0.003 -11"><span class='ocrx_word' id='word_1_269' title='bbox 623 1976 648 1993; x_wconf 76' lang='lat' dir='ltr'>m</span> <span class='ocrx_word' id='word_1_270' title='bbox 660 1974 768 2014; x_wconf 79' lang='lat' dir='ltr'>viginti</span> <span class='ocrx_word' id='word_1_271' title='bbox 783 1972 880 2003; x_wconf 90' lang='lat' dir='ltr'>Gron.</span> <span class='ocrx_word' id='word_1_272' title='bbox 896 1971 987 2002; x_wconf 87' lang='lat' dir='ltr'>Crev.</span> <span class='ocrx_word' id='word_1_273' title='bbox 1118 1974 1134 1991; x_wconf 78' lang='lat'>¹¹</span> <span class='ocrx_word' id='word_1_274' title='bbox 1151 1969 1223 2001; x_wconf 86' lang='lat' dir='ltr'>add.</span> <span class='ocrx_word' id='word_1_275' title='bbox 1239 1971 1334 2011; x_wconf 79' lang='lat' dir='ltr'>itaque</span> <span class='ocrx_word' id='word_1_276' title='bbox 1349 1969 1459 2001; x_wconf 85' lang='lat' dir='ltr'>omisso</span> <span class='ocrx_word' id='word_1_277' title='bbox 1476 1969 1512 2004; x_wconf 86' lang='lat' dir='ltr'>Q.</span> <span class='ocrx_word' id='word_1_278' title='bbox 1528 1969 1616 2000; x_wconf 83' lang='lat' dir='ltr'>Eaed.</span> 
     </span>
    </p>
   </div>
   <div class='ocr_carea' id='block_1_5' title="bbox 415 2080 1832 2338">
    <p class='ocr_par' dir='ltr' id='par_1_6' title="bbox 415 2080 1832 2338">
     <span class='ocr_line' id='line_1_39' title="bbox 458 2080 1829 2125; baseline -0.004 -10"><span class='ocrx_word' id='word_1_279' title='bbox 458 2085 499 2115; x_wconf 89' lang='grc'>86</span> <span class='ocrx_word' id='word_1_280' title='bbox 536 2085 661 2125; x_wconf 83' lang='lat' dir='ltr'>Argenti</span> <span class='ocrx_word' id='word_1_281' title='bbox 696 2084 790 2122; x_wconf 81' lang='lat' dir='ltr'>pondo</span> <span class='ocrx_word' id='word_1_282' title='bbox 824 2088 940 2112; x_wconf 80' lang='lat' dir='ltr'>centum</span> <span class='ocrx_word' id='word_1_283' title='bbox 975 2082 1102 2123; x_wconf 78' lang='lat' dir='ltr'>triginta</span> <span class='ocrx_word' id='word_1_284' title='bbox 1144 2091 1173 2111; x_wconf 89' lang='lat' dir='ltr'>c.</span> <span class='ocrx_word' id='word_1_285' title='bbox 1187 2080 1258 2120; x_wconf 86' lang='lat'>52.)</span> <span class='ocrx_word' id='word_1_286' title='bbox 1274 2089 1311 2110; x_wconf 85' lang='lat' dir='ltr'>ac</span> <span class='ocrx_word' id='word_1_287' title='bbox 1333 2080 1460 2122; x_wconf 89' lang='lat' dir='ltr'>proinde</span> <span class='ocrx_word' id='word_1_288' title='bbox 1482 2090 1601 2112; x_wconf 85' lang='lat' dir='ltr'>marcas</span> <span class='ocrx_word' id='word_1_289' title='bbox 1627 2080 1692 2111; x_wconf 82' lang='lat' dir='ltr'>auri</span> <span class='ocrx_word' id='word_1_290' title='bbox 1713 2083 1829 2110; x_wconf 83' lang='lat' dir='ltr'>nostra-</span> 
     </span>
     <span class='ocr_line' id='line_1_40' title="bbox 415 2124 1301 2166; baseline -0.006 -8"><span class='ocrx_word' id='word_1_291' title='bbox 415 2134 518 2166; x_wconf 79' lang='lat' dir='ltr'>septem</span> <span class='ocrx_word' id='word_1_292' title='bbox 548 2128 642 2156; x_wconf 82' lang='lat' dir='ltr'>millia</span> <span class='ocrx_word' id='word_1_293' title='bbox 673 2131 700 2156; x_wconf 83' lang='lat' dir='ltr'>et</span> <span class='ocrx_word' id='word_1_294' title='bbox 730 2126 945 2166; x_wconf 77' lang='lat' dir='ltr'>quadringenta</span> <span class='ocrx_word' id='word_1_295' title='bbox 977 2124 1100 2165; x_wconf 76' lang='lat' dir='ltr'>viginti]</span> <span class='ocrx_word' id='word_1_296' title='bbox 1146 2129 1193 2154; x_wconf 91' lang='lat' dir='ltr'>tes</span> <span class='ocrx_word' id='word_1_297' title='bbox 1208 2124 1301 2153; x_wconf 87' lang='lat'>4375.</span> 
     </span>
     <span class='ocr_line' id='line_1_41' title="bbox 418 2165 1832 2207; baseline -0.004 -7"><span class='ocrx_word' id='word_1_298' title='bbox 418 2170 546 2200; x_wconf 73' lang='lat' dir='ltr'>Marcus</span> <span class='ocrx_word' id='word_1_299' title='bbox 571 2174 722 2200; x_wconf 81' lang='lat' dir='ltr'>nostrates</span> <span class='ocrx_word' id='word_1_300' title='bbox 743 2169 881 2198; x_wconf 81' lang='lat'>214718.</span> <span class='ocrx_word' id='word_1_301' title='bbox 909 2178 979 2197; x_wconf 91' lang='lat' dir='ltr'>cum</span> <span class='ocrx_word' id='word_1_302' title='bbox 1006 2167 1103 2197; x_wconf 88' lang='lat' dir='ltr'>unciis</span> <span class='ocrx_word' id='word_1_303' title='bbox 1188 2167 1230 2197; x_wconf 84' lang='grc'>90</span> <span class='ocrx_word' id='word_1_304' title='bbox 1261 2166 1398 2195; x_wconf 71' lang='lat' dir='ltr'>Vasomm</span> <span class='ocrx_word' id='word_1_305' title='bbox 1424 2172 1627 2207; x_wconf 75' lang='lat' dir='ltr'>argenteorum</span> <span class='ocrx_word' id='word_1_306' title='bbox 1653 2187 1662 2196; x_wconf 89' lang='lat'>.</span> <span class='ocrx_word' id='word_1_307' title='bbox 1684 2186 1693 2195; x_wconf 85' lang='lat'>.</span> <span class='ocrx_word' id='word_1_308' title='bbox 1719 2187 1728 2196; x_wconf 90' lang='lat'>.</span> <span class='ocrx_word' id='word_1_309' title='bbox 1752 2165 1832 2195; x_wconf 85' lang='lat' dir='ltr'>mille</span> 
     </span>
     <span class='ocr_line' id='line_1_42' title="bbox 418 2207 1829 2250; baseline -0.004 -7"><span class='ocrx_word' id='word_1_310' title='bbox 418 2213 448 2243; x_wconf 89' lang='lat'>6.</span> <span class='ocrx_word' id='word_1_311' title='bbox 1144 2210 1238 2249; x_wconf 84' lang='lat' dir='ltr'>pondo</span> <span class='ocrx_word' id='word_1_312' title='bbox 1266 2215 1293 2239; x_wconf 91' lang='lat' dir='ltr'>et</span> <span class='ocrx_word' id='word_1_313' title='bbox 1319 2210 1532 2250; x_wconf 80' lang='lat' dir='ltr'>quadringenta</span> <span class='ocrx_word' id='word_1_314' title='bbox 1559 2210 1665 2249; x_wconf 75' lang='lat' dir='ltr'>viginti</span> <span class='ocrx_word' id='word_1_315' title='bbox 1689 2207 1829 2249; x_wconf 82' lang='lat' dir='ltr'>quatuor]</span> 
     </span>
     <span class='ocr_line' id='line_1_43' title="bbox 462 2251 1831 2285; baseline -0.004 0"><span class='ocrx_word' id='word_1_316' title='bbox 462 2256 500 2285; x_wconf 84' lang='lat'>87</span> <span class='ocrx_word' id='word_1_317' title='bbox 528 2253 783 2285; x_wconf 76' lang='lat' dir='ltr'>Tetradrachmzim</span> <span class='ocrx_word' id='word_1_318' title='bbox 800 2253 964 2283; x_wconf 76' lang='lat' dir='ltr'>Atticm-um</span> <span class='ocrx_word' id='word_1_319' title='bbox 979 2254 1106 2283; x_wconf 81' lang='lat' dir='ltr'>ducenta</span> <span class='ocrx_word' id='word_1_320' title='bbox 1150 2252 1277 2283; x_wconf 85' lang='lat' dir='ltr'>Marcas</span> <span class='ocrx_word' id='word_1_321' title='bbox 1291 2257 1442 2282; x_wconf 78' lang='lat' dir='ltr'>nostrates</span> <span class='ocrx_word' id='word_1_322' title='bbox 1456 2252 1550 2282; x_wconf 89' lang='grc'><strong>2225.</strong></span> <span class='ocrx_word' id='word_1_323' title='bbox 1586 2254 1747 2281; x_wconf 79' lang='lat' dir='ltr'>Aureorum</span> <span class='ocrx_word' id='word_1_324' title='bbox 1764 2251 1831 2280; x_wconf 71' lang='lat' dir='ltr'>mit-</span> 
     </span>
     <span class='ocr_line' id='line_1_44' title="bbox 420 2294 1810 2338; baseline -0.003 -11"><span class='ocrx_word' id='word_1_325' title='bbox 420 2299 525 2338; x_wconf 80' lang='lat' dir='ltr'>viginti</span> <span class='ocrx_word' id='word_1_326' title='bbox 577 2302 702 2337; x_wconf 76' lang='lat' dir='ltr'>quatuor</span> <span class='ocrx_word' id='word_1_327' title='bbox 753 2296 863 2336; x_wconf 82' lang='lat' dir='ltr'>millia]</span> <span class='ocrx_word' id='word_1_328' title='bbox 932 2295 1106 2326; x_wconf 86' lang='lat' dir='ltr'>Drachmas</span> <span class='ocrx_word' id='word_1_329' title='bbox 1150 2295 1176 2325; x_wconf 85' lang='lat' dir='ltr'>le</span> <span class='ocrx_word' id='word_1_330' title='bbox 1188 2296 1282 2334; x_wconf 78' lang='lat' dir='ltr'>pondo</span> <span class='ocrx_word' id='word_1_331' title='bbox 1297 2296 1551 2335; x_wconf 79' lang='lat' dir='ltr'>vigintiquatuor.</span> <span class='ocrx_word' id='word_1_332' title='bbox 1574 2294 1700 2324; x_wconf 82' lang='lat' dir='ltr'>Marcas</span> <span class='ocrx_word' id='word_1_333' title='bbox 1719 2294 1810 2324; x_wconf 73' lang='lat'>1600.</span> 
     </span>
    </p>
   </div>
   <div class='ocr_carea' id='block_1_6' title="bbox 422 2338 1115 2892">
    <p class='ocr_par' dir='ltr' id='par_1_7' title="bbox 422 2338 978 2379">
     <span class='ocr_line' id='line_1_45' title="bbox 422 2338 978 2379; baseline -0.004 -9"><span class='ocrx_word' id='word_1_334' title='bbox 422 2340 559 2371; x_wconf 86' lang='grc'><strong>896000.</strong></span> <span class='ocrx_word' id='word_1_335' title='bbox 589 2340 716 2370; x_wconf 83' lang='lat' dir='ltr'>Marcas</span> <span class='ocrx_word' id='word_1_336' title='bbox 731 2338 849 2379; x_wconf 83' lang='lat' dir='ltr'>argenti</span> <span class='ocrx_word' id='word_1_337' title='bbox 867 2339 978 2368; x_wconf 81' lang='lat'>14000.</span> 
     </span>
    </p>

    <p class='ocr_par' dir='ltr' id='par_1_8' title="bbox 422 2383 1112 2593">
     <span class='ocr_line' id='line_1_46' title="bbox 465 2383 1108 2421; baseline -0.005 -8"><span class='ocrx_word' id='word_1_338' title='bbox 465 2384 505 2413; x_wconf 88' lang='grc'>88</span> <span class='ocrx_word' id='word_1_339' title='bbox 545 2383 744 2421; x_wconf 74' lang='lat' dir='ltr'>Cistophoriim</span> <span class='ocrx_word' id='word_1_340' title='bbox 802 2387 928 2411; x_wconf 82' lang='lat' dir='ltr'>trecenta</span> <span class='ocrx_word' id='word_1_341' title='bbox 983 2383 1108 2421; x_wconf 80' lang='lat' dir='ltr'>triginta</span> 
     </span>
     <span class='ocr_line' id='line_1_47' title="bbox 422 2423 1109 2464; baseline -0.003 -9"><span class='ocrx_word' id='word_1_342' title='bbox 422 2437 516 2455; x_wconf 83' lang='lat' dir='ltr'>unum</span> <span class='ocrx_word' id='word_1_343' title='bbox 534 2426 628 2455; x_wconf 80' lang='lat' dir='ltr'>millia</span> <span class='ocrx_word' id='word_1_344' title='bbox 651 2431 677 2454; x_wconf 80' lang='lat' dir='ltr'>et</span> <span class='ocrx_word' id='word_1_345' title='bbox 697 2424 897 2464; x_wconf 71' lang='lat' dir='ltr'>septuaginta]</span> <span class='ocrx_word' id='word_1_346' title='bbox 924 2423 961 2453; x_wconf 90' lang='lat' dir='ltr'>Id</span> <span class='ocrx_word' id='word_1_347' title='bbox 982 2429 1039 2459; x_wconf 85' lang='lat' dir='ltr'>est,</span> <span class='ocrx_word' id='word_1_348' title='bbox 1056 2423 1109 2453; x_wconf 88' lang='lat' dir='ltr'>de-</span> 
     </span>
     <span class='ocr_line' id='line_1_48' title="bbox 424 2466 1112 2508; baseline -0.004 -10"><span class='ocrx_word' id='word_1_349' title='bbox 424 2467 525 2498; x_wconf 85' lang='lat' dir='ltr'>narios</span> <span class='ocrx_word' id='word_1_350' title='bbox 548 2467 680 2508; x_wconf 78' lang='lat' dir='ltr'>amplius</span> <span class='ocrx_word' id='word_1_351' title='bbox 697 2467 832 2497; x_wconf 85' lang='lat'>176570.</span> <span class='ocrx_word' id='word_1_352' title='bbox 854 2466 905 2507; x_wconf 89' lang='lat' dir='ltr'>qui</span> <span class='ocrx_word' id='word_1_353' title='bbox 928 2476 1018 2507; x_wconf 81' lang='lat' dir='ltr'>pares</span> <span class='ocrx_word' id='word_1_354' title='bbox 1041 2471 1112 2495; x_wconf 84' lang='lat' dir='ltr'>sunt</span> 
     </span>
     <span class='ocr_line' id='line_1_49' title="bbox 423 2509 1111 2550; baseline -0.001 -10"><span class='ocrx_word' id='word_1_355' title='bbox 423 2510 534 2542; x_wconf 82' lang='lat' dir='ltr'>marcis</span> <span class='ocrx_word' id='word_1_356' title='bbox 558 2509 675 2550; x_wconf 83' lang='lat' dir='ltr'>argenti</span> <span class='ocrx_word' id='word_1_357' title='bbox 697 2511 792 2540; x_wconf 83' lang='lat'>2758.</span> <span class='ocrx_word' id='word_1_358' title='bbox 826 2519 895 2540; x_wconf 88' lang='lat' dir='ltr'>curn</span> <span class='ocrx_word' id='word_1_359' title='bbox 917 2515 1034 2550; x_wconf 80' lang='lat' dir='ltr'>septem</span> <span class='ocrx_word' id='word_1_360' title='bbox 1054 2519 1111 2539; x_wconf 88' lang='lat' dir='ltr'>un-</span> 
     </span>
     <span class='ocr_line' id='line_1_50' title="bbox 424 2551 1008 2593; baseline -0.005 -9"><span class='ocrx_word' id='word_1_361' title='bbox 424 2553 491 2589; x_wconf 69' lang='lat' dir='ltr'>cns,</span> <span class='ocrx_word' id='word_1_362' title='bbox 507 2558 538 2584; x_wconf 90' lang='lat' dir='ltr'>et</span> <span class='ocrx_word' id='word_1_363' title='bbox 555 2552 685 2588; x_wconf 88' lang='lat' dir='ltr'>duobus,</span> <span class='ocrx_word' id='word_1_364' title='bbox 702 2558 735 2582; x_wconf 89' lang='lat' dir='ltr'>ut</span> <span class='ocrx_word' id='word_1_365' title='bbox 751 2557 872 2587; x_wconf 86' lang='lat' dir='ltr'>vocant,</span> <span class='ocrx_word' id='word_1_366' title='bbox 887 2551 1008 2593; x_wconf 83' lang='lat' dir='ltr'>grossis.</span> 
     </span>
    </p>

    <p class='ocr_par' dir='ltr' id='par_1_9' title="bbox 426 2595 1115 2892">
     <span class='ocr_line' id='line_1_51' title="bbox 467 2595 1111 2633; baseline -0.005 -7"><span class='ocrx_word' id='word_1_367' title='bbox 467 2597 507 2626; x_wconf 87' lang='grc'>89</span> <span class='ocrx_word' id='word_1_368' title='bbox 541 2595 679 2625; x_wconf 77' lang='lat' dir='ltr'>Nummos</span> <span class='ocrx_word' id='word_1_369' title='bbox 709 2605 810 2624; x_wconf 81' lang='lat' dir='ltr'>aureos</span> <span class='ocrx_word' id='word_1_370' title='bbox 844 2595 1010 2633; x_wconf 77' lang='lat' dir='ltr'>Philippeos</span> <span class='ocrx_word' id='word_1_371' title='bbox 1044 2605 1111 2625; x_wconf 83' lang='lat' dir='ltr'>cen-</span> 
     </span>
     <span class='ocr_line' id='line_1_52' title="bbox 428 2636 1112 2679; baseline -0.003 -11"><span class='ocrx_word' id='word_1_372' title='bbox 428 2645 492 2668; x_wconf 75' lang='lat' dir='ltr'>tum</span> <span class='ocrx_word' id='word_1_373' title='bbox 527 2639 722 2679; x_wconf 76' lang='lat' dir='ltr'>quadraginta</span> <span class='ocrx_word' id='word_1_374' title='bbox 765 2636 874 2676; x_wconf 81' lang='lat' dir='ltr'>millia]</span> <span class='ocrx_word' id='word_1_375' title='bbox 922 2636 1037 2677; x_wconf 82' lang='lat' dir='ltr'>Supple</span> <span class='ocrx_word' id='word_1_376' title='bbox 1073 2638 1112 2666; x_wconf 74' lang='lat' dir='ltr'>ml</span> 
     </span>
     <span class='ocr_line' id='line_1_53' title="bbox 426 2679 1113 2712; baseline -0.004 -1"><span class='ocrx_word' id='word_1_377' title='bbox 426 2686 497 2712; x_wconf 86' lang='lat' dir='ltr'>ante</span> <span class='ocrx_word' id='word_1_378' title='bbox 529 2687 661 2711; x_wconf 78' lang='lat' dir='ltr'>centum.-</span> <span class='ocrx_word' id='word_1_379' title='bbox 697 2679 745 2710; x_wconf 85' lang='lat' dir='ltr'>vel</span> <span class='ocrx_word' id='word_1_380' title='bbox 780 2680 905 2709; x_wconf 73' lang='lat' dir='ltr'>fortasse</span> <span class='ocrx_word' id='word_1_381' title='bbox 937 2679 1001 2709; x_wconf 83' lang='lat' dir='ltr'>haec</span> <span class='ocrx_word' id='word_1_382' title='bbox 1034 2679 1113 2709; x_wconf 88' lang='lat' dir='ltr'>notis</span> 
     </span>
     <span class='ocr_line' id='line_1_54' title="bbox 430 2720 1115 2763; baseline -0.007 -8"><span class='ocrx_word' id='word_1_383' title='bbox 430 2734 621 2755; x_wconf 86' lang='lat' dir='ltr'>numerorum</span> <span class='ocrx_word' id='word_1_384' title='bbox 664 2722 779 2763; x_wconf 87' lang='lat' dir='ltr'>scripta</span> <span class='ocrx_word' id='word_1_385' title='bbox 817 2732 835 2751; x_wconf 79' lang='lat' dir='ltr'>a</span> <span class='ocrx_word' id='word_1_386' title='bbox 870 2720 959 2752; x_wconf 87' lang='lat' dir='ltr'>Livio</span> <span class='ocrx_word' id='word_1_387' title='bbox 1000 2721 1115 2751; x_wconf 76' lang='lat' dir='ltr'>librarii</span> 
     </span>
     <span class='ocr_line' id='line_1_55' title="bbox 428 2765 1114 2807; baseline -0.004 -10"><span class='ocrx_word' id='word_1_388' title='bbox 428 2772 534 2807; x_wconf 77' lang='lat' dir='ltr'>postea</span> <span class='ocrx_word' id='word_1_389' title='bbox 557 2765 731 2797; x_wconf 87' lang='lat' dir='ltr'>nominibus</span> <span class='ocrx_word' id='word_1_390' title='bbox 754 2769 977 2807; x_wconf 80' lang='lat' dir='ltr'>expresserunt.</span> <span class='ocrx_word' id='word_1_391' title='bbox 1021 2765 1114 2794; x_wconf 86' lang='lat' dir='ltr'>Cete-</span> 
     </span>
     <span class='ocr_line' id='line_1_56' title="bbox 428 2806 1115 2839; baseline -0.006 0"><span class='ocrx_word' id='word_1_392' title='bbox 428 2819 494 2838; x_wconf 83' lang='lat' dir='ltr'>rum</span> <span class='ocrx_word' id='word_1_393' title='bbox 512 2808 628 2839; x_wconf 86' lang='lat' dir='ltr'>nummi</span> <span class='ocrx_word' id='word_1_394' title='bbox 652 2807 737 2839; x_wconf 84' lang='lat' dir='ltr'>aurei</span> <span class='ocrx_word' id='word_1_395' title='bbox 755 2808 889 2838; x_wconf 82' lang='lat'>140000.</span> <span class='ocrx_word' id='word_1_396' title='bbox 905 2806 1044 2837; x_wconf 77' lang='lat' dir='ltr'>efficiunt</span> <span class='ocrx_word' id='word_1_397' title='bbox 1058 2806 1115 2836; x_wconf 86' lang='lat' dir='ltr'>mi-</span> 
     </span>
     <span class='ocr_line' id='line_1_57' title="bbox 428 2849 1115 2892; baseline -0.003 -11"><span class='ocrx_word' id='word_1_398' title='bbox 428 2861 483 2881; x_wconf 80' lang='lat' dir='ltr'>nas</span> <span class='ocrx_word' id='word_1_399' title='bbox 497 2853 590 2883; x_wconf 80' lang='lat'>2800.</span> <span class='ocrx_word' id='word_1_400' title='bbox 603 2851 683 2892; x_wconf 85' lang='lat' dir='ltr'>(vid.</span> <span class='ocrx_word' id='word_1_401' title='bbox 701 2855 762 2882; x_wconf 88' lang='lat' dir='ltr'>not.</span> <span class='ocrx_word' id='word_1_402' title='bbox 775 2851 825 2881; x_wconf 79' lang='lat'>82.</span> <span class='ocrx_word' id='word_1_403' title='bbox 839 2849 878 2880; x_wconf 84' lang='lat' dir='ltr'>ad</span> <span class='ocrx_word' id='word_1_404' title='bbox 894 2849 946 2881; x_wconf 85' lang='lat' dir='ltr'>lib.</span> <span class='ocrx_word' id='word_1_405' title='bbox 961 2849 1115 2881; x_wconf 74' lang='lat' dir='ltr'>XXXIV.</span> 
     </span>
    </p>
   </div>
   <div class='ocr_carea' id='block_1_7' title="bbox 1152 2336 1842 2805">
    <p class='ocr_par' dir='ltr' id='par_1_10' title="bbox 1152 2336 1833 2421">
     <span class='ocr_line' id='line_1_58' title="bbox 1193 2336 1833 2376; baseline -0.003 -8"><span class='ocrx_word' id='word_1_406' title='bbox 1193 2338 1232 2368; x_wconf 85' lang='lat'>91</span> <span class='ocrx_word' id='word_1_407' title='bbox 1261 2336 1354 2371; x_wconf 79' lang='lat' dir='ltr'>Quini</span> <span class='ocrx_word' id='word_1_408' title='bbox 1377 2338 1469 2367; x_wconf 78' lang='lat' dir='ltr'>viceni</span> <span class='ocrx_word' id='word_1_409' title='bbox 1491 2336 1620 2376; x_wconf 77' lang='lat' dir='ltr'>denarii]</span> <span class='ocrx_word' id='word_1_410' title='bbox 1652 2336 1761 2366; x_wconf 80' lang='lat' dir='ltr'>&#39;l&#39;ernae</span> <span class='ocrx_word' id='word_1_411' title='bbox 1785 2346 1833 2366; x_wconf 87' lang='lat' dir='ltr'>ar-</span> 
     </span>
     <span class='ocr_line' id='line_1_59' title="bbox 1152 2378 1779 2421; baseline -0.002 -11"><span class='ocrx_word' id='word_1_412' title='bbox 1152 2379 1236 2421; x_wconf 83' lang='lat' dir='ltr'>genti</span> <span class='ocrx_word' id='word_1_413' title='bbox 1252 2379 1349 2410; x_wconf 80' lang='lat' dir='ltr'>unciae</span> <span class='ocrx_word' id='word_1_414' title='bbox 1366 2384 1515 2409; x_wconf 84' lang='lat' dir='ltr'>nostrates</span> <span class='ocrx_word' id='word_1_415' title='bbox 1529 2388 1598 2410; x_wconf 90' lang='lat' dir='ltr'>cum</span> <span class='ocrx_word' id='word_1_416' title='bbox 1613 2378 1716 2419; x_wconf 85' lang='lat' dir='ltr'>granis</span> <span class='ocrx_word' id='word_1_417' title='bbox 1729 2380 1779 2409; x_wconf 83' lang='grc'>72.</span> 
     </span>
    </p>

    <p class='ocr_par' dir='ltr' id='par_1_11' title="bbox 1153 2421 1836 2592">
     <span class='ocr_line' id='line_1_60' title="bbox 1195 2421 1833 2468; baseline -0.002 -15"><span class='ocrx_word' id='word_1_418' title='bbox 1195 2423 1236 2453; x_wconf 89' lang='grc'>92</span> <span class='ocrx_word' id='word_1_419' title='bbox 1262 2422 1368 2452; x_wconf 78' lang='grc' dir='ltr'><em>Ρνα·[ἰο</em></span> <span class='ocrx_word' id='word_1_420' title='bbox 1392 2424 1421 2451; x_wconf 84' lang='lat' dir='ltr'>in</span> <span class='ocrx_word' id='word_1_421' title='bbox 1448 2423 1517 2451; x_wconf 78' lang='lat' dir='ltr'>Asia</span> <span class='ocrx_word' id='word_1_422' title='bbox 1535 2421 1633 2468; x_wconf 72' lang='lat' dir='ltr'>screto,</span> <span class='ocrx_word' id='word_1_423' title='bbox 1656 2423 1763 2461; x_wconf 70' lang='lat' dir='ltr'>duplex</span> <span class='ocrx_word' id='word_1_424' title='bbox 1783 2423 1833 2452; x_wconf 84' lang='lat' dir='ltr'>de-</span> 
     </span>
     <span class='ocr_line' id='line_1_61' title="bbox 1154 2462 1836 2507; baseline -0.001 -12"><span class='ocrx_word' id='word_1_425' title='bbox 1154 2466 1253 2506; x_wconf 83' lang='lat' dir='ltr'>derat]</span> <span class='ocrx_word' id='word_1_426' title='bbox 1288 2464 1419 2495; x_wconf 66' lang='lat' dir='ltr'>Yidetur</span> <span class='ocrx_word' id='word_1_427' title='bbox 1442 2462 1591 2495; x_wconf 81' lang='lat' dir='ltr'>excidisse</span> <span class='ocrx_word' id='word_1_428' title='bbox 1615 2464 1719 2505; x_wconf 88' lang='lat' dir='ltr'>aliqua</span> <span class='ocrx_word' id='word_1_429' title='bbox 1741 2464 1836 2507; x_wconf 86' lang='lat' dir='ltr'>parti-</span> 
     </span>
     <span class='ocr_line' id='line_1_62' title="bbox 1156 2506 1836 2547; baseline 0 -9"><span class='ocrx_word' id='word_1_430' title='bbox 1156 2508 1237 2543; x_wconf 87' lang='lat' dir='ltr'>cula,</span> <span class='ocrx_word' id='word_1_431' title='bbox 1267 2512 1301 2537; x_wconf 92' lang='lat' dir='ltr'>ut</span> <span class='ocrx_word' id='word_1_432' title='bbox 1328 2517 1446 2547; x_wconf 82' lang='lat' dir='ltr'>quoque,</span> <span class='ocrx_word' id='word_1_433' title='bbox 1473 2506 1521 2536; x_wconf 69' lang='lat' dir='ltr'>vel</span> <span class='ocrx_word' id='word_1_434' title='bbox 1552 2509 1661 2543; x_wconf 77' lang='lat' dir='ltr'>itidem,</span> <span class='ocrx_word' id='word_1_435' title='bbox 1687 2507 1738 2538; x_wconf 89' lang='lat' dir='ltr'>vel</span> <span class='ocrx_word' id='word_1_436' title='bbox 1755 2509 1836 2547; x_wconf 79' lang='lat' dir='ltr'>jam,</span> 
     </span>
     <span class='ocr_line' id='line_1_63' title="bbox 1153 2550 1569 2592; baseline 0 -12"><span class='ocrx_word' id='word_1_437' title='bbox 1153 2561 1222 2592; x_wconf 80' lang='lat' dir='ltr'>quae</span> <span class='ocrx_word' id='word_1_438' title='bbox 1235 2550 1381 2592; x_wconf 80' lang='lat' dir='ltr'>jungatur</span> <span class='ocrx_word' id='word_1_439' title='bbox 1398 2551 1440 2589; x_wconf 63' lang='grc' dir='ltr'>τῷ·</span> <span class='ocrx_word' id='word_1_440' title='bbox 1453 2550 1569 2588; x_wconf 80' lang='lat' dir='ltr'>dupler.</span> 
     </span>
    </p>

    <p class='ocr_par' dir='ltr' id='par_1_12' title="bbox 1154 2591 1842 2805">
     <span class='ocr_line' id='line_1_64' title="bbox 1196 2591 1837 2633; baseline -0.002 -9"><span class='ocrx_word' id='word_1_441' title='bbox 1196 2594 1236 2624; x_wconf 86' lang='lat'>93</span> <span class='ocrx_word' id='word_1_442' title='bbox 1263 2593 1409 2632; x_wconf 78' lang='lat' dir='ltr'>Cogitanti</span> <span class='ocrx_word' id='word_1_443' title='bbox 1438 2593 1533 2631; x_wconf 80' lang='lat' dir='ltr'>itaque</span> <span class='ocrx_word' id='word_1_444' title='bbox 1563 2592 1667 2633; x_wconf 79' lang='lat' dir='ltr'>Fabia]</span> <span class='ocrx_word' id='word_1_445' title='bbox 1705 2591 1837 2633; x_wconf 88' lang='lat' dir='ltr'>Conjec-</span> 
     </span>
     <span class='ocr_line' id='line_1_65' title="bbox 1154 2634 1838 2677; baseline -0.001 -11"><span class='ocrx_word' id='word_1_446' title='bbox 1154 2641 1224 2666; x_wconf 86' lang='lat' dir='ltr'>tura</span> <span class='ocrx_word' id='word_1_447' title='bbox 1252 2634 1376 2675; x_wconf 82' lang='lat' dir='ltr'>Sigonii.</span> <span class='ocrx_word' id='word_1_448' title='bbox 1422 2634 1532 2676; x_wconf 88' lang='lat' dir='ltr'>Scripti</span> <span class='ocrx_word' id='word_1_449' title='bbox 1564 2635 1679 2666; x_wconf 88' lang='lat' dir='ltr'>habent</span> <span class='ocrx_word' id='word_1_450' title='bbox 1707 2637 1838 2677; x_wconf 80' lang='lat' dir='ltr'>cogitan-</span> 
     </span>
     <span class='ocr_line' id='line_1_66' title="bbox 1156 2677 1840 2719; baseline 0 -11"><span class='ocrx_word' id='word_1_451' title='bbox 1156 2681 1233 2719; x_wconf 80' lang='lat' dir='ltr'>tique</span> <span class='ocrx_word' id='word_1_452' title='bbox 1260 2677 1364 2707; x_wconf 79' lang='lat' dir='ltr'>Fabio:</span> <span class='ocrx_word' id='word_1_453' title='bbox 1396 2677 1477 2707; x_wconf 89' lang='lat' dir='ltr'>unde</span> <span class='ocrx_word' id='word_1_454' title='bbox 1504 2677 1667 2718; x_wconf 87' lang='lat' dir='ltr'>legendum</span> <span class='ocrx_word' id='word_1_455' title='bbox 1695 2684 1840 2719; x_wconf 84' lang='lat' dir='ltr'>putamus</span> 
     </span>
     <span class='ocr_line' id='line_1_67' title="bbox 1161 2720 1842 2761; baseline 0.001 -11"><span class='ocrx_word' id='word_1_456' title='bbox 1161 2721 1308 2760; x_wconf 73' lang='lat' dir='ltr'>Cogitanti</span> <span class='ocrx_word' id='word_1_457' title='bbox 1346 2720 1382 2754; x_wconf 86' lang='lat' dir='ltr'>Q.</span> <span class='ocrx_word' id='word_1_458' title='bbox 1412 2720 1509 2750; x_wconf 73' lang='lat' dir='ltr'>Fabio.</span> <span class='ocrx_word' id='word_1_459' title='bbox 1562 2721 1649 2751; x_wconf 87' lang='lat' dir='ltr'>Nihil</span> <span class='ocrx_word' id='word_1_460' title='bbox 1686 2720 1842 2761; x_wconf 84' lang='lat' dir='ltr'>vulgarius</span> 
     </span>
     <span class='ocr_line' id='line_1_68' title="bbox 1159 2762 1841 2805; baseline 0 -12"><span class='ocrx_word' id='word_1_461' title='bbox 1159 2763 1215 2793; x_wconf 81' lang='lat' dir='ltr'>hoc</span> <span class='ocrx_word' id='word_1_462' title='bbox 1231 2772 1339 2803; x_wconf 77' lang='lat' dir='ltr'>genere</span> <span class='ocrx_word' id='word_1_463' title='bbox 1354 2762 1457 2793; x_wconf 86' lang='lat' dir='ltr'>mendi</span> <span class='ocrx_word' id='word_1_464' title='bbox 1475 2763 1505 2793; x_wconf 91' lang='lat' dir='ltr'>in</span> <span class='ocrx_word' id='word_1_465' title='bbox 1520 2763 1652 2805; x_wconf 77' lang='lat' dir='ltr'>scriptis,</span> <span class='ocrx_word' id='word_1_466' title='bbox 1688 2763 1762 2794; x_wconf 71' lang='lat' dir='ltr'>Vid.</span> <span class='ocrx_word' id='word_1_467' title='bbox 1777 2769 1841 2794; x_wconf 88' lang='lat' dir='ltr'>not.</span> 
     </span>
    </p>
   </div>
   <div class='ocr_carea' id='block_1_8' title="bbox 1158 2805 1841 2878">
    <p class='ocr_par' dir='ltr' id='par_1_13' title="bbox 1158 2805 1841 2878">
     <span class='ocr_line' id='line_1_69' title="bbox 1158 2805 1841 2878; baseline 0.003 -43"><span class='ocrx_word' id='word_1_468' title='bbox 1158 2807 1210 2878; x_wconf 52' lang='grc' dir='ltr'>ἓξ.</span> <span class='ocrx_word' id='word_1_469' title='bbox 1227 2805 1266 2837; x_wconf 89' lang='lat' dir='ltr'>ad</span> <span class='ocrx_word' id='word_1_470' title='bbox 1279 2805 1388 2837; x_wconf 90' lang='lat' dir='ltr'>XXII.</span> <span class='ocrx_word' id='word_1_471' title='bbox 1404 2806 1455 2836; x_wconf 79' lang='lat'>24.</span> <span class='ocrx_word' id='word_1_472' title='bbox 1468 2811 1497 2837; x_wconf 87' lang='lat' dir='ltr'>et</span> <span class='ocrx_word' id='word_1_473' title='bbox 1510 2812 1573 2838; x_wconf 87' lang='lat' dir='ltr'>not.</span> <span class='ocrx_word' id='word_1_474' title='bbox 1585 2808 1636 2838; x_wconf 77' lang='lat'>89.</span> <span class='ocrx_word' id='word_1_475' title='bbox 1654 2805 1693 2836; x_wconf 88' lang='lat' dir='ltr'>ad</span> <span class='ocrx_word' id='word_1_476' title='bbox 1708 2806 1841 2837; x_wconf 88' lang='lat' dir='ltr'>XXIII.</span> 
     </span>
    </p>
   </div>
   <div class='ocr_carea' id='block_1_9' title="bbox 1924 588 1947 2619">
    <p class='ocr_par' dir='ltr' id='par_1_14' title="bbox 1924 588 1947 2619">
     <span class='ocr_line' id='line_1_70' title="bbox 1924 588 1947 2619; baseline 0 0"><span class='ocrx_word' id='word_1_477' title='bbox 1924 588 1947 2619; x_wconf 95' lang='lat' dir='ltr'> </span> 
     </span>
    </p>
   </div>
  </div>
 </body>
</html>
