1947 3222
459 122 578 160 LlB.
608 120 783 159 XXXII.
822 121 897 158 CA
913 119 955 158 P.
983 119 1133 158 XXVI.
1459 122 1508 162 73

90 241 225 269 -maeus
251 238 442 285 praeerat.
500 229 804 271 ⁹⁹Adhortat0r
824 245 848 271 a
876 228 1077 285 praefecto
1106 227 1222 284 regio
1250 228 1414 279 missus,
1436 227 1511 285 qui
1525 239 1565 271 u.
1580 238 1618 270 C.
1633 239 1713 270 554.

93 285 291 327 excedere
321 286 424 327 urbe
453 286 638 342 juberet,
671 286 706 338 (²
719 302 855 342 neque
890 286 1000 327 enim
1034 299 1155 341 pares
1190 299 1259 325 eos
1293 285 1515 349 opidanis
1526 282 1621 315 A.C.
1637 282 1711 313 198.

93 340 205 391 solis,
227 343 300 397 qui
328 342 436 384 idem
462 343 578 398 quod
599 343 854 384 Macedones
882 343 1097 392 sentirent,
1117 340 1274 382 nedum
1304 356 1328 380 a
1354 342 1516 397 ¹junctis

97 398 415 449 Macedonibus,
437 415 538 450 esse,
560 415 667 456 quos
696 415 747 441 ne
769 399 949 441 Romani
980 398 1151 455 quidem
1181 396 1235 438 ad
1261 397 1518 440 Corinthum

96 455 405 510 sustinuissent)
427 456 564 512 primo
583 456 703 507 nihil,
724 472 798 498 nec
820 457 984 507 ducem,
1006 471 1081 497 nec
1101 455 1213 511 ipsos
1233 453 1390 495 movit:
1423 463 1520 509 post

96 511 252 566 paullo,
275 520 322 553 ut
348 513 533 568 Argivos
554 529 725 569 quoque
754 521 935 555 armatos
964 528 1017 554 ex
1045 519 1166 569 parte
1196 510 1328 552 altera
1353 511 1522 552 venien-

97 575 159 608 tes
197 583 348 624 magno
387 571 552 625 agmine
594 570 804 621 viderunt,
835 578 989 612 certam
1028 568 1253 625 perniciem
1289 575 1520 619 cernentes,

97 639 261 665 omnem
304 632 443 667 tamen
488 642 645 677 casum,
687 627 719 668 si
768 627 1020 683 pertinacior
1064 625 1152 666 dux
1201 624 1366 675 fuisset,
1406 623 1524 671 videf-

97 680 251 722 bantur
286 682 480 724 subituri.
543 685 854 734 AEnesidemus‚
887 699 938 724 ne
973 682 1049 724 flos
1085 682 1341 723 Achaeorum
1370 680 1522 736 juven-

98 736 202 777 tutis
232 737 356 779 simul
386 755 482 781 cum
510 741 615 783 urbe
645 741 924 791 amitteretur,
945 747 1094 796 pactus
1124 753 1220 780 cum
1247 737 1450 788 Philocle,
1472 745 1522 779 ut

96 792 211 834 abire
231 794 311 836 illis
341 795 497 847 liceret,
520 797 622 854 ipse,
644 813 730 854 quo
759 797 850 838 loco
877 804 1047 839 steterat
1069 803 1388 844 armatus,=cum
1416 809 1523 851 pau-

96 849 155 891 cis
185 850 406 893 clientibus
435 869 519 895 non
549 855 735 896 excessit.
797 854 958 895 Missus
987 869 1012 893 a
1037 852 1234 902 Philocle,
1257 850 1331 906 qui
1361 865 1524 907 quaere-

97 914 176 957 ret,
198 908 305 963 quid
335 910 413 950 sibi
436 911 591 952 vellet?
621 911 754 951 ²nihil
784 911 912 959 fatus,
935 908 1242 958 tantummodo,
1264 922 1399 962 quum
1427 923 1524 964 pro-

92 963 207 1018 jecto
236 979 324 1020 prae
345 981 386 1007 se
407 966 539 1023 clipeo
560 974 702 1017 staret,
725 968 768 1007 in
792 967 993 1020 praesidio
1020 966 1186 1006 creditae
1214 963 1326 1003 urbis
1354 966 1524 1005 morita-

100 1034 186 1060 rum
206 1035 247 1061 se
266 1030 482 1072 armatum,
504 1023 730 1080 respondit.
762 1031 854 1065 tum
878 1023 1002 1079 jussu
1027 1020 1216 1078 praefecti
1236 1035 1262 1061 a
1283 1020 1524 1063 Thracibus

101 1078 288 1133 conjecta
321 1079 417 1129 tela,
447 1080 742 1136 interfectique
776 1095 930 1121 omnes.
992 1080 1052 1120 Et
1086 1086 1182 1135 post
1217 1084 1384 1133 pactam
1414 1078 1524 1120 inter

102 1134 282 1175 Achaeos
311 1143 352 1176 et
374 1136 586 1177 Romanos
616 1137 853 1178 societatem
885 1136 982 1177 duae
1014 1134 1282 1176 nobilissimae
1317 1134 1523 1185 civitates,

102 1190 211 1245 Argi
240 1199 282 1232 et
314 1192 557 1243 Corinthus,
580 1195 623 1235 in
652 1201 859 1250 potestate
888 1193 997 1249 regis
1027 1200 1158 1234 erant.
1219 1192 1326 1232 Haec
1356 1191 1409 1232 ab
1438 1191 1525 1232 Ro-

101 1246 232 1288 manis
252 1264 300 1288 ea
320 1258 464 1291 aestate
484 1249 527 1290 in
550 1251 717 1292 Graecia
736 1258 848 1292 terra
867 1250 1057 1306 marique
1077 1256 1207 1305 gesta.

159 1304 336 1346 XXVI.
371 1307 423 1347 In
458 1307 598 1348 Gallia
630 1308 734 1348 nihil
770 1323 866 1349 sane
901 1305 1169 1348 memorabile
1204 1306 1257 1347 ab
1290 1306 1384 1346 Sex.
1408 1305 1524 1347 AElio
1538 1312 1742 1345 ResGalliae.

101 1361 269 1402 consule
297 1371 476 1418 gestum.
510 1379 644 1420 quum
675 1365 781 1406 duos
811 1365 1020 1405 exercitus
1049 1363 1092 1403 in
1119 1362 1335 1419 provincia
1354 1361 1525 1403 habuis-

100 1425 177 1467 set,
199 1433 331 1460 unum
355 1428 580 1472 retentum,
603 1437 729 1477 quem
759 1421 916 1462 dimitti
945 1420 1181 1477 oportebat,
1203 1420 1271 1461 cui
1295 1420 1346 1460 L.
1371 1420 1526 1460 Corne-

102 1473 185 1515 lius
218 1477 441 1530 proconsul
476 1478 720 1534 praefuerat,
754 1478 861 1534 (ipse
891 1477 928 1518 ei
957 1476 1037 1518 ³C.
1061 1476 1264 1517 Helvium
1299 1483 1526 1532 praetorem

102 1531 312 1587 praefecit)
353 1533 547 1585 alterum,
579 1550 704 1590 quem
744 1534 786 1574 in
829 1533 1085 1589 provinciam
1126 1532 1335 1580 adduxit3
1387 1540 1526 1574 totum

104 1601 235 1643 prope
264 1604 419 1630 annum
444 1591 792 1632 Cremonensibus
824 1590 1160 1645 Placentinisque
1181 1588 1406 1645 *cogendis
1435 1589 1528 1630 red-

105 1643 165 1684 ire
194 1644 235 1684 in
266 1646 460 1697 colonias,
484 1648 595 1689 unde
629 1648 728 1689 belli
758 1647 921 1688 casibus
956 1646 1144 1701 dissipati
1180 1654 1313 1696 erant,
1338 1660 1530 1686 consum-

106 1699 170 1741 sit.
233 1703 595 1751 Quemadmodum
633 1704 770 1746 Gallia
809 1712 964 1760 praeter
1004 1718 1118 1759 spem
1159 1702 1304 1758 quieta
1337 1717 1386 1743 eo
1420 1717 1529 1743 anno

104 1756 203 1807 fuit,
224 1757 284 1799 ita
310 1759 418 1800 circa
447 1761 594 1802 urbem
625 1761 784 1802 servilis
813 1776 944 1817 prope
974 1759 1185 1802 tumultus
1215 1758 1422 1800 excitatus
1451 1767 1525 1801 est.
1540 1769 1666 1802 servilis
1679 1774 1729 1802 tu-

104 1812 311 1857 ⁵Obsides
343 1817 757 1874 Karthaginiensium
788 1817 912 1859 Setiae
941 1816 1298 1858 custodiebantur.
1331 1831 1428 1857 cum
1461 1815 1526 1867 iis,
1539 1814 1667 1846 multus.

106 1877 154 1911 ut
188 1871 423 1929 principum
461 1874 615 1925 liberis,
646 1890 798 1932 magna
831 1874 894 1916 vis
930 1888 1143 1915 servorum
1179 1880 1279 1914 erat.
1315 1872 1529 1931 augebant

104 1942 249 1969 eorum
284 1945 520 1982 numerum,
552 1940 600 1974 ut
635 1932 688 1974 ab
719 1932 875 1973 recenti
901 1930 1049 1972 Africo
1082 1929 1208 1981 bello,
1236 1929 1307 1972 ⁶et
1337 1930 1392 1971 ab
1427 1929 1529 1987 ipsis

150 2051 193 2082 99
215 2052 408 2094 Adhortator]
443 2054 522 2085 Haec
544 2065 604 2086 vox
627 2054 711 2085 haud
736 2053 793 2084 im-

110 2094 218 2125 merito
246 2094 388 2137 displicet
414 2097 587 2129 Gronovio:
619 2097 672 2138 qui
699 2108 795 2139 quum

109 2137 252 2178 repererit
273 2138 305 2168 in
326 2149 389 2170 uno
412 2139 519 2171 codice
543 2143 581 2171 ad
604 2142 651 2171 hos
674 2147 794 2176 tractor,

109 2189 179 2210 vere
193 2181 317 2212 omnino
332 2183 489 2217 emendat,
505 2185 544 2213 ad
558 2184 605 2214 hos
618 2190 724 2214 orator.

156 2224 312 2265 l'Neque
345 2227 437 2267 enim]
483 2227 596 2267 Neque
629 2226 711 2257 enim
744 2236 796 2257 eos

110 2275 200 2307 pares
220 2277 286 2298 esse
300 2268 349 2300 vel
371 2269 443 2300 solis
465 2269 638 2311 oppidanis,
652 2268 706 2310 qui
728 2279 795 2300 om-

111 2318 167 2339 nes
191 2320 246 2351 pro
267 2311 480 2344 Macedonum
505 2311 644 2354 partibus
670 2317 796 2347 starent,

110 2351 226 2383 nedum
241 2364 329 2395 pares
343 2360 445 2386 essent
463 2355 580 2396 junctis
602 2355 694 2385 simul
710 2354 797 2396 oppi-

112 2395 201 2426 danis
216 2402 247 2427 et
263 2398 506 2429 Macedonibus.

880 2055 900 2083 4
925 2054 1067 2095 Cogendis
1100 2054 1197 2083 redire
1229 2054 1262 2082 in
1297 2051 1437 2093 colonias]
1475 2051 1528 2082 Li-

838 2097 947 2127 benter
981 2095 1198 2127 assentiremur
1227 2095 1383 2129 Gronovio
1412 2094 1528 2126 delenti

839 2149 1101 2182 supervacaneum
1133 2138 1262 2169 verbum
1293 2139 1400 2169 redire.
1453 2137 1530 2169 vid.

839 2188 904 2213 not.
919 2183 969 2213 10.
986 2182 1025 2212 ad
1039 2192 1067 2212 c.
1079 2183 1111 2213 2.
1126 2191 1230 2222 supra.

881 2227 902 2256 5
940 2225 1055 2256 Obsides
1101 2224 1393 2265 Carthaginiensium
1441 2224 1531 2254 Setia,

839 2268 1092 2309 custodiebantur]
1138 2268 1250 2309 Supra,
1281 2277 1310 2297 c.
1340 2267 1371 2296 2.
1407 2266 1531 2298 obsides

842 2311 1147 2352 Carthaginiensium
1180 2311 1220 2341 ab
1253 2309 1362 2340 Norba
1390 2309 1531 2350 Signiam

842 2359 873 2384 et
887 2354 1087 2385 Ferentinum
1106 2352 1240 2384 traducti
1262 2352 1419 2383 dicuntur.
1463 2353 1530 2383 Ita-

841 2407 902 2437 que
924 2397 975 2427 vel
997 2397 1096 2438 priore
1119 2396 1173 2426 illo
1199 2395 1267 2426 loco
1289 2394 1457 2435 legendum
1480 2396 1530 2426 Se-

154 2439 174 2470 2
199 2439 284 2469 Nihil
296 2440 388 2482 fatus
403 2464 411 2472 .
428 2463 436 2472 .
450 2442 612 2483 respondit]
637 2441 716 2471 Haec
737 2451 798 2471 non

107 2480 193 2511 -bene
221 2481 299 2513 inter
325 2494 358 2514 se
386 2484 591 2515 conveniunt:
626 2483 799 2525 frustraque

113 2527 212 2554 tentat
250 2526 412 2557 manifeste
454 2527 596 2558 vitiosam
637 2526 800 2558 lectionem

115 2564 276 2610 defendere
289 2568 474 2601 Gronovius.
518 2570 608 2601 Idem
624 2570 712 2600 affert
726 2580 800 2600 con-

109 2614 262 2647 Jecturam
285 2611 341 2642 viri
368 2612 450 2643 docti
478 2613 604 2643 minime
632 2623 800 2654 aspernan-

115 2651 206 2682 dam:
246 2654 332 2684 Nihil
366 2662 446 2686 statu
481 2663 602 2691 mutam,
634 2656 682 2687 vel
717 2662 800 2691 moto,

115 2706 204 2735 quum
216 2699 342 2736 projecto
357 2720 366 2729 .
383 2721 390 2728 .
407 2721 417 2730 .

160 2739 180 2768 3
205 2739 238 2769 C.
263 2740 419 2782 Helvium]
458 2741 601 2783 Sigonius
628 2752 716 2772 suum
745 2751 800 2772 no-

116 2791 188 2811 men
211 2780 282 2812 huie
305 2784 426 2826 praetori
450 2784 582 2815 restituit
603 2795 639 2815 ex
664 2795 753 2826 capp.
769 2785 801 2814 7.

118 2829 149 2854 et
173 2826 202 2854 8.
226 2823 316 2865 hujus
341 2825 422 2857 libri.
466 2827 527 2858 Hic
554 2832 695 2870 corrupte
719 2827 801 2868 lege·

118 2867 209 2898 batur
225 2868 259 2898 C.
276 2868 399 2899 AElium.

842 2441 914 2469 ziam
958 2450 1013 2480 pro
1059 2440 1202 2480 Signiam,
1244 2438 1293 2469 vel
1337 2437 1531 2480 intelligendi

842 2488 914 2512 sunt
947 2481 1080 2512 traducti
1113 2492 1233 2512 rursum
1265 2481 1306 2511 ab
1337 2480 1444 2522 Signia
1474 2481 1531 2512 Se-

844 2530 931 2555 tiam.

887 2567 986 2598 6¹*Et
1011 2569 1046 2598 ab
1068 2567 1135 2606 ipsis
1159 2566 1281 2607 Setinis]
1317 2565 1357 2596 Et
1382 2565 1441 2597 hoc
1463 2566 1532 2596 loco

845 2617 892 2641 est
918 2612 1017 2641 etiam.
1062 2611 1185 2652 Nempe
1212 2615 1324 2651 praeter
1349 2618 1452 2639 servos
1476 2609 1530 2639 ob-

846 2653 944 2684 sidum
988 2652 1303 2694 Carthaginiensium,
1343 2651 1433 2681 multi
1478 2650 1532 2681 alii

846 2697 925 2727 servi
959 2695 1097 2737 ejusdem
1133 2694 1268 2726 nationis
1302 2698 1390 2725 erant
1426 2692 1529 2729 Setiae,

844 2739 963 2770 scilicet
983 2738 1097 2780 captivi
1116 2738 1269 2780 empti-ex
1291 2735 1408 2778 praeda,
1422 2740 1529 2777 utpote

845 2793 940 2823 quum
969 2792 1075 2813 recens
1102 2781 1205 2812 adhuc
1235 2785 1325 2814 esset,
1349 2788 1404 2809 nec
1432 2778 1529 2810 multo

847 2830 919 2856 ante
944 2824 1077 2861 finitum,
1099 2824 1217 2855 bellum
1245 2821 1390 2853 adversus
1415 2821 1532 2853 Poenos

836 2885 838 2888 ·
848 2868 1012 2907 Afrosque.
