1947 3222
574 140 695 177 L113.
723 137 916 175 XXXVI.
961 138 1091 177 CAP.
1124 139 1176 176 11.
1502 147 1577 186 2³7

173 248 365 302 Romam,
387 263 530 305 eaeque
554 248 726 289 urbanae
755 246 936 303 legiones
956 255 1091 288 essent
1112 256 1283 302 paratae,
1304 264 1390 305 quo
1410 260 1576 294 senatus
1586 259 1677 335 H‘g'
1690 260 1765 334 {g}-

170 307 405 348 censuisset.

230 363 292 403 II.
316 362 396 403 His
425 362 484 403 ita
512 361 554 402 in
585 369 730 402 senatu
751 359 827 401 ⁵ad
856 359 913 408 id,
937 375 1034 416 quae
1063 360 1184 416 cujus
1213 362 1424 417 provincia
1452 364 1575 417 foret,

169 418 358 468 decretis,
381 427 470 460 tum
500 418 669 459 demum
692 417 828 459 sortiri
859 416 1046 458 consules
1066 417 1235 474 placuit.
1297 420 1435 460 Acilio
1458 422 1576 462 Grae-

169 476 245 525 cia,
269 475 460 516 Cornelio
483 475 608 516 Italia
631 474 779 516 evenit.
843 476 969 515 Certa
997 474 1146 515 deinde
1176 484 1285 516 sorte
1315 484 1575 518 senatuscon-

170 532 325 573 sultum
346 532 504 573 factum
525 540 609 573 est:
643 530 765 585 ⁶qzcod
786 533 960 586 populus
980 531 1188 572 Romanus
1207 546 1252 573 eo
1271 538 1445 586 tempore
1465 535 1575 574 duel-

170 589 246 628 lum
263 587 449 641 jussisset
469 603 549 629 esse
566 603 650 629 cum
675 603 766 642 rege
786 588 1017 636 Antioc-hob,
1042 590 1187 643 quique
1215 589 1284 630 sub
1305 591 1475 643 imperio
1495 590 1577 643 <jus

169 651 306 694 essent,
329 651 372 684 ut
393 644 475 699 ejus
495 647 558 686 rei
583 660 722 686 caussa
749 646 1082 698 supplicationem
1110 650 1354 699 imperarent
1384 649 1579 689 consules.-

167 702 304 755 ulique
325 701 409 742 Μ’,
432 702 590 743 Acilius
609 704 745 743 consul
763 704 877 744 ludos
905 717 1068 756 magnos
1097 704 1195 745 Jovi
1221 710 1389 753 voveret,
1412 711 1448 745 et
1474 706 1580 745 dona

166 760 224 798 ad
241 760 376 799 omnia
391 761 646 812 pulvinaria.
710 760 764 800 Id
784 767 930 801 votum
951 759 992 800 in
1015 760 1104 800 haec
1124 761 1266 811 verba,
1288 770 1502 818 praeeunte
1531 763 1578 803 P.

168 815 330 857 Licinio
359 817 555 872 pontifice
585 816 781 866 maximo,
813 816 956 857 consul
990 817 1272 873 nuncupavit:
1320 819 1367 859 Si
1395 820 1579 868 duellum,

167 875 273 926 quod
299 887 383 914 cum
407 875 602 915 Antiocho
632 888 724 928 rege
753 876 855 914 sumi
879 874 1052 926 populus
1066 873 1208 927 jussit,
1230 876 1276 914 id
1304 890 1353 915 ex
1381 878 1581 917 sententia

167 936 326 971 senatus
349 932 572 984 populique
603 931 780 971 Romani
801 931 1018 984 corfi’ctum
1050 932 1128 971 erit
1136 953 1150 977 ‚·
1184 938 1263 972 tum
1285 932 1376 982 tibi,
1398 934 1580 985 Jupiter,

159 989 333 1040 populus
361 989 566 1029 Romanus
596 989 708 1028 ludos
737 1001 901 1041 magnos
924 988 1009 1028 dies
1038 988 1166 1027 decem
1196 990 1404 1030 continuos
1415 991 1577 1044 faciet,-

167 1045 349 1099 donaque
368 1046 426 1085 ad
444 1046 577 1085 omnia
601 1045 842 1098 pulvinaria
872 1044 1075 1084 dabuntur
1104 1046 1153 1085 de
1175 1046 1363 1098 pecunia,
1387 1054 1580 1101 quantam

166 1109 327 1143 senatus
357 1104 589 1142 decreverit.
665 1101 855 1158 Quisquis
888 1103 1150 1156 magistratus
1181 1116 1245 1143 eos
1275 1104 1389 1144 ludos
1418 1107 1579 1158 quando

165 1158 309 1213 ubique
321 1160 458 1213 faxit,
492 1160 537 1199 hi
565 1160 654 1199 ludi
680 1165 786 1199 recte
809 1157 937 1209 facti,
973 1159 1156 1213 donaque
1190 1160 1290 1200 data
1320 1167 1424 1201 recle
1450 1169 1578 1203 sunto.

169 1216 427 1272 Supplicatio
456 1216 552 1256 inde
581 1215 634 1256 ab
665 1215 832 1257 duobus
861 1215 1101 1257 consulibus
1130 1215 1267 1258 edicta
1295 1232 1371 1273 per
1399 1217 1578 1260 biduum

164 1272 261 1314 fuit.
322 1272 575 1314 Consulibus
607 1272 761 1314 sortitis
788 1271 1035 1328 provincias,
1067 1273 1278 1329 extemplo
1308 1282 1348 1315 et
1378 1284 1578 1330 praetores

165 1329 298 1371 sortiti
321 1338 430 1371 sunt.
492 1331 555 1370 M.
579 1331 608 1370 J
612 1330 711 1370 unio
734 1330 869 1370 Bruto
883 1329 1122 1384 jurisdictio
1142 1338 1324 1386 utraque
1344 1333 1496 1382 evenit,
1520 1335 1576 1374 A.

166 1386 359 1427 Cornelio
390 1386 637 1427 Mammulae
669 1385 843 1435 Bruttii,
867 1386 930 1426 M.
955 1386 1129 1427 AEmilio
1151 1387 1315 1443 Lepido
1348 1388 1499 1439 Sicilia,
1524 1391 1574 1431 L.

165 1444 304 1499 Oppio
327 1442 546 1485 Salinatori
570 1443 774 1492 Sardinia,
799 1444 846 1483 C.
866 1442 990 1483 Livio
1013 1443 1233 1484 Salinatori
1255 1444 1407 1495 classis,
1431 1446 1482 1486 L.
1500 1446 1576 1486 ΖΕ-

163 1500 277 1540 milio
299 1500 448 1541 Paullo
466 1499 672 1556 Hispania
691 1499 876 1539 ulterior.
911 1498 992 1540 His
1013 1499 1070 1540 ita
1091 1500 1298 1541 exercitus
1319 1501 1485 1543 decreti.
1518 1505 1573 1544 A.

167 1556 358 1597 Cornelio
389 1557 486 1597 novi
521 1557 686 1606 milites,
720 1556 941 1612 conscripti
976 1555 1114 1612 priore
1152 1571 1259 1598 anno
1300 1573 1350 1598 ex
1391 1568 1576 1601 senatus-

165 1613 353 1654 consulto
384 1629 408 1654 a
438 1613 489 1653 L.
514 1613 708 1663 Quinctio
738 1612 919 1661 consule,
942 1613 1029 1653 dati
1061 1621 1183 1660 sunt;
1211 1613 1440 1671 jussusque
1466 1617 1574 1658 tueri

164 1685 326 1711 omnem
347 1685 460 1711 oram
489 1669 596 1711 circa
627 1671 860 1710 Tarentum
893 1669 1262 1725 Brundisiumque.
1324 1671 1375 1711 L.
1398 1671 1575 1715 AEmilio

165 1727 314 1768 Paullo
352 1727 394 1768 in
430 1726 670 1768 ulteriorem
712 1725 959 1781 Hispaniam
998 1734 1152 1781 praeter
1192 1742 1286 1767 eum
1328 1729 1571 1781 exercitum,

162 1799 287 1839 quem
315 1799 339 1824 a
371 1784 434 1824 M.
459 1783 611 1824 Fulvio
644 1791 900 1839 propraetore
931 1791 1178 1838 accepturus
1208 1793 1327 1834 esset,
1358 1785 1572 1828 decretum

163 1847 257 1891 est⁰‚
280 1848 328 1881 ut
358 1855 561 1881 novorum
591 1841 774 1881 militum
807 1840 888 1880 tria
913 1839 1043 1880 millia
1077 1840 1263 1890 duceret,
1295 1849 1335 1883 et
1368 1850 1573 1885 trecentos

163 1897 349 1953 equites;
381 1897 441 1938 ita
460 1905 508 1939 ut
529 1897 571 1937 in
592 1897 641 1938 iis
662 1897 758 1937 duae
779 1905 919 1952 partes
941 1897 1098 1937 socium
1114 1897 1256 1939 Latini
1277 1899 1469 1949 nominis,
1491 1909 1574 1941 ter-

163 1954 223 1995 tia
256 1953 410 1994 civium
447 1954 734 1994 Romanorum
774 1961 891 1994 esset.
954 1954 1074 1994 Idem
1118 1954 1397 2010 supplementi
1432 1957 1485 1997 ad
1524 1959 1570 1998 C.

164 2010 432 2060 Flaminium,
454 2011 521 2052 cui
541 2010 762 2067 imperium
793 2010 1114 2066 prorogabatur,
1135 2011 1178 2051 in
1204 2012 1454 2068 Hispaniam
1475 2014 1573 2055 cite-

161 2066 310 2108 riorem
338 2075 399 2108 est
428 2067 611 2108 missum.
673 2068 737 2108 M.
759 2066 959 2108 AEmilius
982 2067 1170 2123 Lepidus
1191 2084 1215 2108 a
1237 2069 1287 2108 L.
1306 2069 1481 2117 Valerio,
1504 2072 1571 2112 cui

163 2139 426 2165 successurus
455 2132 575 2174 esset,
607 2123 730 2165 simul
759 2123 1016 2180 provinciam
1046 2124 1358 2180 exercitumque
1388 2126 1573 2182 accipere

157 2181 324 2236 jussus:
359 2181 410 2221 L.
434 2181 660 2230 Valerium,
683 2180 716 2221 si
744 2180 804 2221 ita
832 2179 1060 2231 videretur,
1091 2196 1168 2236 pro
1194 2190 1374 2238 praetore
1403 2183 1445 2223 in
1479 2199 1573 2239 pro-

161 2238 298 2278 vincia
317 2237 508 2287 retinere,
531 2245 572 2278 et
588 2237 847 2293 provinciam
869 2236 928 2278 ita
955 2236 1154 2288 dividere,
1178 2246 1226 2279 ut
1251 2254 1335 2279 una
1364 2240 1417 2280 ab
1446 2241 1573 2296 Agri-

163 2302 288 2348 gento
323 2294 377 2335 ad
411 2294 656 2350 Pachynum
690 2302 810 2343 esset,
846 2292 976 2334 altera
1006 2309 1031 2334 a
1062 2295 1261 2350 Pachyno
1293 2296 1570 2352 Tyndarium.

164 2351 270 2392 Eam
306 2351 554 2392 maritimam
591 2366 703 2391 oram
742 2351 792 2390 L.
817 2350 1006 2391 Valerius
1040 2350 1190 2407 viginti
1224 2353 1400 2393 navibus
1438 2353 1572 2409 longis

164 2407 401 2449 custodiret.
462 2407 612 2449 Eidem
643 2406 812 2464 praetori
842 2406 1101 2458 mandatum,
1137 2415 1185 2449 ut
1218 2408 1345 2450 ⁷duas
1377 2409 1572 2451 decumas

347 2506 363 2531 b
379 2519 444 2538 cum
459 2519 525 2550 rege
540 2507 680 2537 Antiocho
694 2517 748 2537 esse
764 2506 861 2537 Gron.
877 2505 968 2537 Crev.
1139 2510 1154 2527 ⁰
1169 2513 1208 2538 est
1223 2507 1284 2539 del.
1301 2508 1388 2539 Eaed.

209 2591 229 2619 5
252 2590 298 2620 Ad
318 2593 359 2627 id,
384 2604 450 2633 τινα
475 2595 559 2633 cujus
581 2594 730 2632 provincia
742 2591 842 2633 foret]
888 2591 1029 2622 Antiocho
1042 2592 1112 2633 esse]
1137 2592 1231 2623 Delet
1253 2592 1428 2623 Gronovius
1446 2594 1570 2624 verbum

169 2630 202 2660 si
218 2631 291 2662 nihil
309 2633 359 2665 hic
382 2641 557 2676 corruptum
580 2641 636 2670 est,
652 2645 759 2666 sensus
780 2644 845 2665 esse
889 2645 954 2671 esse,
982 2634 1064 2675 quod
1092 2645 1166 2666 sane
1190 2635 1396 2666 necessarium
1427 2646 1489 2666 non
1514 2643 1571 2668 est.

168 2673 305 2704 videtur:
343 2686 439 2717 usque
466 2680 503 2708 ad
531 2679 562 2708 id
590 2683 694 2720 caput,
721 2688 845 2718 nempe,
890 2677 940 2708 Sic
962 2688 1065 2718 supra,
1082 2677 1102 2707 l.
1119 2679 1243 2709 XXXI.
1266 2688 1294 2709 c.
1317 2679 1347 2708 8.
1369 2680 1443 2718 quod
1465 2679 1572 2710 bellum

167 2727 229 2755 quae
257 2718 340 2755 cujus
364 2722 513 2757 provincia
530 2720 631 2761 foret:
668 2721 751 2762 quod
779 2720 846 2761 qui·
889 2732 957 2751 cum
985 2720 1121 2760 Philippo
1146 2722 1271 2760 populus
1288 2722 1428 2759 jussisset.
1487 2722 1527 2752 Et
1549 2722 1571 2754 l.

167 2757 238 2788 dem
254 2765 347 2799 caput
361 2762 495 2792 nondum
518 2768 634 2793 certum
657 2768 733 2795 erat.
777 2764 844 2793 An·
889 2763 996 2793 XLII.
1022 2773 1049 2793 c.
1074 2765 1127 2794 33.
1147 2765 1222 2804 quod
1243 2764 1348 2794 bellum
1370 2769 1484 2794 senatus
1504 2776 1571 2795 cum

167 2799 257 2831 dreas
285 2801 391 2839 edidit,
421 2807 495 2844 quod
522 2807 614 2845 cujus.
675 2807 766 2837 Latet
794 2806 844 2836 hic
890 2805 993 2836 Perseo
997 2807 1140 2844 jussisset.

165 2843 281 2883 aliquid
295 2843 373 2875 vitii.
932 2849 950 2878 7
989 2848 1074 2878 Duas
1100 2851 1232 2879 decumas
1256 2847 1425 2890 frumenti]
1463 2848 1573 2880 Obiter

208 2887 227 2915 6
253 2886 335 2920 Quod
351 2910 358 2917 .
376 2911 383 2918 .
397 2889 527 2919 duellum
540 2891 669 2927 jussisset
691 2902 755 2921 cnm
780 2902 846 2931 rege
890 2889 1101 2922 annotandum
1145 2890 1273 2924 videtur,
1317 2891 1399 2932 quod
1443 2897 1572 2924 testatur
