1947 3222
138 235 184 309 es:

194 235 234 310 es>

243 237 262 309 ι-ιϋὶ

264 237 305 310 ss

131 1315 245 1347 Conlo-

130 1360 236 1399 quium
253 1360 292 1391 ad

130 1402 259 1444 Tempe,

130 1455 200 1475 cum
216 1445 286 1476 Phi-

126 1486 225 1530 lippo.

127 1993 321 2035 Disceptatio

126 2037 206 2067 inter
222 2038 315 2068 Rom.

125 2085 157 2110 et
173 2080 306 2112 AEtoloS.

346 120 397 162 98
874 113 1231 152 T1T1L1V11

308 258 317 267 .
348 223 566 265 venientem
587 223 825 265 sententiam
846 223 1016 270 dixisse,·
1049 229 1088 263 et
1108 223 1199 264 illos
1210 221 1422 277 prioribus
1441 221 1619 264 omnibus
1634 223 1767 264 eonci-

308 300 316 309 ·
348 281 420 322 liis
446 281 744 335 conloquiisque
772 283 822 322 de
850 280 1143 321 conditionibus
1164 281 1284 333 pacis
1311 294 1477 332 semper,
1498 278 1534 303 ⁵²
1546 293 1625 320 non
1646 286 1691 321 ut
1710 280 1769 320 ad

350 339 656 379 internecionem
673 338 901 386 bellaretur,
920 337 1165 386 disseruisse,
1182 344 1221 378 et
1239 337 1452 377 Romanos.
1467 343 1624 389 praeter
1640 342 1767 378 vetus-

348 396 539 435 tissimum
573 409 716 436 morem
747 396 862 435 victis
890 394 1105 446 parcendi,
1125 395 1373 446 praecipuum
1403 395 1623 434 clementiae
1651 394 1769 433 docu-

348 458 517 493 mentum
547 453 714 500 dedisse,
739 465 842 503 paee
871 450 1108 490 Hannibali
1137 457 1175 491 et
1203 451 1618 505 Karthaginiensibus
1646 452 1764 491 data.

352 510 545 551 Omittere
563 523 605 550 se
623 508 1004 561 Karthaginienses.
1058 507 1152 548 Cum
1173 508 1372 560 Philippo
1393 509 1479 561 ipso
1499 509 1654 562 quoties
1673 521 1767 548 ven-

347 572 428 606 tum
451 567 495 606 in
524 565 802 619 conloquium?
834 578 905 604 nee
932 577 1129 618 umquam,
1148 571 1193 605 ut
1212 565 1366 605 cederet
1394 579 1532 619 regno,
1556 571 1686 605 actum
1708 579 1767 605 es-

347 626 417 663 se?
447 623 528 671 An,
552 623 644 676 quia
674 623 799 662 victus
820 622 973 673 praelio
984 621 1118 675 joret,
1141 621 1388 674 inexpiabile
1417 621 1558 662 bellum
1570 623 1766 675 filetum?

353 680 449 720 Cum
479 685 636 719 armato
665 679 775 718 hoste
804 678 963 732 infestis
991 679 1141 719 animis
1170 679 1355 718 concurri
1387 679 1546 719 debere.-
1578 681 1769 720 adversus

348 737 484 785 victos,
505 735 794 776 ⁵⁵mitissimum
816 749 1016 789 quemque,
1039 736 1214 776 animum
1239 736 1450 776 maximum
1473 736 1630 777 habere.
1690 736 1766 776 Li-

347 793 499 833 bertati
531 792 706 833 Graecioe
739 793 872 833 videri
901 807 1048 845 graves
1079 792 1345 832 Macedonum
1378 807 1502 846 r.eges
1538 794 1574 834 si
1602 807 1766 848 regnum

342 863 518 904 gensque
537 851 719 899 tollatur,
746 849 942 898 Thracas,
965 850 1147 903 Illyrios,
1166 848 1201 872 ⁵4
1211 849 1352 888 Gallos
1372 849 1529 898 deinde,
1549 857 1690 904 gentes
1692 851 1767 905 fi-

346 921 417 947 ras
438 913 475 947 et
496 908 726 955 indomitas,
750 907 793 947 in
816 907 1102 947 Macedoniam
1122 921 1163 947 se
1191 912 1230 946 et
1261 906 1304 946 in
1329 904 1534 946 Gtoeciam
1555 907 1765 962 cfftsuras.

352 963 429 1012 Ne,
443 965 637 1017 proxima
658 977 822 1018 quoeque
841 964 1081 1013 amoliendo,
1098 961 1314 1015 maymibus
1329 963 1658 1017 gravioribusque
1676 965 1768 1005 adi-

347 1027 428 1061 tum
450 1022 508 1060 ad
528 1035 570 1062 se
581 1021 790 1075 facerent.
854 1020 1078 1061 Interfanti
1099 1019 1249 1061 deinde
1273 1019 1466 1060 Phaeneae
1497 1021 1668 1076 praetori
1689 1020 1767 1062 ΖΕ-

348 1077 544 1129 tolorum,
566 1077 903 1133 testificantique,
925 1077 957 1118 51
982 1077 1147 1133 elapsus
1171 1092 1219 1117 eo
1246 1084 1432 1133 tempore
1454 1077 1678 1133 Philippus
1705 1078 1767 1119 fo-

346 1141 426 1184 ret,
448 1149 545 1176 mox
569 1135 740 1190 gravius
760 1150 856 1176 eum
875 1133 1190 1183 rebellaturum,
1216 1133 1413 1174 Desistite
1431 1135 1716 1183 tumultuari,
1702 1149 1766 1176 111-

346 1190 454 1246 quit,
472 1192 541 1232 ubi
559 1193 862 1233 consultandum
883 1197 950 1232 est.
980 1189 1119 1231 55Νο11
1140 1192 1192 1231 iis
1211 1190 1503 1232 conditionibus
1522 1192 1767 1246 inligabitur

337 1261 441 1300 pax,
462 1255 506 1289 ut
527 1263 678 1289 movere
697 1249 837 1290 bellum
850 1249 997 1302 possit

402 1305 544 1346 XIII.
578 1307 674 1347 Hoc
703 1305 872 1348 dimisso
904 1303 1090 1355 concilio,
1118 1312 1284 1361 postero
1314 1305 1381 1346 die
1413 1320 1488 1346 rex
1518 1305 1572 1346 ad
1606 1304 1762 1356 fauces,

345 1377 441 1417 quae
461 1362 642 1404 ferunt
632 1378 675 1403 m
697 1364 874 1419 Tempe,
899 1361 997 1414 (5615
1017 1361 1142 1402 datus
1169 1370 1257 1403 erat
1286 1361 1402 1403 locus
1432 1362 1672 1418 conloquio)
1696 1378 1764 1403 ve-

343 1418 429 1460 nit:
463 1419 586 1460 tertio
616 1419 683 1460 die
712 1419 839 1460 datur
868 1419 904 1460 ei
935 1420 1222 1460 Romanorum
1251 1434 1298 1459 ac
1328 1419 1532 1482 sociorum
1565 1419 1764 1482 frequens

344 1475 577 1516 concilium.
640 1475 708 1517 Ibi
730 1475 952 1531 Philippus
979 1490 1183 1530 perquam
1211 1475 1486 1530 prudenter,'
1476 1475 1541 1525 115,
1564 1491 1648 1516 sine
1658 1476 1763 1539 ‘qui-

343 1531 424 1572 bus
445 1547 528 1588 pax
549 1532 764 1588 impetrari
786 1547 868 1573 non
892 1540 1072 1588 poterat,
1095 1546 1170 1572 sua
1189 1531 1330 1586 potius
1350 1532 1567 1573 voluntate
1587 1531 1761 1581 011115515,

344 1603 472 1653 quam
493 1596 542 1630 ut
563 1589 801 1630 altercando
817 1596 935 1630 extor
938 1595 1181 1644 querentur,
1199 1602 1288 1642 quce
1300 1589 1425 1654 prior
1427 1603 1447 1628 e
1467 1590 1677 1653 conloquio
1693 1595 1765 1629 aut

344 1647 545 1697 imperata
567 1659 593 1686 a
613 1646 825 1694 Romanis,
847 1651 919 1685 aut
942 1646 1153 1698 postulata
1183 1646 1235 1685 ab
1264 1646 1382 1686 sociis
1411 1652 1550 1695 essent,
1573 1646 1705 1686 omnia
1724 1660 1765 1686 se

341 1703 565 1748 concedere,
589 1703 638 1742 de
657 1703 798 1743 ceteris
817 1703 977 1743 senatui
989 1702 1288 1755 permissurum,
1310 1701 1430 1744 dixit.
1491 1701 1762 1758 Quamquam

341 1758 407 1798 vel
454 1758 744 1800 inimicissimis
791 1759 985 1800 omnibus
1033 1758 1290 1814 praeclusisse
1335 1773 1477 1800 vocem
1522 1759 1759 1810 videbatur,

342 1815 545 1857 Phaeneas
577 1822 715 1856 tamen
748 1815 933 1865 AEtolus,
969 1815 1130 1856 cunctis
1163 1815 1412 1866 tacentibus,
1450 1815 1590 1865 Quid?
1632 1816 1759 1881 nobis,

339 1871 493 1927 inquit,
527 1872 740 1925 Philippe,
776 1873 964 1913 reddisne
998 1873 1157 1912 tandem
1188 1873 1451 1924 Pharsalum,
1483 1881 1519 1914 et
1547 1873 1762 1914 Larissam

343 1928 586 1977 Cremasten,
605 1936 644 1969 et
663 1930 877 1979 Echinum,
898 1936 935 1969 et
961 1929 1119 1970 Thebas
1135 1930 1340 1970 Phthias?
1373 1931 1516 1980 Quum
1539 1930 1761 1993 Philippus

340 1984 442 2026 nihil
479 1985 631 2027 molari
666 1986 837 2037 diceret,
869 2001 955 2042 quo
987 1987 1125 2027 minus
1164 1986 1420 2042 reciperent,
1467 1986 1501 2014 ⁵⁷
1513 1986 1761 2044 disceptatio

339 2094 446 2115 sonam
488 2085 525 2116 iis
564 2096 633 2126 quae
673 2085 731 2127 ipsi
770 2085 848 2117 alias
888 2084 1025 2117 censuis-

339 2132 417 2158 sent.

382 2172 423 2200 52
449 2170 515 2201 Nan
538 2178 571 2201 ut
587 2172 624 2201 ad
650 2171 887 2213 internecionem]
912 2170 1026 2202 Merito

340 2211 455 2253 adjecit
490 2214 675 2255 particulam
710 2219 875 2255 negantem
906 2214 1027 2245 Grono-

338 2265 417 2285 vius.

381 2299 422 2329 53
462 2298 649 2329 Mitissimum
702 2309 849 2339 quemque,
895 2301 1026 2330 animum

338 2343 496 2371 marimum
530 2342 646 2382 habere]
693 2342 763 2372 Vox
797 2343 929 2372 animum
965 2352 1025 2373 non

339 2384 482 2414 exstabat
515 2384 547 2414 in
578 2384 698 2426 scripto.
745 2385 823 2415 Eam
855 2385 1028 2416 Gronovius

339 2431 445 2457 censet
467 2427 560 2468 repeti
584 2438 671 2468 posse
693 2437 731 2457 ex
753 2426 908 2469 superiore
931 2438 1027 2459 mem-

339 2469 404 2504 bro,
428 2469 481 2500 ubi
504 2469 602 2500 habes
628 2470 740 2511 irgfestis
761 2472 877 2501 animis.
921 2470 1026 2501 Mitis-

334 2511 449 2550 simum
486 2522 640 2553 quemque
678 2513 828 2548 hominem,
857 2513 1027 2544 maximum

339 2557 470 2585 animum
493 2555 627 2586 habere:
652 2555 727 2590 sive,
750 2560 784 2585 ut
810 2555 940 2597 quisque
969 2556 1025 2587 mi·

338 2597 474 2629 tissimus
509 2597 549 2628 sit
583 2597 613 2627 in
647 2597 784 2633 victoria,
815 2598 858 2629 ita
891 2598 1025 2631 maximo

339 2640 442 2671 animo
466 2650 543 2672 esse.
588 2639 731 2674 llorrion,
755 2640 808 2680 qui
834 2641 913 2671 notis
939 2641 1024 2672 illus-

339 2683 431 2713 travit
455 2688 553 2713 totum
578 2682 635 2713 hoc
661 2683 917 2718 additamentum,
941 2684 1024 2723 quod

336 2735 373 2755 ex
398 2725 620 2767 Bambergensi
641 2725 747 2756 codice
774 2726 902 2756 accessit
927 2726 1023 2762 Livio,

337 2768 478 2808 legebat:
504 2770 682 2800 mitissimum
709 2779 846 2809 quemque
870 2770 1022 2799 marimum

338 2811 446 2840 haberi.

379 2855 419 2883 54
444 2853 560 2895 Gallus]
593 2853 816 2896 Intelligendos
847 2854 1024 2887 Gronovius

1069 2091 1158 2127 putat
1172 2085 1359 2121 Scordiscos,
1376 2086 1414 2117 de
1431 2097 1561 2128 quorum
1583 2084 1699 2127 origine
1713 2086 1758 2117 sic

1069 2135 1218 2160 memorat
1231 2129 1385 2165 «Iustinus,
1401 2130 1422 2159 l.
1440 2129 1584 2160 XXXII.
1599 2139 1626 2159 c.
1639 2130 1670 2160 3.
1714 2129 1760 2159 Ex

1070 2172 1112 2202 his
1135 2173 1266 2213 (Gallis,
1290 2172 1342 2213 qui
1370 2172 1488 2203 bellum
1511 2172 1657 2202 adversus
1680 2171 1761 2202 Del-

1069 2213 1146 2256 phos
1162 2215 1324 2246 infeliciter
1336 2221 1504 2256 gesserant,
1520 2214 1598 2245 duce
1615 2214 1759 2256 Brenno)

1070 2268 1173 2289 manus
1192 2260 1327 2299 quoedam
1347 2261 1379 2288 in
1402 2259 1564 2300 confluente
1579 2259 1714 2288 Danubii
1730 2264 1757 2288 et

1070 2300 1139 2330 Savi
1167 2303 1304 2338 consedit,
1326 2301 1538 2342 Scordiscosqne
1560 2311 1588 2331 se
1613 2301 1758 2340 appellari

1070 2344 1174 2375 voluit.

1114 2388 1155 2418 55
1181 2386 1248 2417 Non
1284 2388 1318 2417 iis
1350 2387 1560 2417 conditionibus
1592 2386 1759 2427 illigabimr·

1067 2430 1142 2471 pax]
1172 2430 1297 2462 Frustra.
1323 2428 1390 2460 haec
1415 2434 1559 2470 suspecta
1582 2434 1654 2458 sunt
1677 2429 1757 2460 Gro-

1071 2473 1171 2503 novio.
1216 2471 1301 2507 Quid
1322 2471 1403 2502 enim
1417 2477 1503 2502 vetat
1519 2469 1581 2501 dici
1604 2471 1757 2513 illigatam

1070 2524 1191 2555 pacem,
1218 2514 1250 2544 id
1275 2520 1331 2551 est,
1360 2514 1398 2545 iis
1424 2496 1668 2549 conditionibus,²
1687 2520 1756 2545 tan-

1069 2567 1162 2597 quam
1184 2556 1326 2593 vinculis,
1349 2557 1538 2592 adstrictam,
1554 2562 1587 2587 ut
1610 2557 1686 2587 solvi
1710 2558 1756 2588 fa-

1069 2599 1127 2630 cile
1156 2610 1217 2631 nou
1246 2599 1362 2642 possit?
1401 2600 1468 2630 Iino
1499 2599 1671 2640 elegantius
1699 2599 1755 2632 illa

1068 2643 1153 2673 velut
1168 2642 1293 2673 vincula
1304 2642 1446 2674 videntur
1460 2642 1551 2673 tribui
1567 2643 1647 2684 paci,
1657 2653 1752 2684 quam

1069 2684 1213 2727 Philippo

1110 2729 1151 2759 56
1191 2728 1218 2759 Is
1250 2729 1337 2759 (1111115
1376 2734 1437 2757 eru!
1483 2728 1560 2758 locus
1598 2727 1751 2768 colloquio]

1068 2770 1184 2801 Melius
1217 2772 1323 2807 dictus,
1354 2770 1436 2811 quod
1473 2770 1596 2812 subjicit
1632 2772 1752 2803 Grono-

1067 2823 1145 2843 vius.

1108 2856 1149 2886 57
1183 2855 1361 2896 Disceptatio
1390 2879 1398 2887 .
1425 2878 1435 2888 .
1464 2858 1498 2888 de
1532 2857 1646 2897 Thebis]
1693 2855 1753 2887 Hic

1932 1860 1933 1871 1

1934 2000 1935 2007 1

1929 2022 1935 2029 ,,
