1947 3222
493 107 528 145 L
542 108 560 145 I
573 108 618 146 B.
647 104 844 157 XXXI-X.
863 107 912 143 -C
926 107 961 157 A
973 107 1017 145 P.
1046 106 1243 146 XXVIII.
1503 113 1577 149 423

158 229 278 270 quum
298 216 577 259 Chersonesum
591 213 974 270 >Lysimachiamque
995 215 1192 264 dederint,
1216 215 1458 258 Maroneam
1479 231 1574 272 quo-
1592 224 1630 256 U.
1642 224 1679 256 c.
1693 225 1766 256 567.

157 287 234 327 que
252 280 373 328 atque
402 273 554 314 AEnum
576 273 760 327 profecto
779 272 947 321 dedisse,
969 285 1058 325 qaae
1079 273 1168 325 ipsa
1182 274 1494 330 propinquitate
1511 290 1573 316 re-
1588 269 1629 299 A,
1642 267 1680 300 C·
1694 268 1763 300 ¹8⁵·

151 331 290 384 gionis
319 331 424 372 velut
451 330 692 384 adpendices
726 327 893 383 majoris
926 330 1101 370 muneris
1128 336 1266 370 essent.
1326 331 1435 372 Nam
1466 332 1588 385 Phi-⁸

154 388 308 440 lippum
345 388 500 442 quidem
538 401 614 440 qao
648 392 720 427 aut
749 387 891 442 merito
925 387 969 427 in
1000 387 1191 440 populum
1228 386 1465 438 Romanum,
1498 396 1570 430 aut

141 443 242 498 jure
262 445 438 498 imperii,
459 458 574 498 quum
596 450 678 484 tam
691 441 837 498 procul
857 443 1046 498 afinibus
1065 444 1326 485 Macedoniae
1345 444 1491 494 absint,
1512 448 1570 501 ci-

156 502 348 542 vitatibus
365 501 429 542 his
445 502 644 554 prcesidia
666 502 913 554 inposuisse?
951 501 1099 542 Vocari
1118 500 1359 542 Maronitas
1363 499 1568 554 juberent.

155 559 206 598 ab
227 560 279 599 iis
298 559 473 598 certiora
494 560 629 599 omnia
650 560 698 598 de
717 565 826 599 statu
845 559 1070 599 civitatium
1092 572 1227 598 earum
1250 558 1429 599 scituros.
1491 558 1570 600 Lc-

153 615 242 670 gati
263 615 571 657 Maronitarum
592 615 742 666 vocati,
766 616 862 655 Non
883 630 962 656 uno
992 617 1074 656 loco
1102 622 1257 655 tantum
1287 615 1398 657 urbis
1420 617 1567 668 prcesi—
1583 618 1755 650 Maronita-

155 673 264 725 dium
294 673 446 726 regium
468 687 560 720 esse,
582 674 684 714 sicut
704 674 748 713 in
768 674 866 714 aliis
885 673 1131 721 civitatibus,
1155 672 1368 722 dixerunt,
1388 673 1459 714 sed
1482 674 1570 726 plu·
1581 671 1648 734 ἔξω
1663 673 1769 703 querc-

152 728 262 779 ribus
280 730 413 779 simul,
435 736 472 770 et
488 731 651 783 plenam
674 730 942 771 Macedonum
965 730 1208 771 Maroneam
1228 745 1323 772 esse.
1344 731 1482 784 itaque
1501 732 1570 771 do-
1624 727 1632 736 ”

149 787 303 826 minari
323 788 598 828 adsentatores
627 789 770 842 regios.
801 789 863 828 his
892 789 987 829 solis
1015 789 1126 842 loqui
1145 793 1184 827 et
1213 788 1257 828 in
1286 794 1427 828 senatu
1456 794 1495 829 et
1524 789 1570 829 in

147 844 400 885 concionibus
419 845 550 885 licere.
583 859 646 886 eos
672 859 805 886 omnes
833 846 1001 886 honores
1029 852 1068 885 et
1096 859 1240 898 capere
1269 846 1388 898 ipsos,
1411 851 1450 886 et
1469 847 1571 887 dare

149 901 261 942 aliis.
342 901 547 954 Optimum
585 917 786 956 quemque,
828 903 968 957 quibus
1005 902 1221 952 libertatis,
1263 901 1403 956 quibus
1440 904 1569 958 legum

148 972 246 998 cura
267 959 333 1006 sit,
355 965 428 999 aut
448 961 630 1000 eaesulare
642 962 782 1013 pulsos
797 961 955 1013 patria,
978 967 1049 1000 aut
1071 960 1331 1001 inhonoratos
1347 965 1384 999 et
1399 960 1568 1001 deterio-

149 1015 259 1068 ribus
288 1016 479 1057 obnoxios
507 1018 638 1057 silere.
698 1018 765 1058 De
788 1018 887 1073 jure
916 1017 1041 1059 etiam
1071 1017 1217 1072 finlum
1247 1031 1381 1072 pauca
1410 1014 1568 1074 adjece-

150 1081 250 1114 runt
268 1089 276 1114 :
309 1073 386 1124 4Q.
410 1073 580 1114 Fabium
601 1074 851 1123 Labeonem,
867 1087 982 1128 quum
1005 1075 1048 1114 in
1069 1074 1231 1127 regione
1251 1088 1299 1113 ea
1311 1073 1482 1127 ficisset,
1503 1076 1568 1115 di-

149 1131 300 1173 rexisse
301 1132 434 1183 finem
453 1132 654 1184 Philippo
683 1138 850 1172 veterem
879 1132 986 1171 viam
1015 1132 1183 1184 regiam,
1205 1129 1316 1184 5quoe
1335 1131 1410 1171 ad*
1437 1131 1569 1172 Thra-

150 1188 225 1227 cia:
245 1189 490 1228 Paroreiam
515 1189 665 1237 subeat,
689 1203 879 1242 nusquam
911 1189 969 1227 ad
995 1202 1106 1228 mare
1127 1188 1406 1229 declinantem.
1465 1188 1569 1229 Plu·-

148 1245 301 1297 lippum
323 1259 462 1286 novam
479 1253 621 1298 postea
642 1246 846 1302 dfflexisse
875 1246 997 1296 viam,
1018 1259 1097 1299 qua
1118 1246 1426 1286 Maronitarum
1456 1245 1571 1287 urbes

147 1315 346 1356 agrosque
364 1304 643 1356 amplectatur.

207 1359 438 1400 XXVIII.
473 1360 543 1402 Ad
570 1375 619 1401 ea
649 1359 871 1416 Philippus
901 1359 1023 1415 longe
1053 1358 1189 1410 aliam,
1212 1374 1339 1415 quam
1368 1358 1569 1402 adversus
1582 1368 1756 1411 Responsio

152 1415 376 1457 Thessalos
407 1412 738 1472 Perrhaebosque
767 1432 914 1472 nuper,
945 1416 1154 1472 ingressus
1184 1415 1411 1457 disserendi
1441 1416 1566 1468 viam,
1582 1411 1727 1455 Philippi.

151 1473 248 1513 Non
268 1487 352 1513 cum
372 1475 615 1521 Maronitis,
639 1473 790 1529 inquit,
809 1475 908 1514 milzz·
928 1481 1000 1514 aut
1023 1488 1105 1514 cam
1130 1475 1306 1513 Eumene
1326 1474 1569 1527 disceptatio

147 1537 227 1585 est;
259 1529 463 1583 ⁶sedjam¹
483 1532 690 1580 vobiscum,
713 1532 894 1571 Romani
900 1554 915 1578 ‚·
949 1546 974 1570 a
996 1530 1136 1584 quibus
1166 1531 1272 1570 nillil
1290 1532 1399 1584 (equi
1417 1546 1476 1571 me
1496 1532 1568 1572 im-

142 1594 314 1641 petrare
327 1587 421 1642 jam
452 1589 523 1630 diu
552 1589 840 1629 animadverto.
903 1589 1101 1629 Civitates
1131 1587 1411 1637 DIacedonum,
1435 1602 1524 1642 quae
1543 1603 1570 1629 a

150 1659 210 1685 me
244 1645 351 1685 inter
380 1645 563 1686 inducias
597 1646 840 1701 defecerant,
872 1646 990 1685 reddi
1024 1646 1125 1685 milii
1158 1659 1310 1698 aequum
1343 1645 1542 1686 censebam
1550 1668 1566 1692 ,-

150 1716 231 1742 non
252 1704 348 1756 quia
371 1717 518 1757 magna
540 1704 707 1744 accessio
728 1717 775 1742 ea
805 1703 923 1756 regni
935 1703 1092 1755 futura
1122 1708 1232 1750 esset,
1258 1701 1368 1753 (sunt
1397 1703 1501 1743 enim
1532 1709 1570 1744 et

141 1773 281 1813 parva
309 1761 476 1813 oppida,
499 1768 536 1801 et
566 1761 608 1800 in
620 1760 782 1813 finibus
811 1761 997 1800 extremis
1018 1760 1179 1814 posita)
1201 1761 1271 1800 sed
1289 1760 1386 1813 quia
1407 1761 1569 1800 multum

147 1818 204 1869 ad
231 1818 406 1872 reliquos
436 1818 686 1859 Macedonas
712 1818 970 1858 continendos
989 1818 1206 1869 exemplum
1220 1816 1470 1869 pertinebat.
1501 1831 1569 1857 ne-

142 1880 283 1928 gatum
313 1881 370 1916 est
399 1876 510 1917 mihi.
575 1876 691 1916 Bello
718 1875 900 1915 AEtolico
921 1875 1112 1915 Lamiam
1134 1873 1368 1926 obpugnare
1381 1873 1521 1927 jussus
1541 1889 1569 1915 a

149 1933 306 1972 consule
326 1932 379 1972 M
387 1932 410 1973 ’.
434 1932 583 1980 Acilio,
602 1947 718 1986 quum
739 1934 810 1972 diu
815 1933 1031 1986 fatigatus
1053 1931 1111 1972 ibi
1122 1932 1287 1984 proeliis
1307 1931 1570 1985 operibusque

148 2002 282 2038 essem,
307 1991 646 2030 transcendentem
667 2004 726 2030 me
738 1988 831 2043 jam
852 2004 980 2029 muros
1000 2003 1025 2028 a
1046 1994 1169 2042 capta
1192 2002 1325 2041 prope
1343 1988 1439 2029 urbe
1457 2003 1570 2029 revo-

147 2046 257 2086 cavit
276 2047 424 2095 consul,
439 2053 478 2088 et
496 2047 690 2087 abducere
709 2048 843 2097 copias
864 2047 956 2087 inde
975 2047 1116 2100 coegit.
1159 2045 1228 2085 Ad
1247 2043 1362 2098 liujus
1380 2045 1568 2086 solatium

150 2101 309 2156 injuriae
322 2102 558 2156 permissum
577 2110 648 2153 est,
662 2110 706 2144 ut
732 2104 953 2144 Thessalice
973 2102 1295 2155 Perrha’bia’que
1315 2108 1351 2142 et
1373 2101 1569 2142 Athama-

146 2174 238 2200 num
259 2162 473 2214 reciperem
494 2163 675 2215 qua’dam
695 2162 860 2201 castella
888 2161 1030 2214 magis,
1051 2174 1168 2213 quam
1190 2159 1316 2199 urbes.
1347 2173 1396 2199 ea
1416 2173 1568 2213 quoque

146 2218 237 2271 ipsa
258 2232 325 2258 vos
343 2219 458 2268 mihi,
487 2219 536 2267 Q.
556 2219 710 2268 Caecili,
729 2232 878 2272 paucos
897 2224 993 2258 ante
1012 2218 1098 2257 dies
1117 2217 1337 2257 ademistis.
1377 2217 1467 2257 Pro
1487 2230 1568 2257 non

533 2304 551 2329 k
565 2307 604 2336 ad
619 2305 679 2337 del.
695 2306 787 2338 Crev-

192 2391 213 2421 4
243 2390 280 2426 Q.
309 2391 434 2422 Fabium
470 2392 646 2433 Labeonem]
691 2391 753 2422 Hic
787 2396 835 2422 est

151 2431 204 2473 qui
218 2433 430 2475 quinquennio
452 2440 524 2466 ante
547 2435 638 2465 classi
658 2433 834 2476 praefuerat,

151 2480 184 2505 et
197 2474 308 2507 dieitur
320 2487 423 2519 supra,
439 2477 462 2508 I.
477 2477 655 2509 XXXVII.
669 2487 696 2507 c.
711 2477 764 2508 60.
780 2487 834 2509 cu-

152 2517 266 2549 ravisse
279 2518 463 2552 deducenda
476 2521 515 2552 ab
534 2521 617 2552 AEno
631 2525 662 2551 et
684 2520 837 2551 Maronea

151 2559 300 2591 Antiochi
312 2563 465 2603 praesidia.

195 2604 216 2633 5
240 2603 312 2637 Quae
349 2604 479 2637 Τῆνασὶιε
515 2606 686 2636 Ρανονεὶαηι
720 2605 834 2646 subeat]

154 2646 234 2693 Quae
248 2646 305 2677 sub
322 2646 414 2695 finetn
428 2649 580 2680 Paroreiae
602 2648 743 2679 Thraciae
766 2657 835 2690 por-

152 2689 405 2763 sarta-...1291
420 2692 620 2766 §sels
636 2691 778 2764 2223ss·
789 2701 836 2764 2132

155 2773 269 2804 Graeea
283 2784 352 2810 vox,
367 2785 430 2815 qua
451 2782 573 2807 notatur
594 2777 676 2818 regio
691 2776 836 2817 adjacens

152 2816 318 2848 montibus.
362 2817 518 2850 Erasimus
538 2819 681 2850 voculam
703 2821 742 2850 ad
765 2826 836 2850 ante

155 2858 298 2896 Thracia»,
326 2860 431 2891 moniti
455 2871 473 2891 a
496 2861 662 2897 Grouovio,
689 2862 741 2902 qui
767 2872 836 2893 eam

958 2304 967 2330 1
982 2307 1069 2336 etiam
1084 2305 1182 2336 Gron.

877 2391 917 2422 ab
939 2390 1082 2421 omnibus
1104 2389 1226 2431 scriptis
1247 2395 1278 2420 et
1299 2388 1401 2425 editis,
1418 2399 1495 2430 quos
1518 2389 1564 2420 in-

877 2434 988 2475 spexit,
1010 2434 1116 2464 abesse
1140 2434 1281 2463 affirmat.
1327 2432 1396 2462 Nec
1417 2442 1487 2462 eam
1511 2443 1563 2473 ag-

879 2477 976 2508 noscit
995 2476 1078 2507 Vict-
1096 2475 1204 2506 codex.
1247 2475 1326 2505 Mox
1341 2473 1480 2515 sequitur
1494 2485 1564 2505 nus-

879 2531 966 2560 quam
1002 2521 1040 2550 ad
1075 2529 1154 2549 mare
1181 2518 1392 2548 declitwntem:
1429 2517 1482 2547 ubi
1510 2527 1565 2558 pro

877 2562 988 2593 ultima
1010 2571 1096 2596 voce,
1121 2570 1199 2601 quae.
1214 2570 1232 2591 a
1255 2560 1387 2591 Gelenio
1408 2566 1465 2595 est,
1482 2559 1564 2590 idem

880 2605 1054 2637 Gronovius
1082 2608 1211 2634 testatur
1238 2602 1354 2643 ubique
1389 2601 1499 2641 legisse
1532 2611 1565 2632 se

870 2649 1029 2690 ferentem.
1074 2647 1171 2678 Favet
1192 2646 1221 2677 ei
1243 2645 1292 2676 hic
1316 2654 1438 2686 quoque
1464 2649 1565 2674 noster

880 2692 952 2722 MS.

923 2735 943 2765 6
975 2733 1030 2763 Sed
1053 2732 1138 2773 jam]
1183 2731 1232 2762 Sic
1269 2729 1456 2760 membranae
1491 2729 1562 2759 Jac.

881 2775 1037 2808 Gronovio
1079 2775 1244 2816 inspectae3
1288 2772 1424 2811 itemque
1467 2771 1565 2802 MSS.

880 2818 1023 2853 Hearnii,
1051 2822 1083 2847 et
1118 2821 1218 2847 noster
1250 2814 1336 2845 vict.
1363 2819 1394 2843 et
1428 2812 1563 2845 Andreae

881 2861 985 2892 editio.
1032 2859 1135 2900 Vulgo
1149 2859 1195 2889 sed
1209 2859 1310 2888 etiam.-
1334 2855 1436 2888 minus
1451 2861 1532 2900 apte.

916 2904 1035 2944 204
