1947 3222
181 687 328 719 Defensio

180 731 341 762 Demetrii.

396 119 471 160 464
915 115 1060 154 T1T1
1099 115 1269 153 LIVII

353 259 362 270 .
395 227 533 270 habet:
561 228 779 281 periculum
813 227 908 268 vitae
933 226 1163 279 propellere
1192 239 1218 265 a
1249 238 1308 264 me
1335 230 1458 277 potes,
1489 225 1696 277 puniendo
1729 240 1806 274 eos,

352 303 360 312 ·
393 286 466 339 qui
483 286 541 326 ad
558 299 618 326 me
637 284 954 337 interficiendum
963 284 1128 336 serrum
1149 288 1388 324 sumserunt.-
1422 282 1460 322 si
1462 282 1657 335 facinori
1675 296 1806 323 eorum

392 343 633 392 successerit,
655 348 817 382 mortem
837 355 960 380 meam
982 340 1083 379 idem
1105 345 1148 378 tu
1163 340 1352 392 persequi
1372 352 1450 378 non
1470 340 1635 391 poteris.

452 400 566 441 XII.
599 400 828 454 Postquam
876 394 1041 437 dicendi
1089 395 1213 435 finem
1255 396 1432 436 Perseus
1476 395 1589 445 fecit,
1629 395 1804 451 conjecti

392 471 551 506 eorum,
572 454 647 511 qui
667 455 853 502 aderant,
874 452 984 493 oculi
1014 452 1056 491 in
1079 450 1339 492 Demetrium
1371 460 1483 501 sunt,
1505 452 1618 493 velut
1650 452 1806 493 confes-

378 513 467 554 .tim
497 526 770 567 responsurus
800 517 916 550 esset.
947 506 1138 548 ⁵⁶deinde
1170 507 1244 547 diu
1279 507 1361 548 fuit
1395 507 1633 558 silentiuni¹,
1670 524 1803 564 quum

391 569 608 625 perfusum
630 567 730 608 fletu
751 566 970 621 adpareret
990 563 1183 604 omnibus
1202 563 1318 619 loqui
1339 580 1421 605 non
1437 580 1567 620 posse.
1612 565 1804 606 Tandem

390 626 492 666 vicit
511 624 695 666 dolorem
716 623 806 678 ipsa
834 621 1068 670 necessitas,
1090 635 1223 675 quum
1254 620 1390 661 dicere
1414 622 1656 677 juberentffl,
1678 630 1805 677 atque

390 682 450 723 ita
470 696 587 722 orsus
608 687 667 721 est
685 695 693 720 :
731 678 894 729 Omnia,
917 692 1006 732 quce
1025 691 1180 718 reorum
1202 678 1518 732 anteasuerant
1537 679 1710 727 auxilia,
1725 693 1807 732 pa—

393 745 467 787 ter,
485 737 785 790 praeoccupavit
805 741 1023 775 accusator.
1082 733 1117 760 ³⁷
1128 734 1338 777 Simulatis
1363 735 1542 774 lacrimis
1571 736 1612 774 in
1638 736 1808 776 alterius

383 796 607 847 perniciem
641 807 758 834 veras
793 807 900 833 meas
933 793 1123 832 lacrimas
1157 797 1357 844 suspectas
1390 791 1468 832 tibi
1483 791 1608 845 fecit.
1642 791 1676 827 ³⁸
1690 807 1804 846 quum

391 853 489 904 ipse,
510 866 560 892 ex
588 865 665 905 quo
694 851 746 890 ab
773 850 904 890 Roma
934 849 1056 898 redii,
1086 863 1165 901 per
1192 849 1343 888 occulta
1373 863 1455 889 cum
1486 849 1568 889 suis
1595 850 1806 903 conloquia

372 910 476 950 ,dics
505 915 711 962 noctesque
740 908 977 953 insidietur,·
1020 907 1125 945 ultro
1154 905 1256 945 mihi
1284 919 1362 944 non
1393 906 1650 946 insidiatoris
1678 908 1804 954 modo,

374 967 459 1016 *sed
476 966 652 1006 latronis
670 964 876 1018 manifesti
895 969 933 1004 et
945 963 1204 1016 percussoris,
1225 963 1391 1015 speciem
1413 963 1558 1003 induit.
1617 964 1808 1004 Pericula

389 1037 459 1063 suo
479 1029 518 1063 te
537 1028 723 1071 erterret,
738 1028 781 1062 ut
803 1019 1116 1075 innoxiofmtri
1127 1034 1205 1072 per
1223 1020 1396 1059 eumdem
1419 1026 1456 1059 te
1477 1027 1651 1060 maturet
1665 1022 1806 1073 perni-

388 1081 499 1120 ciem.
515 1080 744 1134 perfugium
765 1078 844 1119 sihi
861 1092 1052 1131 nusquam
1071 1077 1254 1130 gentium
1275 1091 1354 1117 esse
1373 1077 1450 1127 ait,
1472 1083 1516 1116 ut
1536 1091 1608 1131 ego
1627 1090 1676 1117 ne
1695 1079 1808 1130 apud

388 1144 428 1178 te
467 1138 624 1190 quidem
663 1137 879 1189 quidquam
912 1135 1000 1186 spei
1032 1135 1200 1187 reliquae
1231 1133 1412 1173 habeam.
1477 1133 1804 1183 Circumvenlum,

387 1194 524 1243 solum,
561 1195 731 1245 inopem,
765 1191 799 1216 ⁵⁹
808 1192 966 1232 invidia
995 1191 1149 1244 gratiae
1182 1197 1371 1240 externae,
1403 1204 1490 1244 quoe
1519 1190 1625 1231 obest
1648 1192 1803 1244 potius,

385 1264 505 1305 quam
519 1251 699 1303 prodest,
721 1255 871 1290 onerat.
930 1248 1026 1290 Jam
1047 1249 1151 1288 illud
1169 1261 1287 1301 quam
1308 1248 1568 1300 accusatorie,
1586 1249 1691 1301 quod
1708 1263 1802 1289 noc-

387 1309 441 1349 tis
459 1306 575 1361 hujus
595 1308 744 1347 crimen
774 1306 930 1346 miscuit
949 1319 1032 1345 cum
1053 1311 1184 1345 cetera
1206 1305 1468 1345 insectatione
1487 1305 1582 1345 vita>
1601 1309 1725 1345 meae?
1759 1313 1802 1353 ut

387 1372 426 1405 et
446 1365 530 1413 hoc,
554 1365 661 1418 quod
673 1363 782 1417 jam,
806 1363 924 1416 quale
952 1363 1018 1410 sit,
1040 1362 1150 1410 scies,
1173 1367 1389 1414 suspectum
1418 1362 1504 1401 alio
1532 1363 1628 1402 vitae
1656 1368 1804 1403 nostrae

385 1429 524 1463 tenore
526 1423 712 1475 faceret.-
745 1427 783 1461 et
805 1421 917 1460 illam
938 1433 1087 1460 vanam
1106 1419 1427 1458 criminationem
1446 1419 1546 1470 spei,
1568 1419 1800 1469 voluntatis,

385 1479 638 1519 consiliorum
660 1492 830 1518 meorum
850 1482 1040 1516 nocturno
1061 1476 1132 1515 hoc
1141 1477 1249 1528 ficto
1270 1481 1308 1515 et
1338 1476 1552 1528 composito
1571 1484 1806 1529 argumento

368 1536 556 1590 fulciret.
597 1535 724 1576 Simul
738 1541 775 1575 et
797 1535 901 1574 illud.
919 1533 1112 1587 quaesivit,
1128 1540 1171 1573 ut
1186 1533 1396 1585 repentina
1413 1539 1450 1572 et
1471 1533 1631 1573 minime
1637 1546 1804 1586 praepa-

386 1599 482 1633 rata
496 1593 697 1633 accusatio
713 1593 930 1640 videretur,
948 1591 1096 1643 quippe
1111 1605 1159 1630 ex
1179 1590 1306 1630 noctis
1325 1588 1440 1642 liujus
1459 1595 1562 1629 metu
1582 1596 1619 1630 et
1635 1592 1804 1632 tumultu

387 1651 599 1702 repentino
619 1655 773 1689 exorta.
819 1647 1011 1700 Oportuit
1033 1653 1176 1695 antem,
1194 1648 1359 1696 Persen,
1382 1647 1418 1687 si
1425 1647 1617 1699 proditor
1636 1661 1708 1701 ego
1721 1662 1802 1700 pa-

389 1708 464 1748 tris
484 1707 677 1760 regnique
696 1720 819 1753 eram,
841 1705 878 1745 si
905 1718 990 1744 cum
1010 1704 1222 1755 Romanis,
1242 1705 1279 1744 si
1299 1717 1382 1743 cum
1412 1704 1510 1744 aliis
1538 1704 1710 1753 inimicis
1721 1719 1802 1757 pa-

385 1765 462 1804 tris
492 1764 664 1803 inieram
693 1763 876 1809 consilia,
909 1775 987 1801 non
1018 1767 1286 1813 exspectatam
1309 1759 1498 1812 sabulum
1534 1761 1658 1802 noctis
1686 1761 1803 1815 liujus

386 1835 478 1868 esse,
496 1820 606 1860 ‘¹⁰sed
618 1820 868 1873 proditionis
889 1831 984 1858 meae
1003 1824 1098 1857 ante
1119 1832 1176 1856 me
1191 1827 1437 1858 accusatum:
1459 1817 1497 1857 si
1517 1818 1591 1856 illa
1607 1825 1799 1870 separata

385 1877 437 1917 ab
465 1878 542 1917 hac
570 1890 676 1917 vana
705 1876 908 1916 accusatio
937 1880 1039 1922 erat,
1071 1875 1342 1927 invidiamque
1376 1880 1486 1914 tuam
1520 1874 1708 1915 adversus
1741 1889 1802 1916 me

600 1964 608 1988 ¹
623 1962 906 2003 diusitencz'umfuit
920 1962 1016 1993 Gron.
1033 1963 1123 1993 Crev.
1295 1963 1484 2001 mjuberetur
1497 1962 1586 1993 Crev.

429 2052 470 2082 36
495 2052 609 2082 Deinde
634 2051 687 2079 diu
711 2049 859 2079 silentium
876 2047 957 2089 fuit,
980 2058 1069 2088 quum
1155 2048 1195 2078 38
1222 2047 1320 2081 Quum
1349 2048 1406 2086 ipse
1427 2069 1436 2079 .
1461 2070 1470 2078 .
1493 2070 1502 2077 .
1525 2048 1692 2083 insidietur,
1721 2047 1803 2077 ultro

384 2096 535 2136 per-tirsum
548 2093 644 2135 fletu]
678 2091 871 2122 Mutavimus
894 2090 1069 2132 interpunc-

385 2137 511 2173 tionem,
535 2146 604 2178 quae
626 2135 659 2165 in
681 2134 772 2165 editis
792 2134 918 2164 finiebat
947 2143 1070 2164 sensum

385 2186 454 2221 post
484 2180 549 2210 brec
579 2178 672 2209 verba
699 2178 845 2207 sitentium
877 2176 947 2213 fuit.
994 2176 1070 2206 Ideo

385 2222 467 2253 enim
493 2223 547 2252 diu
573 2220 728 2252 silentium
754 2219 820 2254 fuit,
844 2218 917 2260 quia
940 2228 1068 2260 appare-

385 2265 440 2295 bat
467 2264 608 2295 omnibus
638 2262 830 2293 Demetrium
860 2262 1068 2303 praepediente

384 2308 459 2339 ssetu
481 2306 565 2348 loqui
593 2316 652 2336 non
679 2315 776 2346 posse.
803 2314 838 2335 ac
865 2303 990 2346 proinde
1016 2314 1068 2334 ex-

384 2350 598 2392 spectandum,
629 2348 725 2379 donec
762 2347 892 2377 liberum
922 2347 949 2377 ei
987 2346 1069 2378 vocis

384 2403 472 2424 usum
503 2397 717 2424 exarescentes
745 2389 888 2431 lacrymae
914 2389 1068 2431 permitte-

385 2442 459 2466 rent.
506 2436 544 2465 ln
569 2434 605 2464 iis
628 2444 695 2474 quae
718 2438 886 2473 sequuntur
909 2432 958 2462 edi
980 2442 1067 2463 cura-

385 2478 495 2513 vimus,
515 2489 603 2518 quum
626 2479 720 2507 dicere
733 2477 901 2514 juberetur,
917 2474 1069 2515 quomodo

385 2521 501 2552 habent
524 2520 584 2550 duo
608 2520 701 2550 MSS.
717 2519 786 2550 Jac.
803 2518 957 2549 Gronovio
981 2517 1066 2552 alter.

386 2564 462 2594 alter
483 2561 630 2596 Hearnim
646 2560 787 2603 inspecti.
834 2560 1066 2601 Vulgati,j1⁴be-

381 2613 458 2636 rent.
505 2604 834 2642 Vict.co‹lexju!1e1·et.

424 2648 654 2680 37¹*Simuhuis
697 2647 832 2685 lacrymis
872 2647 900 2674 in
945 2646 1067 2675 alferius

379 2691 551 2733 perniciem]
586 2688 744 2720 Simulatis
766 2686 940 2727 coactisque
968 2688 1066 2728 lacry-

383 2735 451 2769 mis,
477 2744 555 2776 quas
581 2732 660 2763 fudit
685 2741 744 2762 non
771 2729 958 2771 deprecandi
989 2729 1067 2770 peri-

382 2777 443 2808 culi
460 2777 505 2808 sui
530 2786 635 2810 causa,
651 2773 731 2816 quod
756 2773 873 2804 nullum
890 2777 946 2806 est.
962 2772 1015 2802 sed
1034 2777 1067 2801 ut

384 2819 482 2854 alteri,
513 2818 585 2849 mihi
622 2817 748 2852 scilicet,
780 2814 944 2857 perniciem
981 2824 1063 2844 cre-‘1-

384 2869 439 2892 ret.

1113 2090 1199 2130 mihi]
1224 2091 1264 2120 Et
1287 2089 1335 2120 liic
1351 2090 1438 2120 aliter
1461 2089 1689 2131 distinguimuS,
1704 2099 1797 2130 quam

1115 2133 1251 2174 plerique
1266 2132 1340 2163 editi
1363 2138 1481 2163 notant.
1526 2133 1585 2163 Hae
1605 2132 1687 2164 enim
1708 2142 1799 2163 voces

1114 2177 1193 2206 ultro
1219 2177 1290 2206 mihi
1316 2176 1404 2206 nobis
1432 2175 1604 2208 necessario
1630 2175 1702 2206 visae
1727 2181 1798 2206 sunt

1113 2218 1337 2259 conjungendae
1366 2228 1437 2249 cum
1465 2218 1558 2249 verbo
1580 2219 1686 2249 induit.
1733 2218 1797 2254 Qui

1111 2260 1273 2292 insidiatur
1297 2260 1382 2297 mihi,
1406 2260 1431 2291 is
1454 2261 1519 2303 ipse
1541 2271 1590 2291 me
1617 2259 1795 2291 insidiarum

1113 2309 1248 2335 accusat.
1307 2304 1357 2334 De
1386 2303 1415 2333 vi
1444 2310 1475 2334 et
1501 2302 1684 2345 proprietate
1713 2302 1797 2333 vocis

1112 2348 1191 2376 ultro
1206 2346 1267 2376 vid.
1281 2352 1344 2377 not.
1360 2346 1413 2376 39.
1427 2346 1500 2377 adl.
1519 2347 1546 2376 I.
1561 2355 1588 2375 c.
1603 2347 1634 2376 5.

1155 2389 1351 2420 3901nvidia
1373 2390 1478 2431 gratia:
1501 2387 1638 2428 arrei-nm]
1671 2387 1795 2419 Invidia

1113 2432 1144 2462 in
1167 2442 1216 2463 me
1238 2431 1391 2462 concitata
1411 2431 1451 2460 ob
1473 2430 1601 2471 gratiam
1623 2440 1717 2471 quam
1739 2430 1794 2461 ba-

1113 2475 1170 2505 beo
1199 2473 1281 2516 apud
1312 2479 1446 2505 exteros:
1486 2483 1595 2514 nempe
1625 2473 1795 2507 Romanos,

1112 2527 1240 2558 quorum
1264 2526 1384 2552 nomen,
1408 2514 1537 2546 invisum
1562 2515 1652 2558 patri,
1675 2516 1794 2558 suppri-

1111 2565 1177 2590 mit,

1156 2603 1197 2633 40
1221 2602 1275 2632 Sed
1298 2601 1469 2641 proditionis
1491 2611 1558 2631 meoe
1585 2607 1653 2631 ante
1679 2612 1723 2632 mo
1746 2612 1795 2631 ae-

1109 2645 1258 2685 ansatum]
1316 2645 1584 2685 supervacaneum
1639 2641 1797 2675 Gronovio

1110 2687 1228 2717 videtur
1257 2685 1290 2716 τὶ
1317 2696 1390 2716 nuere.
1449 2685 1532 2726 lund
1559 2695 1630 2727 vero
1653 2695 1725 2727 cum
1746 2696 1793 2717 se-

1111 2729 1216 2770 quenti
1240 2739 1313 2760 voce
1336 2735 1404 2759 ante
1430 2729 1516 2759 abest
1539 2739 1558 2759 a
1579 2727 1684 2760 codice
1710 2728 1793 2759 Vict.

1112 2772 1203 2802 Hanc
1233 2777 1335 2802 tamen
1365 2777 1445 2802 certe
1475 2770 1665 2812 retinendam
1694 2771 1791 2802 credi-

1110 2814 1256 2845 derimuS.
