1947 3222
154 616 289 647 Romani

156 659 322 699 Karthagi-

153 701 355 742 nemlegatos
390 725 407 736 r

154 744 279 774 mittunt
297 745 335 775 ad

155 797 302 817 accusan-

156 829 229 859 ‹ium
248 830 334 860 Han-
366 836 400 860 36

156 872 299 902 nibaleni.

159 1738 289 1778 Aufugit

163 1781 331 1813 Hannibal.

362 114 439 147 130*

363 330 491 374 cione,
512 337 554 370 et
572 329 766 385 praestitit
788 329 1048 385 promissum.

881 103 1242 147 T1T1L1vl1

152 227 328 257 1'.c.5'›7.
362 218 430 266 tis,
457 216 616 258 tributo
647 216 820 280 privatis
849 217 1032 267 remisso,
1064 216 1161 257 satis
1192 215 1441 272 locupletem
1473 214 1779 271 rempublicam

152 269 241 300 A-C·
259 268 330 300 195.
361 273 450 314 fore
471 272 524 313 ad
553 273 729 329 vectigal
758 273 1043 329 praestandum
1066 272 1279 323 Romanis,
1301 272 1593 335 pronunciavit
1620 271 1662 312 in
1683 287 1778 313 con-

1111 330 1225 370 Tum
1250 344 1345 369 vero
1365 328 1449 378 isti,
1472 343 1577 384 quos
1604 338 1777 384 paverat

362 400 438 441 per
471 385 629 442 aliquot
663 401 791 426 annos
824 384 1018 441 publicus
1049 385 1281 442 peculatus,
1310 385 1426 426 velut
1461 384 1580 426 bonis
1610 385 1777 440 ereptis,

363 457 445 483 non
475 442 590 484 furto
614 456 757 483 eorum
788 441 980 482 manibus
1008 450 1187 492 extorto,
1209 441 1357 482 infensi
1379 450 1419 483 et
1449 441 1545 482 irati
1568 441 1780 483 Romanos

364 498 409 539 in
443 499 738 548 Hannibalem,
769 506 810 538 et
846 498 957 553 ipsos
989 513 1175 539 caussam
1208 498 1294 538 odii
1329 506 1576 554 quaerentes,
1609 498 1782 561 instiga-

355 555 477 597 bant.

540 555 705 610 Itaque,
742 554 814 595 diu
856 563 1116 610 repugnante
1159 554 1347 610 Scipione
1385 554 1596 604 Africano,
1633 553 1782 610 5³qu1a

364 626 513 667 parum
543 627 594 651 ex
624 610 770 666 populi
793 610 970 651 Romani
1001 611 1205 666 dignitate
1231 626 1316 651 esse
1341 611 1535 661 ducebat,
1556 610 1589 634 ³4
1604 611 1780 652 subscri-

364 668 461 708 bere
502 667 606 708 odiis
646 667 1062 723 accusationibusque
1104 667 1366 717 Hannibalis,
1404 667 1437 691 ⁵⁵
1450 676 1491 709 et
1529 667 1783 709 factionibus

368 723 778 779 karthaginiensium
808 724 986 764 inserere
1015 723 1227 779 publicam
1256 723 1560 774 auctoritatem,
1581 740 1655 765 nec
1685 724 1783 765 satis

366 781 517 821 habere
563 780 673 821 bello
721 779 863 821 vicisse
904 780 1198 829 Hannibalem,
1239 779 1316 820 nisi
1361 780 1477 821 velut
1525 789 1783 822 accusatores

407 837 653 878 calumniam
684 837 728 877 in
754 852 849 877 eum
885 837 1086 892 jurarent,
1109 853 1155 878 ac
1184 851 1333 877 nomen
1363 836 1586 887 deferrent,
1608 837 1776 878 tandem

367 894 647 950 pervicerunt,
679 901 727 934 ut
757 883 885 949 legati
917 893 1218 949 Karthaginem
1253 893 1534 943 mitterentur,
1565 894 1639 948 qui
1669 894 1783 949 apud

369 959 557 991 senatum
588 965 731 991 eorum
762 959 998 1005 arguerent,
1022 949 1303 991 Hannibalem
1333 964 1428 990 cum
1451 949 1663 990 Antiocho
1687 965 1785 1005 rege

369 1007 535 1047 consilia
574 1006 673 1047 belli
707 1006 885 1047 faciendi
920 1007 1034 1047 inire.

1096 1006 1249 1062 Legati
1285 1014 1368 1046 tres
1402 1005 1529 1056 missi,
1569 1007 1615 1046 C.
1651 1007 1786 1047 Servi-

369 1063 463 1112 lius,
488 1063 551 1104 M.
572 1062 775 1104 Claudius
793 1063 1034 1112 Marcellus,
1058 1064 1106 1113 Q.
1124 1060 1350 1103 Terentius
1373 1062 1532 1103 Culleo.
1555 1062 1629 1118 qui
1650 1077 1783 1118 quum

369 1119 590 1170 venissent,
627 1135 678 1160 ex
711 1119 879 1160 consilio
910 1119 1171 1160 inimicorum
1204 1118 1468 1169 Hannibalis,
1499 1119 1786 1174 quaerentibus

371 1191 556 1217 caussam
586 1176 791 1217 adventus
821 1175 902 1216 dici
928 1176 1171 1232 jusserunt3
1205 1175 1362 1216 venisse
1386 1175 1439 1215 ad
1470 1176 1784 1226 controversias,

371 1248 466 1287 quae
507 1248 599 1273 cum
643 1232 865 1273 Masinissa
906 1247 1004 1288 rege
1044 1231 1324 1273 Numidarum
1367 1231 1787 1286 Karthaginiensibus

371 1298 519 1339 essent,
542 1289 804 1330 dirimendas.
836 1288 880 1329 id
910 1289 1114 1330 creditum
1142 1288 1282 1344 vulgo.

1344 1287 1622 1328 Hannibalem
1653 1303 1785 1329 unum

371 1360 412 1385 se
442 1346 529 1401 peti
559 1346 612 1386 ab
643 1345 842 1386 Romanis
871 1360 954 1386 non
988 1345 1185 1392 fallebat;
1218 1353 1258 1385 et
1292 1345 1353 1385 ita
1386 1359 1529 1399 pacem
1561 1344 1787 1400 Karthagi-

369 1401 581 1442 niensibus
619 1401 760 1443 datam
799 1417 899 1451 esse,
934 1410 983 1442 ut
1022 1401 1271 1457 inexpiabile
1310 1400 1466 1442 bellum
1506 1400 1704 1442 adversus
1744 1417 1787 1443 se

371 1473 502 1498 unum
532 1465 729 1499 maneret.

792 1459 944 1513 Itaque
965 1458 1109 1498 cedere
1139 1457 1316 1513 tempori
1338 1466 1379 1498 et
1408 1457 1589 1498 fortunae
1611 1457 1784 1506 statuit;

372 1522 427 1563 et,
460 1514 704 1570 praeparatis
732 1514 820 1570 jam
851 1513 1044 1554 omnibus
1073 1522 1169 1555 ante
1199 1513 1253 1554 ad
1284 1514 1445 1568 fugam,
1466 1513 1710 1554 obversatus
1739 1529 1788 1555 eo

372 1570 439 1611 die
471 1570 513 1611 in
548 1571 639 1611 foro
674 1570 914 1612 avertendae
950 1570 1192 1626 suspicionis
1230 1585 1388 1620 caussa,
1429 1569 1574 1625 primis
1610 1569 1790 1612 tenebris

372 1627 526 1668 vestitu
568 1627 720 1667 forensi
755 1627 809 1668 ad
847 1635 1012 1682 portam
1047 1642 1142 1668 cum
1178 1626 1344 1667 duobus
1378 1625 1600 1667 comitibus
1635 1626 1788 1682 ignaris

372 1683 530 1723 consilii
552 1691 613 1724 est
633 1698 833 1738 egressus.

432 1740 654 1780 XLVIII.
688 1741 829 1789 Quum
850 1739 963 1802 equi,
985 1754 1070 1795 quo
1091 1737 1131 1777 in
1153 1739 1242 1780 loco
1267 1739 1373 1795 jussi
1395 1748 1526 1789 erant,
1548 1748 1702 1804 praesto
1722 1739 1789 1781 fu-

370 1796 514 1846 issent,
556 1805 675 1837 nocte
713 1795 823 1836 ³⁷via
861 1804 943 1837 elta
984 1796 1194 1851 regionem

1236 1795 1460 1851 quamdam
1501 1810 1590 1851 agri
1632 1797 1787 1837 Vocani

373 1861 669 1908 transgressus,
684 1861 850 1908 postero
872 1852 938 1893 die
958 1867 1078 1893 mane
1098 1852 1206 1893 inter
1225 1851 1259 1877 ³⁸
1267 1852 1487 1893 Achollam
1508 1861 1548 1893 et
1565 1852 1786 1908 Thapsum

415 1993 455 2022 33
482 1992 560 2026 Quia
593 2003 699 2031 parum
736 2003 767 2022 er
802 1993 901 2032 populi
931 1991 1057 2022 Romani

373 2036 518 2075 dignitate
536 2035 605 2076 esse]
631 2034 786 2065 Correctio
806 2034 953 2065 Manutii.
990 2035 1056 2065 An-

374 2077 459 2117 tiqua
494 2078 584 2108 lectio
617 2077 843 2119 corruptissima
871 2083 953 2108 erat:
991 2079 1060 2117 quia

372 2131 478 2158 purum
514 2127 710 2161 expugnantes
746 2131 782 2151 se.

374 2174 424 2202 qui
439 2173 555 2201 porum.

417 2205 458 2235 34
493 2205 671 2236 subscribere
707 2207 778 2236 odiis
818 2207 1060 2236 accusationibus-

375 2258 428 2286 que
454 2248 621 2289 Annibalis]
668 2249 807 2279 Verbum
840 2248 993 2290 proprium
1029 2249 1061 2279 in

376 2290 582 2321 accusatione.
626 2291 797 2322 Accusator
812 2296 876 2322 erat
893 2291 917 2321 is
932 2291 984 2332 qui
1006 2302 1058 2322 no-

374 2342 447 2362 men
463 2331 626 2367 detulerat,
644 2333 758 2375 quique
781 2334 812 2364 in
836 2333 955 2374 agendo
976 2334 1059 2376 prin-

376 2384 449 2416 ceps
463 2381 538 2405 erat.
571 2376 633 2412 Qui
649 2387 719 2407 vero
734 2387 767 2407 se
784 2376 811 2407 ei
827 2376 982 2417 adjutores
998 2378 1060 2408 fore

376 2422 407 2447 et
428 2418 569 2448 eamdem
597 2429 666 2449 cum
695 2419 760 2461 ipso
786 2429 911 2450 causam
940 2426 1061 2451 acturos

375 2470 441 2490 esse
469 2461 699 2501 profitebantur,
729 2462 748 2492 ii
778 2463 950 2492 subscribere
977 2462 1060 2493 dice-

375 2503 488 2532 bantur
510 2505 709 2541 accusationi,
731 2510 762 2535 et
784 2505 974 2535 vocabantur
995 2507 1060 2536 sub-

375 2554 534 2584 scriptores.

419 2589 539 2619 35³1&
561 2589 744 2630 frictionibus
774 2591 1058 2630 Cnrrlmginiensium

376 2632 499 2662 inserere
520 2633 662 2671 publicam
686 2630 904 2674 auam-itatem]
940 2634 980 2663 Et
1004 2634 1058 2663 im·

377 2672 503 2704 miscere
525 2685 635 2706 nomen
658 2675 932 2716 auctoritatemque
955 2676 1059 2716 populi

378 2716 512 2747 Romani
536 2717 719 2748 factionibus
743 2717 1058 2757 Carthaginiensium,

378 2757 418 2788 ita
445 2766 475 2789 ut
499 2760 633 2791 Romani
657 2771 721 2791 sese
746 2761 830 2790 alteri
856 2760 978 2791 factioni
1005 2761 1058 2790 atl-

379 2812 406 2829 u
417 2812 479 2831 rsus
498 2803 550 2832 ³111<
562 2814 623 2833 rain
643 2803 853 2844 adjungerent.

418 2846 459 2874 3ίί
498 2847 681 2877 Calumniam
727 2848 755 2876 in
801 2858 862 2877 cum
898 2847 1058 2885 ,jun-aram]

838 2120 919 2162 Lege
955 2125 1059 2151 tamen

1102 1991 1299 2023 Calumniam
1324 1992 1440 2033 jurare,
1464 1991 1527 2023 sive
1548 1992 1651 2033 jurare
1674 1992 1713 2023 de
1737 2001 1790 2023 ca-

1102 2034 1230 2071 lumnia,
1259 2035 1520 2075 quemadmodum
1555 2035 1687 2076 loquitur
1714 2036 1789 2066 Jus-

1103 2077 1249 2113 tinianus,
1275 2078 1295 2107 l.
1320 2078 1367 2109 11.
1394 2078 1494 2108 Instit-
1520 2077 1566 2108 tit.
1593 2079 1644 2108 23.
1669 2083 1714 2109 est
1735 2077 1787 2118 ju-

1103 2130 1169 2152 rare
1199 2131 1230 2151 se
1259 2130 1319 2151 non
1349 2120 1571 2160 calumniandi,
1597 2126 1650 2151 aut
1676 2120 1788 2161 injuste

1104 2163 1234 2194 vexandi
1257 2173 1442 2204 quemquam
1465 2162 1567 2194 animo
1594 2162 1679 2194 litem
1703 2163 1791 2193 insti-

1104 2211 1200 2236 tuere.
1245 2206 1313 2236 Hoc
1334 2205 1543 2247 juramentum
1569 2210 1714 2247 praestare
1740 2215 1789 2236 so-

1104 2248 1172 2278 litos
1188 2259 1254 2280 esse
1271 2255 1472 2283 accusatores,
1490 2259 1528 2279 ex
1550 2247 1608 2279 hoc
1632 2247 1698 2290 ipso
1720 2248 1789 2279 loco

1104 2297 1242 2332 apparet.
1288 2291 1324 2321 ld
1348 2291 1438 2332 igitur
1465 2291 1642 2331 indignatur
1669 2290 1785 2332 Scipio,

1103 2334 1185 2374 quod
1222 2333 1357 2364 Romani
1400 2339 1548 2374 tanquam
1591 2339 1783 2364 accusatores

1104 2387 1189 2407 reum
1206 2387 1295 2417 agere
1310 2376 1392 2407 velut
1409 2377 1465 2407 sub
1476 2375 1582 2416 judice
1598 2375 1787 2408 Annibalem

1104 2419 1208 2450 velint.

1147 2463 1187 2492 37
1216 2462 1267 2491 Via
1282 2462 1358 2502 cita]
1384 2461 1415 2491 Si
1430 2461 1506 2491 nihil
1520 2460 1571 2490 hic
1586 2459 1651 2490 vitii
1667 2465 1725 2496 est,
1741 2459 1789 2490 in-

1104 2504 1221 2545 tellige,
1239 2509 1392 2534 maturato
1406 2503 1523 2534 itinere.

1146 2549 1187 2578 38
1211 2547 1374 2587 Acholium]
1412 2545 1483 2577 Sive
1519 2545 1669 2576 Admllum
1702 2545 1789 2585 legas

1105 2600 1173 2620 cum
1195 2589 1330 2630 Sigonio.
1346 2589 1409 2619 sive
1431 2599 1503 2619 cum
1526 2587 1676 2630 prioribus
1697 2588 1790 2619 editis

1106 2633 1250 2672 Acyllam,
1265 2631 1348 2663 haud
1362 2630 1493 2662 multum
1516 2631 1652 2661 interest.
1698 2629 1787 2662 Idem

1104 2676 1184 2705 enim
1207 2681 1334 2715 utroque
1361 2674 1483 2704 nomine
1511 2673 1658 2715 oppidum
1687 2673 1788 2714 desig-

1103 2724 1201 2748 natur.
1248 2718 1357 2748 Strabo
1384 2716 1498 2757 aliique
1530 2716 1631 2747 Graeci
1659 2715 1786 2758 scripto-

1105 2771 1151 2791 res
1168 2759 1313 2790 ,dc-hollam
1338 2760 1475 2790 firmant:
1503 2759 1622 2791 Hirtius
1642 2759 1680 2789 de
1697 2757 1787 2789 Bello

1106 2803 1200 2834 Afric.
1216 2804 1359 2844 Acyllam.
