1947 3222
550 116 670 154 LIB.
700 114 867 152 XXXV.
906 115 1025 152 CAP.
1057 115 1204 153 XLIX.
1504 122 1574 155 231

166 226 278 277 apud
298 240 406 279 quos,
429 226 546 267 verba
560 225 740 277 faceret,
763 220 912 272 dicere,
935 224 1218 264 Archidamum
1240 227 1436 266 rationem
1456 227 1680 270 Μῶα-ΠΟ.
1697 238 1769 268 560.

165 283 252 322 isse.
314 283 482 324 Achoeos
501 283 603 322 enim
617 280 747 334 probe
766 281 881 330 scire,
900 280 1131 321 AEtolorum
1152 294 1299 320 omnem
1310 280 1512 333 ferociam
1535 285 1578 324 in
1590 283 1631 313 A.
1644 281 1682 312 C·
1696 282 1767 312 ¹9²·

165 339 308 388 verbis,
324 354 402 380 non
424 339 619 393 infectis,
638 353 737 378 esse:
769 344 807 377 et
828 338 871 377 in
892 338 1074 378 conciliis
1094 337 1223 391 magis
1237 340 1576 394 concionihusque,

165 411 282 449 quam
313 399 356 436 in
385 397 483 444 acie,
506 397 720 448 adparere.
753 396 891 448 itaque
913 396 1038 448 parvi
1059 394 1292 435 Achaeorum
1314 397 1579 438 existimatio-

165 468 264 502 nem,
288 453 428 506 quibus
456 459 569 493 notos
589 466 666 493 csse
689 467 728 493 se
754 453 1096 507 scirent,fecisse:
1126 453 1273 506 legatis
1302 453 1418 506 regis,
1443 460 1479 493 et
1505 469 1582 506 per

163 523 231 551 eos
249 511 406 551 absenti
425 511 515 564 regi
535 524 619 550 eum
640 524 680 550 se
693 508 886 563 jactasse.
953 509 1071 558 Quod
1089 510 1126 549 si
1145 510 1234 563 quis
1254 515 1377 549 antea
1400 511 1582 564 ignoras-

160 574 232 617 set,
253 581 342 620 quae
370 582 432 608 res
454 567 694 608 Antiochum
725 573 763 607 et
784 566 948 607 AElolos
977 565 1256 620 conjunxisset,
1279 581 1328 607 ea·
1357 568 1581 621 legatorum

161 638 338 664 sermone
359 626 542 676 potuisse
571 626 794 677 adparere.-
832 625 1059 665 mentiendo
1091 625 1134 664 in
1165 624 1284 665 vicem
1301 623 1583 679 jactandoque

163 682 281 730 vires,
302 695 401 735 quas
421 697 499 722 non
521 682 728 731 haberent,
745 682 906 737 inflasse
927 696 1033 722 vana
1054 696 1137 735 spe,
1155 688 1276 735 atque
1297 682 1460 737 inflatos
1481 696 1579 723 esse:

161 737 196 761 ⁵⁸
210 739 301 778 dum
332 740 386 779 iix
413 739 465 779 ab
489 754 529 780 se
550 740 789 791 Philippum
820 740 978 787 victum,
1001 753 1072 779 sua
1103 740 1248 779 virtute
1272 745 1473 791 protectos
1499 740 1583 779 Ro-

161 809 314 845 manos,
337 803 375 837 et
405 810 496 850 quce
516 798 631 837 modo
651 795 893 845 audiebatis,
916 803 1092 836 narrant
1106 812 1121 843 ;
1153 811 1218 836 vos
1237 803 1465 850 ceterasque
1485 797 1582 837 civi-

165 859 268 893 tates
289 860 327 893 et
343 861 482 908 gentes
502 868 612 894 suam
637 860 780 894 sectam
801 868 881 894 esse
899 860 1119 894 secuturos.-
1151 868 1224 893 rea*
1243 860 1386 894 contra
1399 854 1583 906 peditum

163 911 414 964 equitumque
449 911 567 951 nubes
589 910 743 964 jactat,
777 917 815 950 et
844 911 1064 950 consternit
1100 911 1234 950 maria
1265 911 1346 951 suis
1381 911 1582 952 classibus.

162 969 241 1008 Est
262 974 393 1008 autem
409 983 473 1009 res
492 969 700 1009 simillima
721 981 843 1007 coenoe
862 968 1138 1008 Chalcidensis
1157 968 1329 1019 hospitis
1349 968 1439 1017 mei,
1458 969 1583 1008 homi-

163 1026 228 1065 nis
256 1031 294 1066 et
323 1025 431 1075 boni,
454 1031 493 1065 et
522 1026 615 1066 sciti
643 1025 928 1066 convivatoris.
950 1026 1064 1078 apud
1092 1039 1202 1078 quem
1223 1024 1472 1065 ⁵⁹solstitiali
1491 1032 1585 1065 tem-

153 1096 261 1135 pore
294 1084 459 1123 comiter
492 1084 650 1135 accepti
679 1096 799 1135 quum
828 1083 1081 1129 miraremur,
1104 1082 1210 1121 unde
1240 1082 1307 1122 illi
1337 1097 1381 1122 eo
1410 1089 1586 1134 tempore

162 1140 267 1179 anni
294 1145 377 1179 tam
408 1140 534 1179 multa
554 1146 593 1179 et
613 1140 734 1179 varia
764 1139 947 1187 venatio;
977 1140 1091 1179 homo
1112 1153 1206 1189 non,
1228 1153 1346 1192 quam
1378 1140 1449 1179 isti
1477 1145 1583 1188 sunt,

155 1197 372 1249 gloriosus,
389 1197 590 1245 renidens,
604 1197 880 1246 condimentis,
895 1197 969 1244 ait,
985 1197 1221 1237 varietatem
1240 1197 1352 1236 illam
1367 1203 1403 1236 et
1419 1197 1585 1249 speciem

144 1254 309 1307 ferina?
326 1255 465 1294 carnis
485 1269 534 1294 ea·
554 1260 759 1294 mansueto
778 1268 846 1293 sue
847 1254 1026 1307 factam.
1059 1253 1156 1293 Hoc
1176 1254 1260 1293 dici
1276 1260 1371 1307 apte
1392 1255 1433 1294 in
1451 1255 1587 1306 copias

161 1311 288 1365 regis,
310 1324 399 1365 quae
410 1312 558 1364 paullo
577 1309 857 1364 antejactatae
876 1311 972 1358 sint,
987 1325 1118 1364 posse.
1169 1310 1298 1351 Varia
1316 1312 1420 1351 enim
1433 1325 1587 1364 genera

161 1382 377 1416 armorum,
410 1375 449 1409 et
479 1370 605 1409 multa
638 1369 803 1408 nomina
833 1369 1014 1422 gentium
1045 1369 1341 1419 inauditorum,
1367 1368 1528 1419 Dahas,
1550 1375 1588 1408 et

163 1425 322 1475 Medos,
357 1432 394 1465 et
432 1427 669 1475 Caddusios,
702 1431 741 1465 et
770 1426 982 1480 Elymaeos,
1021 1427 1142 1479 Syros
1175 1440 1306 1466 omnes
1340 1440 1448 1466 esse.-
1480 1426 1592 1465 haud

154 1483 301 1534 paullo
321 1484 616 1536 mancipiorum
629 1483 780 1528 melius,
799 1488 970 1535 propter
990 1483 1156 1523 servilia
1175 1483 1355 1537 ingenia,
1375 1497 1492 1536 quam
1513 1485 1588 1523 mi-

163 1540 278 1580 litum
305 1554 444 1593 genus.
475 1546 513 1580 et
533 1541 690 1580 utinam
717 1538 911 1593 sulgjicere
930 1540 1054 1580 oculis
1083 1540 1237 1588 vestris,
1264 1539 1419 1590 Achaei,
1432 1553 1589 1592 possem

163 1598 508 1638 concursationem
535 1597 643 1651 regis
673 1597 813 1651 magni
831 1596 883 1636 ab
906 1597 1186 1647 Demetriade,
1209 1611 1314 1637 nunc
1334 1597 1526 1637 Lamiam
1547 1599 1590 1637 in

164 1654 372 1694 concilium
394 1653 637 1702 AEtolorum,
660 1667 765 1693 nunc
793 1654 1052 1694 Chalcidem!
1088 1653 1292 1695 Videretis
1321 1655 1390 1694 vix
1420 1655 1592 1694 duarum

163 1712 271 1751 ‘male
288 1713 499 1763 plenarum
527 1711 842 1766 legiuncularum
866 1711 1000 1752 instar
1021 1711 1064 1751 in
1085 1712 1230 1752 castris
1250 1712 1378 1765 regis.-
1400 1712 1590 1752 videretis

164 1782 308 1822 regem,
338 1783 443 1809 nunc
473 1770 762 1809 mendicantem
785 1782 919 1821 prope
932 1768 1190 1823 frumentum
1221 1769 1272 1809 ab
1300 1769 1463 1817 AEtolis,
1486 1770 1592 1822 quod

163 1826 290 1866 militi
309 1827 577 1867 admetiatur:
609 1839 714 1866 nunc
733 1831 891 1866 mutuas
906 1827 1103 1879 pecunias
1101 1826 1272 1879 foenore
1288 1827 1331 1866 in
1352 1825 1593 1878 stipendium

164 1889 425 1935 qucerentem:
457 1896 562 1923 nunc
591 1883 649 1922 ad
674 1889 821 1936 portas
845 1883 1056 1924 Chalcidis
1086 1890 1278 1924 stantem.-
1310 1889 1349 1923 et
1378 1890 1468 1923 mox
1499 1884 1594 1923 inde

165 1941 375 1990 exclusum,
395 1941 499 1980 nihil
528 1941 647 1980 aliud
674 1953 793 1995 quam
814 1940 964 1981 Aulide
991 1946 1112 1994 atque
1131 1941 1292 1993 Euripo
1320 1941 1526 1993 spectatis,
1549 1942 1592 1980 in

166 1996 368 2037 AEtoliam
396 1999 636 2038 redeuntem.
697 1997 818 2037 Male
836 1998 1097 2038 crediderunt
1118 2004 1157 2039 et
1179 1998 1400 2039 Antiochus
1420 1998 1593 2049 AEtolis‚

167 2059 205 2093 et
222 2054 360 2095 AEtoli
379 2056 504 2109 regiae
520 2055 712 2095 vanitati.
748 2055 834 2102 Quo
852 2055 979 2095 minus
994 2069 1061 2095 vos
1076 2055 1210 2108 decipi
1225 2055 1386 2102 debetis,
1404 2054 1437 2078 ⁶⁰
1445 2056 1516 2095 sed
1529 2070 1595 2095 ex-

156 2117 292 2163 pertoe
307 2113 444 2164 potius
462 2118 728 2165 spectatceque
744 2112 1020 2154 Romanorum
1023 2112 1137 2165 fidei
1157 2113 1329 2153 credere.
1366 2112 1471 2153 Nam
1489 2113 1596 2166 quod

165 2169 358 2222 optimum
388 2183 467 2210 esse
493 2168 715 2218 ⁶¹dicanty,
738 2183 817 2210 non
848 2170 1060 2222 interponi
1089 2184 1156 2210 vos
1186 2168 1309 2210 hello.-
1339 2169 1448 2210 nihil
1477 2170 1594 2210 immo

587 2233 612 2262 ’Χ
628 2242 657 2272 1ιί
674 2241 766 2273 Crev.
931 2245 947 2271 Y
963 2242 1067 2272 dicunt
1084 2242 1165 2273 Ead.

167 2308 280 2334 uantur
292 2304 415 2342 Achaei,
433 2303 473 2336 ad
491 2314 568 2346 quos
591 2304 685 2335 etiam
714 2303 857 2345 dirigitur

167 2351 276 2377 oratio.

211 2389 251 2419 58
275 2389 357 2419 Dum
380 2390 426 2430 hi]
452 2389 662 2432 Reposuimns
687 2390 718 2419 hi
744 2400 798 2432 pro
821 2392 855 2426 ii,

172 2436 293 2463 auctore
307 2431 393 2464 vict.
406 2433 505 2464 libro:
529 2432 613 2474 quod
635 2442 731 2473 genus
752 2432 857 2464 mendi

167 2471 232 2512 jam
253 2474 502 2515 aliquammultis‘
511 2485 549 2506 ex
571 2475 647 2507 locis
668 2476 858 2507 sustulimus.

174 2515 275 2546 Parva
299 2523 371 2548 sunt
392 2518 472 2555 haee,
496 2518 551 2549 sed
578 2529 641 2550 non
670 2517 795 2550 inutilia
818 2519 858 2549 ad

171 2557 356 2598 elegantiam
370 2561 604 2602 claritatemque
616 2561 778 2592 sermonis.

195 2641 200 2646 η
216 2601 256 2630 59
266 2601 417 2634 solstitiali
431 2604 568 2645 tempore]
587 2604 720 2635 AEstivo.
736 2605 857 2642 Quam-

173 2652 220 2673 vis
241 2643 322 2675 enim
345 2646 407 2677 duo
432 2648 493 2679 sint
514 2647 656 2684 solstitia,
676 2652 782 2679 tamen
804 2658 857 2679 ve—

174 2690 253 2715 teres
293 2688 457 2720 solstitium
498 2689 638 2721 aestivum
677 2689 858 2732 simpliciter

175 2728 325 2759 solstitium
348 2733 566 2772 appellabant;
589 2733 762 2770 hibernum,
786 2736 856 2764 bru-

175 2781 251 2817 mam
277 2772 325 2802 vel
350 2775 480 2805 brumale
501 2772 664 2808 solstitium.
708 2777 858 2818 virgilius

175 2818 304 2854 septima
334 2815 458 2857 Ecloga,
488 2829 518 2848 v.
543 2819 595 2849 47.
623 2821 776 2850 solstitium
807 2831 856 2859 pe-

173 2858 233 2885 cori
259 2856 422 2897 defendite:
445 2864 475 2890 et
497 2860 609 2902 Georg.
634 2862 656 2893 1.
680 2863 706 2892 I.
731 2873 760 2894 v.
787 2863 857 2895 100.

901 2304 1038 2334 Humida
1081 2305 1203 2336 solstitia
1245 2310 1332 2346 atque
1375 2305 1476 2336 hiemes
1516 2311 1605 2352 orate*

900 2357 1025 2378 serenas.

944 2390 986 2421 60
1009 2390 1066 2421 Sed
1091 2396 1211 2430 erpertae
1234 2391 1347 2431 potius]
1372 2390 1422 2421 Sic
1445 2390 1517 2420 olim
1549 2391 1592 2421 le-

900 2433 1040 2474 gebatur.
1086 2434 1268 2464 Mutaverat
1301 2438 1408 2476 postea
1439 2433 1592 2474 Sigonius,

902 2474 1092 2516 dederatque
1106 2477 1153 2506 sed
1175 2484 1300 2516 eapertoe
1320 2478 1410 2507 toties.
1456 2476 1516 2507 Sed
1540 2487 1594 2517 pro

901 2523 1005 2549 vetere
1025 2518 1156 2550 lectione
1179 2524 1240 2549 stat
1253 2519 1356 2550 Modii
1372 2519 1460 2555 liber,
1477 2525 1508 2549 et
1522 2528 1591 2548 nos-

901 2565 946 2592 ter
959 2561 1044 2593 Vict.
1068 2562 1183 2603 Itaque
1196 2572 1265 2593 eam
1281 2562 1486 2593 revocandam
1502 2560 1591 2591 duxi-

901 2614 980 2634 xnus.

944 2648 980 2678 61
1011 2647 1136 2683 Dicunt,
1165 2659 1224 2678 non
1252 2649 1397 2687 interponi
1423 2657 1468 2676 vos
1501 2647 1588 2687 bello]

901 2690 1007 2721 Primo
1033 2689 1224 2732 reposuimus
1253 2692 1368 2724 dicunt,
1394 2698 1448 2730 pro
1475 2691 1586 2724 dicant,

900 2739 1026 2764 auctore
1042 2734 1209 2769 Gronoviu,
1226 2733 1278 2774 qui
1300 2733 1344 2763 ita
1362 2732 1476 2762 habere
1491 2732 1585 2773 scrip-

901 2782 948 2807 tos
974 2782 1004 2807 et
1030 2781 1106 2807 vett.
1132 2776 1230 2807 editos
1257 2780 1403 2811 testatum
1427 2779 1458 2805 et
1483 2780 1585 2817 postu-

901 2819 985 2850 lante
1016 2819 1136 2850 Latinae
1162 2823 1319 2848 structurae
1349 2817 1476 2848 ratione.
1520 2818 1586 2848 De-

900 2861 973 2893 inde
1014 2861 1117 2903 scripti
1158 2861 1250 2892 etiam
1289 2860 1479 2892 Gronovia'ni
1517 2871 1587 2892 cum

986 2906 1060 2945 <24
