<?xml version="1.0" encoding="UTF-8"?>
<!DOCTYPE html PUBLIC "-//W3C//DTD XHTML 1.0 Transitional//EN"
    "http://www.w3.org/TR/xhtml1/DTD/xhtml1-transitional.dtd">
<html xmlns="http://www.w3.org/1999/xhtml" xml:lang="en" lang="en">
 <head>
  <title>
</title>
<meta http-equiv="Content-Type" content="text/html;charset=utf-8" />
  <meta name='ocr-system' content='tesseract 3.04.00' />
  <meta name='ocr-capabilities' content='ocr_page ocr_carea ocr_par ocr_line ocrx_word'/>
</head>
<body>
  <div class='ocr_page' id='page_1' title='image "./historiarumaburb03livyuoft_0016.png"; bbox 0 0 1947 3222; ppageno 0'>
   <div class='ocr_carea' id='block_1_1' title="bbox 319 101 1195 144">
    <p class='ocr_par' dir='ltr' id='par_1_1' title="bbox 319 101 1195 144">
     <span class='ocr_line' id='line_1_1' title="bbox 319 101 1195 144; baseline -0.003 0"><span class='ocrx_word' id='word_1_1' title='bbox 319 106 342 144; x_wconf 88' lang='lat'>6</span> <span class='ocrx_word' id='word_1_2' title='bbox 822 101 965 140; x_wconf 92' lang='grc' dir='ltr'><strong>ΤΙΤΙ</strong></span> <span class='ocrx_word' id='word_1_3' title='bbox 1016 104 1195 141; x_wconf 89' lang='lat' dir='ltr'>LIVII</span> 
     </span>
    </p>
   </div>
   <div class='ocr_carea' id='block_1_2' title="bbox 105 210 1744 2598">
    <p class='ocr_par' dir='ltr' id='par_1_2' title="bbox 111 210 1740 269">
     <span class='ocr_line' id='line_1_2' title="bbox 111 210 1740 269; baseline 0.002 -18"><span class='ocrx_word' id='word_1_4' title='bbox 111 221 152 251; x_wconf 85' lang='lat' dir='ltr'>U.</span> <span class='ocrx_word' id='word_1_5' title='bbox 167 220 286 251; x_wconf 55' lang='lat'>(2552.</span> <span class='ocrx_word' id='word_1_6' title='bbox 323 215 412 254; x_wconf 78' lang='lat' dir='ltr'>cius</span> <span class='ocrx_word' id='word_1_7' title='bbox 436 210 581 253; x_wconf 84' lang='lat' dir='ltr'>consul</span> <span class='ocrx_word' id='word_1_8' title='bbox 600 211 771 253; x_wconf 85' lang='lat' dir='ltr'>retulit:</span> <span class='ocrx_word' id='word_1_9' title='bbox 804 219 1056 268; x_wconf 84' lang='lat' dir='ltr'><strong>senatusque</strong></span> <span class='ocrx_word' id='word_1_10' title='bbox 1086 212 1286 262; x_wconf 82' lang='lat' dir='ltr'>decrevit,</span> <span class='ocrx_word' id='word_1_11' title='bbox 1309 212 1370 254; x_wconf 89' lang='lat' dir='ltr'>uti</span> <span class='ocrx_word' id='word_1_12' title='bbox 1396 213 1584 254; x_wconf 87' lang='lat' dir='ltr'>consules</span> <span class='ocrx_word' id='word_1_13' title='bbox 1613 214 1740 269; x_wconf 85' lang='lat' dir='ltr'>majo-</span> 
     </span>
    </p>

    <p class='ocr_par' dir='ltr' id='par_1_3' title="bbox 111 263 1742 1561">
     <span class='ocr_line' id='line_1_3' title="bbox 111 263 1739 326; baseline 0.001 -16"><span class='ocrx_word' id='word_1_14' title='bbox 111 263 151 293; x_wconf 73' lang='grc' dir='ltr'>Α·</span> <span class='ocrx_word' id='word_1_15' title='bbox 168 263 289 294; x_wconf 80' lang='lat' dir='ltr'>C.200.</span> <span class='ocrx_word' id='word_1_16' title='bbox 323 271 439 310; x_wconf 85' lang='lat' dir='ltr'>ribus</span> <span class='ocrx_word' id='word_1_17' title='bbox 468 268 614 309; x_wconf 88' lang='lat' dir='ltr'>hostiis</span> <span class='ocrx_word' id='word_1_18' title='bbox 643 284 731 309; x_wconf 87' lang='lat' dir='ltr'>rem</span> <span class='ocrx_word' id='word_1_19' title='bbox 761 267 944 308; x_wconf 87' lang='lat' dir='ltr'>divinam</span> <span class='ocrx_word' id='word_1_20' title='bbox 973 269 1172 318; x_wconf 87' lang='lat' dir='ltr'>facerent,</span> <span class='ocrx_word' id='word_1_21' title='bbox 1195 269 1350 324; x_wconf 83' lang='lat' dir='ltr'>quibus</span> <span class='ocrx_word' id='word_1_22' title='bbox 1376 270 1469 311; x_wconf 83' lang='lat' dir='ltr'>Diis</span> <span class='ocrx_word' id='word_1_23' title='bbox 1498 270 1597 326; x_wconf 88' lang='lat' dir='ltr'>ipsis</span> <span class='ocrx_word' id='word_1_24' title='bbox 1626 269 1739 311; x_wconf 90' lang='lat' dir='ltr'>vide-</span> 
     </span>
     <span class='ocr_line' id='line_1_4' title="bbox 322 324 1742 381; baseline 0 -15"><span class='ocrx_word' id='word_1_25' title='bbox 322 335 454 377; x_wconf 83' lang='lat' dir='ltr'>retur,</span> <span class='ocrx_word' id='word_1_26' title='bbox 485 340 581 366; x_wconf 88' lang='lat' dir='ltr'>cum</span> <span class='ocrx_word' id='word_1_27' title='bbox 611 325 848 381; x_wconf 81' lang='lat' dir='ltr'>precatione</span> <span class='ocrx_word' id='word_1_28' title='bbox 879 339 949 365; x_wconf 87' lang='lat' dir='ltr'>ca:</span> <span class='ocrx_word' id='word_1_29' title='bbox 987 324 1164 374; x_wconf 76' lang='lat' dir='ltr'>²³Quam</span> <span class='ocrx_word' id='word_1_30' title='bbox 1197 341 1276 366; x_wconf 82' lang='lat' dir='ltr'>rem</span> <span class='ocrx_word' id='word_1_31' title='bbox 1308 333 1468 368; x_wconf 80' lang='lat' dir='ltr'>senatus</span> <span class='ocrx_word' id='word_1_32' title='bbox 1491 329 1742 380; x_wconf 79' lang='lat' dir='ltr'>populusque</span> 
     </span>
     <span class='ocr_line' id='line_1_5' title="bbox 323 381 1741 435; baseline 0.001 -13"><span class='ocrx_word' id='word_1_33' title='bbox 323 385 531 434; x_wconf 79' lang='lat' dir='ltr'>Romanus</span> <span class='ocrx_word' id='word_1_34' title='bbox 553 384 601 422; x_wconf 87' lang='lat' dir='ltr'>de</span> <span class='ocrx_word' id='word_1_35' title='bbox 621 381 828 435; x_wconf 70' lang='lat' dir='ltr'><em>republica</em></span> <span class='ocrx_word' id='word_1_36' title='bbox 850 382 972 435; x_wconf 80' lang='lat' dir='ltr'>deque</span> <span class='ocrx_word' id='word_1_37' title='bbox 1002 384 1175 431; x_wconf 77' lang='lat' dir='ltr'>ineundo</span> <span class='ocrx_word' id='word_1_38' title='bbox 1205 397 1304 424; x_wconf 82' lang='lat' dir='ltr'>novo</span> <span class='ocrx_word' id='word_1_39' title='bbox 1325 383 1426 424; x_wconf 76' lang='lat' dir='ltr'>bello</span> <span class='ocrx_word' id='word_1_40' title='bbox 1448 386 1490 425; x_wconf 83' lang='lat' dir='ltr'>in</span> <span class='ocrx_word' id='word_1_41' title='bbox 1512 385 1646 424; x_wconf 75' lang='lat' dir='ltr'>animo</span> <span class='ocrx_word' id='word_1_42' title='bbox 1665 385 1741 427; x_wconf 56' lang='lat' dir='ltr'>lta-e</span> 
     </span>
     <span class='ocr_line' id='line_1_6' title="bbox 323 439 1739 492; baseline 0.001 -13"><span class='ocrx_word' id='word_1_43' title='bbox 323 441 445 491; x_wconf 82' lang='lat' dir='ltr'>beret,</span> <span class='ocrx_word' id='word_1_44' title='bbox 468 454 514 480; x_wconf 82' lang='lat' dir='ltr'>ea</span> <span class='ocrx_word' id='word_1_45' title='bbox 536 453 599 479; x_wconf 90' lang='lat' dir='ltr'>res</span> <span class='ocrx_word' id='word_1_46' title='bbox 619 441 680 478; x_wconf 72' lang='lat' dir='ltr'>utc&#39;</span> <span class='ocrx_word' id='word_1_47' title='bbox 693 440 842 491; x_wconf 77' lang='lat' dir='ltr'>populo</span> <span class='ocrx_word' id='word_1_48' title='bbox 865 439 1062 488; x_wconf 79' lang='lat' dir='ltr'>Romano,</span> <span class='ocrx_word' id='word_1_49' title='bbox 1085 440 1290 492; x_wconf 79' lang='lat' dir='ltr'>sociisque,</span> <span class='ocrx_word' id='word_1_50' title='bbox 1314 455 1362 480; x_wconf 83' lang='lat' dir='ltr'>ac</span> <span class='ocrx_word' id='word_1_51' title='bbox 1391 443 1546 481; x_wconf 71' lang='lat' dir='ltr'>nomini</span> <span class='ocrx_word' id='word_1_52' title='bbox 1567 442 1739 489; x_wconf 77' lang='lat' dir='ltr'>Latino,</span> 
     </span>
     <span class='ocr_line' id='line_1_7' title="bbox 322 494 1740 554; baseline 0.001 -17"><span class='ocrx_word' id='word_1_53' title='bbox 322 497 419 537; x_wconf 80' lang='lat' dir='ltr'>bene</span> <span class='ocrx_word' id='word_1_54' title='bbox 439 511 486 537; x_wconf 79' lang='lat' dir='ltr'>ac</span> <span class='ocrx_word' id='word_1_55' title='bbox 505 494 690 547; x_wconf 36' lang='lat' dir='ltr'>‘feliciter</span> <span class='ocrx_word' id='word_1_56' title='bbox 719 496 915 536; x_wconf 75' lang='lat' dir='ltr'>eveniret:</span> <span class='ocrx_word' id='word_1_57' title='bbox 947 496 1175 537; x_wconf 87' lang='lat' dir='ltr'>secundum</span> <span class='ocrx_word' id='word_1_58' title='bbox 1207 511 1294 537; x_wconf 90' lang='lat' dir='ltr'>rem</span> <span class='ocrx_word' id='word_1_59' title='bbox 1325 496 1508 538; x_wconf 85' lang='lat' dir='ltr'>divinam</span> <span class='ocrx_word' id='word_1_60' title='bbox 1539 498 1740 554; x_wconf 87' lang='lat' dir='ltr'>precatio-</span> 
     </span>
     <span class='ocr_line' id='line_1_8' title="bbox 322 551 1741 609; baseline 0 -13"><span class='ocrx_word' id='word_1_61' title='bbox 322 568 516 609; x_wconf 82' lang='lat' dir='ltr'>nemque,</span> <span class='ocrx_word' id='word_1_62' title='bbox 538 560 587 594; x_wconf 90' lang='lat' dir='ltr'>ut</span> <span class='ocrx_word' id='word_1_63' title='bbox 607 552 660 593; x_wconf 89' lang='lat' dir='ltr'>de</span> <span class='ocrx_word' id='word_1_64' title='bbox 679 552 896 608; x_wconf 81' lang='lat' dir='ltr'>republica</span> <span class='ocrx_word' id='word_1_65' title='bbox 915 551 1052 608; x_wconf 89' lang='lat' dir='ltr'>deque</span> <span class='ocrx_word' id='word_1_66' title='bbox 1082 553 1305 609; x_wconf 86' lang='lat' dir='ltr'>provinciis</span> <span class='ocrx_word' id='word_1_67' title='bbox 1335 563 1525 595; x_wconf 86' lang='lat' dir='ltr'>senatum</span> <span class='ocrx_word' id='word_1_68' title='bbox 1555 554 1741 596; x_wconf 90' lang='lat' dir='ltr'>consule-</span> 
     </span>
     <span class='ocr_line' id='line_1_9' title="bbox 322 609 1739 665; baseline -0.001 -12"><span class='ocrx_word' id='word_1_69' title='bbox 322 619 427 653; x_wconf 79' lang='lat' dir='ltr'>rent.</span> <span class='ocrx_word' id='word_1_70' title='bbox 489 611 571 650; x_wconf 82' lang='lat' dir='ltr'>Per</span> <span class='ocrx_word' id='word_1_71' title='bbox 599 625 668 650; x_wconf 87' lang='lat' dir='ltr'>eos</span> <span class='ocrx_word' id='word_1_72' title='bbox 698 609 787 650; x_wconf 89' lang='lat' dir='ltr'>dies</span> <span class='ocrx_word' id='word_1_73' title='bbox 816 617 1052 665; x_wconf 88' lang='lat' dir='ltr'>opportune</span> <span class='ocrx_word' id='word_1_74' title='bbox 1082 610 1295 652; x_wconf 85' lang='lat' dir='ltr'>irritandis</span> <span class='ocrx_word' id='word_1_75' title='bbox 1315 610 1368 651; x_wconf 85' lang='lat' dir='ltr'>ad</span> <span class='ocrx_word' id='word_1_76' title='bbox 1389 611 1546 652; x_wconf 90' lang='lat' dir='ltr'>bellum</span> <span class='ocrx_word' id='word_1_77' title='bbox 1576 611 1739 661; x_wconf 88' lang='lat' dir='ltr'>animis,</span> 
     </span>
     <span class='ocr_line' id='line_1_10' title="bbox 323 666 1742 723; baseline -0.001 -13"><span class='ocrx_word' id='word_1_78' title='bbox 323 677 364 711; x_wconf 89' lang='lat' dir='ltr'>et</span> <span class='ocrx_word' id='word_1_79' title='bbox 391 667 523 709; x_wconf 88' lang='lat' dir='ltr'>literae</span> <span class='ocrx_word' id='word_1_80' title='bbox 552 682 578 707; x_wconf 87' lang='lat' dir='ltr'>a</span> <span class='ocrx_word' id='word_1_81' title='bbox 608 667 672 706; x_wconf 90' lang='lat' dir='ltr'>M.</span> <span class='ocrx_word' id='word_1_82' title='bbox 695 666 873 706; x_wconf 90' lang='lat' dir='ltr'>Aurelio</span> <span class='ocrx_word' id='word_1_83' title='bbox 902 666 1054 721; x_wconf 80' lang='lat' dir='ltr'>legato,</span> <span class='ocrx_word' id='word_1_84' title='bbox 1086 676 1126 708; x_wconf 86' lang='lat' dir='ltr'>et</span> <span class='ocrx_word' id='word_1_85' title='bbox 1159 668 1222 707; x_wconf 87' lang='lat' dir='ltr'>M.</span> <span class='ocrx_word' id='word_1_86' title='bbox 1246 667 1410 708; x_wconf 78' lang='lat' dir='ltr'>Valerio</span> <span class='ocrx_word' id='word_1_87' title='bbox 1442 668 1618 709; x_wconf 82' lang='lat' dir='ltr'>Laevino</span> <span class='ocrx_word' id='word_1_88' title='bbox 1647 683 1742 723; x_wconf 79' lang='lat' dir='ltr'>pro.-</span> 
     </span>
     <span class='ocr_line' id='line_1_11' title="bbox 322 722 1739 782; baseline 0 -16"><span class='ocrx_word' id='word_1_89' title='bbox 322 732 503 782; x_wconf 84' lang='lat' dir='ltr'>praetore</span> <span class='ocrx_word' id='word_1_90' title='bbox 534 723 710 764; x_wconf 80' lang='lat' dir='ltr'>adlatae:</span> <span class='ocrx_word' id='word_1_91' title='bbox 743 731 784 764; x_wconf 91' lang='lat' dir='ltr'>et</span> <span class='ocrx_word' id='word_1_92' title='bbox 807 722 1132 764; x_wconf 83' lang='lat' dir='ltr'>Atheniensium</span> <span class='ocrx_word' id='word_1_93' title='bbox 1163 739 1272 764; x_wconf 85' lang='lat' dir='ltr'>nova</span> <span class='ocrx_word' id='word_1_94' title='bbox 1300 724 1454 779; x_wconf 84' lang='lat' dir='ltr'>legatio</span> <span class='ocrx_word' id='word_1_95' title='bbox 1484 726 1613 775; x_wconf 90' lang='lat' dir='ltr'>venit,</span> <span class='ocrx_word' id='word_1_96' title='bbox 1641 740 1739 781; x_wconf 86' lang='lat' dir='ltr'>quae</span> 
     </span>
     <span class='ocr_line' id='line_1_12' title="bbox 322 779 1740 838; baseline 0 -15"><span class='ocrx_word' id='word_1_97' title='bbox 322 797 463 838; x_wconf 87' lang='lat' dir='ltr'>regem</span> <span class='ocrx_word' id='word_1_98' title='bbox 483 780 822 836; x_wconf 86' lang='lat' dir='ltr'>adpropinquare</span> <span class='ocrx_word' id='word_1_99' title='bbox 853 779 1006 820; x_wconf 88' lang='lat' dir='ltr'>finibus</span> <span class='ocrx_word' id='word_1_100' title='bbox 1037 780 1123 820; x_wconf 87' lang='lat' dir='ltr'>suis</span> <span class='ocrx_word' id='word_1_101' title='bbox 1143 781 1384 821; x_wconf 85' lang='lat' dir='ltr'>nunciaret:</span> <span class='ocrx_word' id='word_1_102' title='bbox 1416 782 1634 837; x_wconf 84' lang='lat' dir='ltr'>brevique,</span> <span class='ocrx_word' id='word_1_103' title='bbox 1656 797 1740 823; x_wconf 90' lang='lat' dir='ltr'>non</span> 
     </span>
     <span class='ocr_line' id='line_1_13' title="bbox 322 837 1737 894; baseline -0.001 -14"><span class='ocrx_word' id='word_1_104' title='bbox 322 854 444 894; x_wconf 76' lang='lat' dir='ltr'>agros</span> <span class='ocrx_word' id='word_1_105' title='bbox 473 837 612 887; x_wconf 89' lang='lat' dir='ltr'>modo,</span> <span class='ocrx_word' id='word_1_106' title='bbox 636 837 708 877; x_wconf 91' lang='lat' dir='ltr'>sed</span> <span class='ocrx_word' id='word_1_107' title='bbox 728 837 876 877; x_wconf 89' lang='lat' dir='ltr'>urbem</span> <span class='ocrx_word' id='word_1_108' title='bbox 907 837 1032 877; x_wconf 84' lang='lat' dir='ltr'>etiam</span> <span class='ocrx_word' id='word_1_109' title='bbox 1062 837 1106 877; x_wconf 91' lang='lat' dir='ltr'>in</span> <span class='ocrx_word' id='word_1_110' title='bbox 1127 837 1284 878; x_wconf 86' lang='lat' dir='ltr'>ditione</span> <span class='ocrx_word' id='word_1_111' title='bbox 1314 837 1405 893; x_wconf 83' lang='lat' dir='ltr'>ejus</span> <span class='ocrx_word' id='word_1_112' title='bbox 1434 838 1638 889; x_wconf 84' lang='lat' dir='ltr'>futuram,</span> <span class='ocrx_word' id='word_1_113' title='bbox 1660 839 1737 879; x_wconf 89' lang='lat' dir='ltr'>nisi</span> 
     </span>
     <span class='ocr_line' id='line_1_14' title="bbox 322 893 1740 951; baseline 0.001 -16"><span class='ocrx_word' id='word_1_114' title='bbox 322 895 427 951; x_wconf 89' lang='lat' dir='ltr'>quid</span> <span class='ocrx_word' id='word_1_115' title='bbox 448 894 490 935; x_wconf 90' lang='lat' dir='ltr'>in</span> <span class='ocrx_word' id='word_1_116' title='bbox 514 894 714 942; x_wconf 88' lang='lat' dir='ltr'>Romanis</span> <span class='ocrx_word' id='word_1_117' title='bbox 744 893 889 934; x_wconf 77' lang='lat' dir='ltr'>auxilii</span> <span class='ocrx_word' id='word_1_118' title='bbox 915 893 1038 934; x_wconf 88' lang='lat' dir='ltr'>foret.</span> <span class='ocrx_word' id='word_1_119' title='bbox 1101 894 1241 944; x_wconf 83' lang='lat' dir='ltr'>Quum</span> <span class='ocrx_word' id='word_1_120' title='bbox 1273 894 1614 950; x_wconf 82' lang='lat' dir='ltr'>pronunciassent</span> <span class='ocrx_word' id='word_1_121' title='bbox 1645 910 1740 936; x_wconf 89' lang='lat' dir='ltr'>con-</span> 
     </span>
     <span class='ocr_line' id='line_1_15' title="bbox 323 950 1740 1006; baseline 0 -14"><span class='ocrx_word' id='word_1_122' title='bbox 323 952 446 1002; x_wconf 76' lang='lat' dir='ltr'>sules,</span> <span class='ocrx_word' id='word_1_123' title='bbox 477 966 564 992; x_wconf 89' lang='lat' dir='ltr'>rem</span> <span class='ocrx_word' id='word_1_124' title='bbox 595 950 779 992; x_wconf 77' lang='lat' dir='ltr'>divinam</span> <span class='ocrx_word' id='word_1_125' title='bbox 809 950 888 991; x_wconf 90' lang='lat' dir='ltr'>rite</span> <span class='ocrx_word' id='word_1_126' title='bbox 917 950 1146 1006; x_wconf 81' lang='lat' dir='ltr'>perfectam</span> <span class='ocrx_word' id='word_1_127' title='bbox 1177 966 1278 1000; x_wconf 87' lang='lat' dir='ltr'>esse,</span> <span class='ocrx_word' id='word_1_128' title='bbox 1300 959 1341 992; x_wconf 90' lang='lat' dir='ltr'>et</span> <span class='ocrx_word' id='word_1_129' title='bbox 1368 950 1645 1006; x_wconf 86' lang='lat' dir='ltr'>precationem</span> <span class='ocrx_word' id='word_1_130' title='bbox 1668 952 1740 992; x_wconf 87' lang='lat' dir='ltr'>ad-</span> 
     </span>
     <span class='ocr_line' id='line_1_16' title="bbox 321 1007 1741 1063; baseline 0.001 -14"><span class='ocrx_word' id='word_1_131' title='bbox 321 1009 478 1059; x_wconf 83' lang='lat' dir='ltr'>misisse</span> <span class='ocrx_word' id='word_1_132' title='bbox 511 1009 624 1048; x_wconf 90' lang='lat' dir='ltr'>Deos</span> <span class='ocrx_word' id='word_1_133' title='bbox 657 1007 868 1063; x_wconf 85' lang='lat' dir='ltr'>aruspices</span> <span class='ocrx_word' id='word_1_134' title='bbox 894 1007 1159 1062; x_wconf 85' lang='lat' dir='ltr'>respondere,</span> <span class='ocrx_word' id='word_1_135' title='bbox 1191 1007 1373 1063; x_wconf 67' lang='lat' dir='ltr'>laetaque</span> <span class='ocrx_word' id='word_1_136' title='bbox 1406 1015 1503 1048; x_wconf 80' lang='lat' dir='ltr'>exta</span> <span class='ocrx_word' id='word_1_137' title='bbox 1532 1008 1676 1059; x_wconf 82' lang='lat' dir='ltr'>fuisse,</span> <span class='ocrx_word' id='word_1_138' title='bbox 1698 1018 1741 1050; x_wconf 84' lang='lat' dir='ltr'>et</span> 
     </span>
     <span class='ocr_line' id='line_1_17' title="bbox 320 1063 1737 1122; baseline -0.001 -16"><span class='ocrx_word' id='word_1_139' title='bbox 320 1065 594 1122; x_wconf 86' lang='lat' dir='ltr'>prolationem</span> <span class='ocrx_word' id='word_1_140' title='bbox 626 1064 789 1114; x_wconf 88' lang='lat' dir='ltr'>finium,</span> <span class='ocrx_word' id='word_1_141' title='bbox 818 1063 1135 1119; x_wconf 85' lang='lat' dir='ltr'>victoriamque,</span> <span class='ocrx_word' id='word_1_142' title='bbox 1158 1072 1198 1105; x_wconf 89' lang='lat' dir='ltr'>et</span> <span class='ocrx_word' id='word_1_143' title='bbox 1222 1064 1482 1120; x_wconf 86' lang='lat' dir='ltr'>triumphum</span> <span class='ocrx_word' id='word_1_144' title='bbox 1514 1065 1737 1119; x_wconf 87' lang='lat' dir='ltr'>portendi;</span> 
     </span>
     <span class='ocr_line' id='line_1_18' title="bbox 320 1120 1739 1177; baseline -0.001 -14"><span class='ocrx_word' id='word_1_145' title='bbox 320 1132 411 1164; x_wconf 87' lang='lat' dir='ltr'>tum</span> <span class='ocrx_word' id='word_1_146' title='bbox 433 1122 566 1163; x_wconf 84' lang='lat' dir='ltr'>literae</span> <span class='ocrx_word' id='word_1_147' title='bbox 586 1120 740 1162; x_wconf 87' lang='lat' dir='ltr'>Valerii</span> <span class='ocrx_word' id='word_1_148' title='bbox 765 1120 1016 1176; x_wconf 86' lang='lat' dir='ltr'>Aureliique</span> <span class='ocrx_word' id='word_1_149' title='bbox 1046 1120 1179 1172; x_wconf 86' lang='lat' dir='ltr'>lectae,</span> <span class='ocrx_word' id='word_1_150' title='bbox 1203 1129 1243 1162; x_wconf 86' lang='lat' dir='ltr'>et</span> <span class='ocrx_word' id='word_1_151' title='bbox 1265 1121 1392 1177; x_wconf 83' lang='lat' dir='ltr'>legati</span> <span class='ocrx_word' id='word_1_152' title='bbox 1414 1121 1739 1163; x_wconf 82' lang='lat' dir='ltr'>Atheniensium</span> 
     </span>
     <span class='ocr_line' id='line_1_19' title="bbox 319 1177 1739 1233; baseline 0 -13"><span class='ocrx_word' id='word_1_153' title='bbox 319 1179 466 1220; x_wconf 87' lang='lat' dir='ltr'>auditi.</span> <span class='ocrx_word' id='word_1_154' title='bbox 530 1180 707 1220; x_wconf 87' lang='lat' dir='ltr'>Senatus</span> <span class='ocrx_word' id='word_1_155' title='bbox 736 1177 833 1218; x_wconf 88' lang='lat' dir='ltr'>inde</span> <span class='ocrx_word' id='word_1_156' title='bbox 863 1177 1101 1219; x_wconf 87' lang='lat' dir='ltr'>consultum</span> <span class='ocrx_word' id='word_1_157' title='bbox 1130 1178 1289 1219; x_wconf 87' lang='lat' dir='ltr'>factum</span> <span class='ocrx_word' id='word_1_158' title='bbox 1321 1190 1397 1228; x_wconf 85' lang='lat' dir='ltr'>est,</span> <span class='ocrx_word' id='word_1_159' title='bbox 1420 1186 1467 1222; x_wconf 87' lang='lat' dir='ltr'>ut</span> <span class='ocrx_word' id='word_1_160' title='bbox 1499 1178 1616 1219; x_wconf 88' lang='lat' dir='ltr'>sociis</span> <span class='ocrx_word' id='word_1_161' title='bbox 1645 1194 1739 1233; x_wconf 75' lang='lat' dir='ltr'>gra-</span> 
     </span>
     <span class='ocr_line' id='line_1_20' title="bbox 320 1234 1739 1291; baseline -0.001 -14"><span class='ocrx_word' id='word_1_162' title='bbox 320 1236 389 1278; x_wconf 80' lang='lat' dir='ltr'>tiae</span> <span class='ocrx_word' id='word_1_163' title='bbox 420 1243 670 1291; x_wconf 79' lang='lat' dir='ltr'>agerentur3</span> <span class='ocrx_word' id='word_1_164' title='bbox 714 1234 831 1290; x_wconf 91' lang='lat' dir='ltr'>quod</span> <span class='ocrx_word' id='word_1_165' title='bbox 859 1234 935 1275; x_wconf 88' lang='lat' dir='ltr'>diu</span> <span class='ocrx_word' id='word_1_166' title='bbox 966 1234 1189 1284; x_wconf 89' lang='lat' dir='ltr'>sollicitati,</span> <span class='ocrx_word' id='word_1_167' title='bbox 1221 1251 1273 1276; x_wconf 88' lang='lat' dir='ltr'>ne</span> <span class='ocrx_word' id='word_1_168' title='bbox 1308 1234 1536 1276; x_wconf 85' lang='lat' dir='ltr'>obsidionis</span> <span class='ocrx_word' id='word_1_169' title='bbox 1567 1236 1739 1290; x_wconf 86' lang='lat' dir='ltr'>quidem</span> 
     </span>
     <span class='ocr_line' id='line_1_21' title="bbox 319 1291 1741 1348; baseline -0.001 -14"><span class='ocrx_word' id='word_1_170' title='bbox 319 1301 433 1334; x_wconf 88' lang='lat' dir='ltr'>metu</span> <span class='ocrx_word' id='word_1_171' title='bbox 464 1292 546 1334; x_wconf 85' lang='lat' dir='ltr'>fide</span> <span class='ocrx_word' id='word_1_172' title='bbox 577 1292 857 1333; x_wconf 86' lang='lat' dir='ltr'>decessissent.</span> <span class='ocrx_word' id='word_1_173' title='bbox 901 1291 952 1332; x_wconf 88' lang='lat' dir='ltr'>de</span> <span class='ocrx_word' id='word_1_174' title='bbox 982 1291 1140 1332; x_wconf 85' lang='lat' dir='ltr'>auxilio</span> <span class='ocrx_word' id='word_1_175' title='bbox 1169 1292 1375 1333; x_wconf 86' lang='lat' dir='ltr'>mittendo</span> <span class='ocrx_word' id='word_1_176' title='bbox 1405 1300 1497 1333; x_wconf 84' lang='lat' dir='ltr'>tum</span> <span class='ocrx_word' id='word_1_177' title='bbox 1527 1291 1560 1315; x_wconf 67' lang='lat'>24</span> <span class='ocrx_word' id='word_1_178' title='bbox 1572 1307 1741 1348; x_wconf 86' lang='lat' dir='ltr'>respon-</span> 
     </span>
     <span class='ocr_line' id='line_1_22' title="bbox 318 1347 1740 1406; baseline 0 -16"><span class='ocrx_word' id='word_1_179' title='bbox 318 1350 416 1390; x_wconf 88' lang='lat' dir='ltr'>dere</span> <span class='ocrx_word' id='word_1_180' title='bbox 436 1349 613 1406; x_wconf 89' lang='lat' dir='ltr'>placere,</span> <span class='ocrx_word' id='word_1_181' title='bbox 636 1363 769 1405; x_wconf 91' lang='lat' dir='ltr'>quum</span> <span class='ocrx_word' id='word_1_182' title='bbox 790 1348 978 1389; x_wconf 86' lang='lat' dir='ltr'>consules</span> <span class='ocrx_word' id='word_1_183' title='bbox 1008 1347 1240 1404; x_wconf 86' lang='lat' dir='ltr'>provincias</span> <span class='ocrx_word' id='word_1_184' title='bbox 1262 1348 1398 1390; x_wconf 87' lang='lat' dir='ltr'>sortiti</span> <span class='ocrx_word' id='word_1_185' title='bbox 1419 1357 1577 1390; x_wconf 87' lang='lat' dir='ltr'>essent:</span> <span class='ocrx_word' id='word_1_186' title='bbox 1610 1357 1740 1405; x_wconf 90' lang='lat' dir='ltr'>atque</span> 
     </span>
     <span class='ocr_line' id='line_1_23' title="bbox 317 1405 1739 1462; baseline 0 -15"><span class='ocrx_word' id='word_1_187' title='bbox 317 1406 351 1447; x_wconf 91' lang='lat' dir='ltr'>is</span> <span class='ocrx_word' id='word_1_188' title='bbox 390 1406 550 1456; x_wconf 90' lang='lat' dir='ltr'>consul,</span> <span class='ocrx_word' id='word_1_189' title='bbox 591 1408 659 1447; x_wconf 89' lang='lat' dir='ltr'>cui</span> <span class='ocrx_word' id='word_1_190' title='bbox 701 1405 952 1446; x_wconf 71' lang='lat' dir='ltr'>Macedonia</span> <span class='ocrx_word' id='word_1_191' title='bbox 991 1405 1204 1461; x_wconf 82' lang='lat' dir='ltr'>provincia</span> <span class='ocrx_word' id='word_1_192' title='bbox 1251 1406 1469 1455; x_wconf 85' lang='lat' dir='ltr'>evenisset,</span> <span class='ocrx_word' id='word_1_193' title='bbox 1511 1405 1579 1446; x_wconf 87' lang='lat' dir='ltr'>ad.</span> <span class='ocrx_word' id='word_1_194' title='bbox 1605 1421 1739 1462; x_wconf 87' lang='lat' dir='ltr'>popu-</span> 
     </span>
     <span class='ocr_line' id='line_1_24' title="bbox 318 1461 1739 1518; baseline 0.001 -15"><span class='ocrx_word' id='word_1_195' title='bbox 318 1463 406 1503; x_wconf 87' lang='lat' dir='ltr'>lum</span> <span class='ocrx_word' id='word_1_196' title='bbox 437 1462 616 1513; x_wconf 83' lang='lat' dir='ltr'>tulisset,</span> <span class='ocrx_word' id='word_1_197' title='bbox 639 1470 687 1504; x_wconf 86' lang='lat' dir='ltr'>ut</span> <span class='ocrx_word' id='word_1_198' title='bbox 709 1462 908 1518; x_wconf 81' lang='lat' dir='ltr'>Philippo</span> <span class='ocrx_word' id='word_1_199' title='bbox 937 1462 1026 1517; x_wconf 83' lang='lat' dir='ltr'>regi</span> <span class='ocrx_word' id='word_1_200' title='bbox 1055 1461 1337 1503; x_wconf 81' lang='lat' dir='ltr'>Macedonum</span> <span class='ocrx_word' id='word_1_201' title='bbox 1367 1462 1622 1504; x_wconf 84' lang='lat' dir='ltr'>indiceretur</span> <span class='ocrx_word' id='word_1_202' title='bbox 1651 1462 1739 1504; x_wconf 88' lang='lat' dir='ltr'>bel-</span> 
     </span>
     <span class='ocr_line' id='line_1_25' title="bbox 318 1520 420 1561; baseline 0 -1"><span class='ocrx_word' id='word_1_203' title='bbox 318 1520 420 1561; x_wconf 88' lang='lat' dir='ltr'>lum.</span> 
     </span>
    </p>

    <p class='ocr_par' dir='ltr' id='par_1_4' title="bbox 105 1575 1740 1633">
     <span class='ocr_line' id='line_1_26' title="bbox 105 1575 1740 1633; baseline 0.001 -16"><span class='ocrx_word' id='word_1_204' title='bbox 105 1577 284 1625; x_wconf 50' lang='lat' dir='ltr'>Provincia.-</span> <span class='ocrx_word' id='word_1_205' title='bbox 376 1577 452 1618; x_wconf 90' lang='lat' dir='ltr'>VI.</span> <span class='ocrx_word' id='word_1_206' title='bbox 486 1578 534 1617; x_wconf 90' lang='lat' dir='ltr'>P.</span> <span class='ocrx_word' id='word_1_207' title='bbox 560 1575 745 1632; x_wconf 87' lang='lat' dir='ltr'>Sulpicio</span> <span class='ocrx_word' id='word_1_208' title='bbox 775 1575 990 1631; x_wconf 78' lang='lat' dir='ltr'>provincia</span> <span class='ocrx_word' id='word_1_209' title='bbox 1020 1575 1271 1617; x_wconf 86' lang='lat' dir='ltr'>Macedonia</span> <span class='ocrx_word' id='word_1_210' title='bbox 1302 1583 1411 1617; x_wconf 86' lang='lat' dir='ltr'>sorte</span> <span class='ocrx_word' id='word_1_211' title='bbox 1441 1576 1594 1626; x_wconf 84' lang='lat' dir='ltr'>evenit,</span> <span class='ocrx_word' id='word_1_212' title='bbox 1619 1577 1740 1633; x_wconf 90' lang='lat' dir='ltr'>isque</span> 
     </span>
    </p>

    <p class='ocr_par' dir='ltr' id='par_1_5' title="bbox 105 1620 1744 2598">
     <span class='ocr_line' id='line_1_27' title="bbox 105 1620 1743 1689; baseline 0 -15"><span class='ocrx_word' id='word_1_213' title='bbox 105 1631 171 1651; x_wconf 66' lang='lat'>“¹¹¹¹</span> <span class='ocrx_word' id='word_1_214' title='bbox 186 1620 575 1689; x_wconf 63' lang='lat' dir='ltr'>d¹‘&#39;¹²‘·¹⁰·r0gationem</span> <span class='ocrx_word' id='word_1_215' title='bbox 592 1632 892 1688; x_wconf 81' lang='lat' dir='ltr'>promulgavit,</span> <span class='ocrx_word' id='word_1_216' title='bbox 921 1633 1089 1681; x_wconf 80' lang='lat' dir='ltr'>Vellent,</span> <span class='ocrx_word' id='word_1_217' title='bbox 1100 1632 1291 1687; x_wconf 77' lang='lat' dir='ltr'>juberent</span> <span class='ocrx_word' id='word_1_218' title='bbox 1314 1633 1509 1685; x_wconf 75' lang='lat' dir='ltr'>Philippo</span> <span class='ocrx_word' id='word_1_219' title='bbox 1530 1636 1624 1686; x_wconf 73' lang='lat' dir='ltr'>regi</span> <span class='ocrx_word' id='word_1_220' title='bbox 1645 1635 1743 1679; x_wconf 88' lang='grc' dir='ltr'>Μα-</span> 
     </span>
     <span class='ocr_line' id='line_1_28' title="bbox 317 1689 1744 1745; baseline 0.001 -15"><span class='ocrx_word' id='word_1_221' title='bbox 317 1690 618 1743; x_wconf 78' lang='lat' dir='ltr'>cedonibusque,</span> <span class='ocrx_word' id='word_1_222' title='bbox 641 1690 711 1742; x_wconf 82' lang='lat' dir='ltr'>qui</span> <span class='ocrx_word' id='word_1_223' title='bbox 739 1689 809 1729; x_wconf 82' lang='lat' dir='ltr'>sub</span> <span class='ocrx_word' id='word_1_224' title='bbox 839 1703 962 1742; x_wconf 82' lang='lat' dir='ltr'>regno</span> <span class='ocrx_word' id='word_1_225' title='bbox 992 1689 1074 1742; x_wconf 68' lang='lat' dir='ltr'>ejus</span> <span class='ocrx_word' id='word_1_226' title='bbox 1103 1696 1242 1739; x_wconf 79' lang='lat' dir='ltr'>essent,</span> <span class='ocrx_word' id='word_1_227' title='bbox 1270 1689 1318 1729; x_wconf 84' lang='lat' dir='ltr'>ob</span> <span class='ocrx_word' id='word_1_228' title='bbox 1348 1689 1522 1743; x_wconf 65' lang='lat' dir='ltr'>injurias</span> <span class='ocrx_word' id='word_1_229' title='bbox 1551 1703 1744 1745; x_wconf 77' lang='lat' dir='ltr'>armaque</span> 
     </span>
     <span class='ocr_line' id='line_1_29' title="bbox 320 1746 1740 1799; baseline 0.001 -12"><span class='ocrx_word' id='word_1_230' title='bbox 320 1749 454 1788; x_wconf 79' lang='lat' dir='ltr'>inlata</span> <span class='ocrx_word' id='word_1_231' title='bbox 490 1748 609 1787; x_wconf 81' lang='lat' dir='ltr'>sociis</span> <span class='ocrx_word' id='word_1_232' title='bbox 642 1747 789 1799; x_wconf 73' lang='lat' dir='ltr'>populi</span> <span class='ocrx_word' id='word_1_233' title='bbox 830 1746 1022 1796; x_wconf 76' lang='lat' dir='ltr'>Romani,</span> <span class='ocrx_word' id='word_1_234' title='bbox 1065 1746 1206 1787; x_wconf 77' lang='lat' dir='ltr'>bellum</span> <span class='ocrx_word' id='word_1_235' title='bbox 1239 1747 1375 1786; x_wconf 75' lang='lat' dir='ltr'>indici.</span> <span class='ocrx_word' id='word_1_236' title='bbox 1420 1746 1540 1787; x_wconf 88' lang='lat' dir='ltr'>alteri</span> <span class='ocrx_word' id='word_1_237' title='bbox 1581 1748 1740 1789; x_wconf 90' lang='lat' dir='ltr'>consuli</span> 
     </span>
     <span class='ocr_line' id='line_1_30' title="bbox 320 1803 1737 1859; baseline 0.001 -14"><span class='ocrx_word' id='word_1_238' title='bbox 320 1804 496 1845; x_wconf 85' lang='lat' dir='ltr'>Aurelio</span> <span class='ocrx_word' id='word_1_239' title='bbox 533 1803 659 1844; x_wconf 85' lang='lat' dir='ltr'>Italia</span> <span class='ocrx_word' id='word_1_240' title='bbox 692 1803 907 1859; x_wconf 88' lang='lat' dir='ltr'>provincia</span> <span class='ocrx_word' id='word_1_241' title='bbox 940 1803 1105 1858; x_wconf 83' lang='lat' dir='ltr'>obtigit.</span> <span class='ocrx_word' id='word_1_242' title='bbox 1168 1805 1375 1844; x_wconf 84' lang='lat' dir='ltr'>Praetores</span> <span class='ocrx_word' id='word_1_243' title='bbox 1411 1803 1560 1844; x_wconf 82' lang='lat' dir='ltr'>exinde</span> <span class='ocrx_word' id='word_1_244' title='bbox 1602 1805 1737 1846; x_wconf 84' lang='lat' dir='ltr'>sortiti</span> 
     </span>
     <span class='ocr_line' id='line_1_31' title="bbox 320 1859 1740 1916; baseline 0 -14"><span class='ocrx_word' id='word_1_245' title='bbox 320 1870 432 1911; x_wconf 88' lang='lat' dir='ltr'>sunt,</span> <span class='ocrx_word' id='word_1_246' title='bbox 466 1862 542 1901; x_wconf 91' lang='lat' dir='ltr'>Cn.</span> <span class='ocrx_word' id='word_1_247' title='bbox 568 1859 737 1916; x_wconf 86' lang='lat' dir='ltr'>Sergius</span> <span class='ocrx_word' id='word_1_248' title='bbox 759 1859 939 1901; x_wconf 83' lang='lat' dir='ltr'>Plancus</span> <span class='ocrx_word' id='word_1_249' title='bbox 969 1861 1187 1909; x_wconf 87' lang='lat' dir='ltr'>urbanam,</span> <span class='ocrx_word' id='word_1_250' title='bbox 1221 1861 1268 1910; x_wconf 82' lang='lat' dir='ltr'>Q.</span> <span class='ocrx_word' id='word_1_251' title='bbox 1294 1859 1472 1900; x_wconf 71' lang='lat' dir='ltr'>Fulw&#39;us</span> <span class='ocrx_word' id='word_1_252' title='bbox 1495 1860 1609 1901; x_wconf 91' lang='lat' dir='ltr'>Gillo</span> <span class='ocrx_word' id='word_1_253' title='bbox 1640 1861 1740 1902; x_wconf 87' lang='lat' dir='ltr'>Sici-</span> 
     </span>
     <span class='ocr_line' id='line_1_32' title="bbox 319 1916 1741 1973; baseline 0 -15"><span class='ocrx_word' id='word_1_254' title='bbox 319 1918 432 1968; x_wconf 84' lang='lat' dir='ltr'>liam,</span> <span class='ocrx_word' id='word_1_255' title='bbox 451 1919 500 1967; x_wconf 81' lang='lat' dir='ltr'>Q.</span> <span class='ocrx_word' id='word_1_256' title='bbox 517 1916 733 1957; x_wconf 88' lang='lat' dir='ltr'>Minucius</span> <span class='ocrx_word' id='word_1_257' title='bbox 755 1916 898 1957; x_wconf 85' lang='lat' dir='ltr'>Rufus</span> <span class='ocrx_word' id='word_1_258' title='bbox 920 1917 1124 1967; x_wconf 87' lang='lat' dir='ltr'>Bruttios,</span> <span class='ocrx_word' id='word_1_259' title='bbox 1149 1917 1200 1957; x_wconf 94' lang='lat' dir='ltr'>L.</span> <span class='ocrx_word' id='word_1_260' title='bbox 1217 1917 1374 1958; x_wconf 89' lang='lat' dir='ltr'>Furius</span> <span class='ocrx_word' id='word_1_261' title='bbox 1398 1916 1618 1973; x_wconf 87' lang='lat' dir='ltr'>Purpureo</span> <span class='ocrx_word' id='word_1_262' title='bbox 1641 1918 1741 1960; x_wconf 87' lang='lat' dir='ltr'>Gal-</span> 
     </span>
     <span class='ocr_line' id='line_1_33' title="bbox 320 1973 1740 2030; baseline 0.002 -15"><span class='ocrx_word' id='word_1_263' title='bbox 320 1975 428 2016; x_wconf 85' lang='lat' dir='ltr'>liam.</span> <span class='ocrx_word' id='word_1_264' title='bbox 494 1973 674 2030; x_wconf 83' lang='lat' dir='ltr'>Rogatio</span> <span class='ocrx_word' id='word_1_265' title='bbox 695 1973 747 2014; x_wconf 90' lang='lat' dir='ltr'>de</span> <span class='ocrx_word' id='word_1_266' title='bbox 771 1973 882 2014; x_wconf 88' lang='lat' dir='ltr'>bello</span> <span class='ocrx_word' id='word_1_267' title='bbox 904 1973 1175 2015; x_wconf 86' lang='lat' dir='ltr'>Macedonico</span> <span class='ocrx_word' id='word_1_268' title='bbox 1205 1974 1352 2030; x_wconf 89' lang='lat' dir='ltr'>primis</span> <span class='ocrx_word' id='word_1_269' title='bbox 1382 1973 1558 2015; x_wconf 88' lang='lat' dir='ltr'>comitiis</span> <span class='ocrx_word' id='word_1_270' title='bbox 1578 1975 1632 2016; x_wconf 85' lang='lat' dir='ltr'>ab</span> <span class='ocrx_word' id='word_1_271' title='bbox 1653 1991 1740 2018; x_wconf 88' lang='lat' dir='ltr'>om-</span> 
     </span>
     <span class='ocr_line' id='line_1_34' title="bbox 319 2029 1741 2087; baseline 0.001 -15"><span class='ocrx_word' id='word_1_272' title='bbox 319 2031 443 2073; x_wconf 86' lang='lat' dir='ltr'>nibus</span> <span class='ocrx_word' id='word_1_273' title='bbox 472 2031 601 2072; x_wconf 87' lang='lat' dir='ltr'>ferme</span> <span class='ocrx_word' id='word_1_274' title='bbox 631 2029 829 2072; x_wconf 87' lang='lat' dir='ltr'>centuriis</span> <span class='ocrx_word' id='word_1_275' title='bbox 849 2029 882 2054; x_wconf 74' lang='lat'>‘2⁵</span> <span class='ocrx_word' id='word_1_276' title='bbox 892 2030 1111 2087; x_wconf 86' lang='lat' dir='ltr'>antiquata</span> <span class='ocrx_word' id='word_1_277' title='bbox 1130 2038 1204 2072; x_wconf 87' lang='lat' dir='ltr'>cst.</span> <span class='ocrx_word' id='word_1_278' title='bbox 1236 2030 1279 2071; x_wconf 91' lang='lat' dir='ltr'>id</span> <span class='ocrx_word' id='word_1_279' title='bbox 1302 2046 1434 2087; x_wconf 86' lang='lat' dir='ltr'>quum</span> <span class='ocrx_word' id='word_1_280' title='bbox 1457 2031 1552 2072; x_wconf 86' lang='lat' dir='ltr'>fessi</span> <span class='ocrx_word' id='word_1_281' title='bbox 1575 2031 1741 2074; x_wconf 87' lang='lat' dir='ltr'>diutur-</span> 
     </span>
     <span class='ocr_line' id='line_1_35' title="bbox 320 2086 1738 2144; baseline 0.001 -15"><span class='ocrx_word' id='word_1_282' title='bbox 320 2088 451 2130; x_wconf 84' lang='lat' dir='ltr'>nitate</span> <span class='ocrx_word' id='word_1_283' title='bbox 471 2096 512 2129; x_wconf 84' lang='lat' dir='ltr'>et</span> <span class='ocrx_word' id='word_1_284' title='bbox 532 2087 738 2143; x_wconf 76' lang='lat' dir='ltr'>gravitate</span> <span class='ocrx_word' id='word_1_285' title='bbox 768 2086 865 2129; x_wconf 88' lang='lat' dir='ltr'>belli</span> <span class='ocrx_word' id='word_1_286' title='bbox 893 2103 969 2129; x_wconf 88' lang='lat' dir='ltr'>sua</span> <span class='ocrx_word' id='word_1_287' title='bbox 999 2096 1145 2144; x_wconf 89' lang='lat' dir='ltr'>sponte</span> <span class='ocrx_word' id='word_1_288' title='bbox 1174 2087 1361 2129; x_wconf 85' lang='lat' dir='ltr'>homines</span> <span class='ocrx_word' id='word_1_289' title='bbox 1391 2087 1517 2129; x_wconf 82' lang='lat' dir='ltr'>taedio</span> <span class='ocrx_word' id='word_1_290' title='bbox 1546 2087 1738 2130; x_wconf 88' lang='lat' dir='ltr'>laborum</span> 
     </span>
     <span class='ocr_line' id='line_1_36' title="bbox 320 2144 1738 2202; baseline 0.001 -17"><span class='ocrx_word' id='word_1_291' title='bbox 320 2145 688 2202; x_wconf 86' lang='lat' dir='ltr'>periculorumque</span> <span class='ocrx_word' id='word_1_292' title='bbox 724 2144 922 2195; x_wconf 83' lang='lat' dir='ltr'>fecerant,</span> <span class='ocrx_word' id='word_1_293' title='bbox 956 2152 1047 2186; x_wconf 85' lang='lat' dir='ltr'>tum</span> <span class='ocrx_word' id='word_1_294' title='bbox 1079 2145 1131 2189; x_wconf 83' lang='lat' dir='ltr'>Q.</span> <span class='ocrx_word' id='word_1_295' title='bbox 1155 2144 1326 2186; x_wconf 82' lang='lat' dir='ltr'>Baebius</span> <span class='ocrx_word' id='word_1_296' title='bbox 1358 2145 1555 2186; x_wconf 89' lang='lat' dir='ltr'>tribunus</span> <span class='ocrx_word' id='word_1_297' title='bbox 1589 2145 1738 2201; x_wconf 82' lang='lat' dir='ltr'>plebis,</span> 
     </span>
     <span class='ocr_line' id='line_1_37' title="bbox 320 2201 1736 2258; baseline 0.001 -16"><span class='ocrx_word' id='word_1_298' title='bbox 320 2202 432 2243; x_wconf 78' lang='lat' dir='ltr'>viam</span> <span class='ocrx_word' id='word_1_299' title='bbox 472 2201 687 2257; x_wconf 78' lang='lat' dir='ltr'>antiquam</span> <span class='ocrx_word' id='word_1_300' title='bbox 729 2201 975 2242; x_wconf 81' lang='lat' dir='ltr'>criminandi</span> <span class='ocrx_word' id='word_1_301' title='bbox 1021 2203 1167 2243; x_wconf 87' lang='lat' dir='ltr'>Patres</span> <span class='ocrx_word' id='word_1_302' title='bbox 1208 2202 1434 2258; x_wconf 87' lang='lat' dir='ltr'>ingressus,</span> <span class='ocrx_word' id='word_1_303' title='bbox 1475 2202 1736 2244; x_wconf 86' lang='lat' dir='ltr'>incusaverat</span> 
     </span>
     <span class='ocr_line' id='line_1_38' title="bbox 320 2258 1737 2315; baseline 0 -16"><span class='ocrx_word' id='word_1_304' title='bbox 320 2259 430 2300; x_wconf 84' lang='lat' dir='ltr'>bella</span> <span class='ocrx_word' id='word_1_305' title='bbox 464 2274 514 2299; x_wconf 82' lang='lat' dir='ltr'>ex</span> <span class='ocrx_word' id='word_1_306' title='bbox 547 2258 667 2299; x_wconf 78' lang='lat' dir='ltr'>bellis</span> <span class='ocrx_word' id='word_1_307' title='bbox 702 2258 795 2307; x_wconf 84' lang='lat' dir='ltr'>seri,</span> <span class='ocrx_word' id='word_1_308' title='bbox 831 2274 882 2300; x_wconf 88' lang='lat' dir='ltr'>ne</span> <span class='ocrx_word' id='word_1_309' title='bbox 922 2273 1022 2315; x_wconf 90' lang='lat' dir='ltr'>pace</span> <span class='ocrx_word' id='word_1_310' title='bbox 1062 2274 1263 2314; x_wconf 88' lang='lat' dir='ltr'>umquam</span> <span class='ocrx_word' id='word_1_311' title='bbox 1303 2258 1388 2300; x_wconf 87' lang='lat' dir='ltr'>frui</span> <span class='ocrx_word' id='word_1_312' title='bbox 1429 2258 1547 2314; x_wconf 75' lang='lat' dir='ltr'>plebs</span> <span class='ocrx_word' id='word_1_313' title='bbox 1585 2268 1737 2315; x_wconf 84' lang='lat' dir='ltr'>posset.</span> 
     </span>
     <span class='ocr_line' id='line_1_39' title="bbox 322 2315 1739 2372; baseline 0.001 -16"><span class='ocrx_word' id='word_1_314' title='bbox 322 2316 456 2371; x_wconf 85' lang='lat' dir='ltr'>AEgre</span> <span class='ocrx_word' id='word_1_315' title='bbox 486 2330 573 2356; x_wconf 85' lang='lat' dir='ltr'>eam</span> <span class='ocrx_word' id='word_1_316' title='bbox 597 2330 682 2356; x_wconf 81' lang='lat' dir='ltr'>rem</span> <span class='ocrx_word' id='word_1_317' title='bbox 705 2315 814 2371; x_wconf 85' lang='lat' dir='ltr'>passi</span> <span class='ocrx_word' id='word_1_318' title='bbox 844 2317 1005 2366; x_wconf 84' lang='lat' dir='ltr'>Patres,</span> <span class='ocrx_word' id='word_1_319' title='bbox 1028 2316 1316 2372; x_wconf 87' lang='lat' dir='ltr'>laceratusque</span> <span class='ocrx_word' id='word_1_320' title='bbox 1346 2315 1510 2372; x_wconf 88' lang='lat' dir='ltr'>probris</span> <span class='ocrx_word' id='word_1_321' title='bbox 1529 2315 1570 2356; x_wconf 89' lang='lat' dir='ltr'>in</span> <span class='ocrx_word' id='word_1_322' title='bbox 1593 2325 1739 2358; x_wconf 86' lang='lat' dir='ltr'>senatu</span> 
     </span>
     <span class='ocr_line' id='line_1_40' title="bbox 323 2372 1738 2429; baseline 0 -15"><span class='ocrx_word' id='word_1_323' title='bbox 323 2373 518 2414; x_wconf 85' lang='lat' dir='ltr'>tribunus</span> <span class='ocrx_word' id='word_1_324' title='bbox 540 2372 695 2428; x_wconf 84' lang='lat' dir='ltr'>plebis:</span> <span class='ocrx_word' id='word_1_325' title='bbox 729 2380 769 2413; x_wconf 90' lang='lat' dir='ltr'>et</span> <span class='ocrx_word' id='word_1_326' title='bbox 791 2372 1000 2414; x_wconf 80' lang='lat' dir='ltr'>consulem</span> <span class='ocrx_word' id='word_1_327' title='bbox 1031 2388 1108 2429; x_wconf 85' lang='lat' dir='ltr'>pro</span> <span class='ocrx_word' id='word_1_328' title='bbox 1139 2388 1180 2413; x_wconf 87' lang='lat' dir='ltr'>se</span> <span class='ocrx_word' id='word_1_329' title='bbox 1211 2373 1390 2428; x_wconf 90' lang='lat' dir='ltr'>quisque</span> <span class='ocrx_word' id='word_1_330' title='bbox 1420 2372 1593 2422; x_wconf 86' lang='lat' dir='ltr'>hortari,</span> <span class='ocrx_word' id='word_1_331' title='bbox 1616 2382 1665 2413; x_wconf 88' lang='lat' dir='ltr'>ut</span> <span class='ocrx_word' id='word_1_332' title='bbox 1685 2373 1738 2414; x_wconf 92' lang='lat' dir='ltr'>de</span> 
     </span>
     <span class='ocr_line' id='line_1_41' title="bbox 322 2428 1739 2485; baseline 0.001 -16"><span class='ocrx_word' id='word_1_333' title='bbox 322 2429 485 2485; x_wconf 81' lang='lat' dir='ltr'>integro</span> <span class='ocrx_word' id='word_1_334' title='bbox 525 2429 691 2470; x_wconf 85' lang='lat' dir='ltr'>comitia</span> <span class='ocrx_word' id='word_1_335' title='bbox 730 2429 935 2484; x_wconf 80' lang='lat' dir='ltr'>rogationi</span> <span class='ocrx_word' id='word_1_336' title='bbox 976 2429 1158 2471; x_wconf 86' lang='lat' dir='ltr'>fcrendae</span> <span class='ocrx_word' id='word_1_337' title='bbox 1201 2429 1394 2479; x_wconf 83' lang='lat' dir='ltr'>ediceret,</span> <span class='ocrx_word' id='word_1_338' title='bbox 1431 2428 1739 2485; x_wconf 77' lang='lat' dir='ltr'>castigaretque</span> 
     </span>
     <span class='ocr_line' id='line_1_42' title="bbox 323 2485 1738 2543; baseline 0.001 -17"><span class='ocrx_word' id='word_1_339' title='bbox 323 2486 537 2542; x_wconf 78' lang='lat' dir='ltr'>segnitiem</span> <span class='ocrx_word' id='word_1_340' title='bbox 568 2485 740 2542; x_wconf 86' lang='lat' dir='ltr'>populi:</span> <span class='ocrx_word' id='word_1_341' title='bbox 784 2495 912 2542; x_wconf 83' lang='lat' dir='ltr'>atquc</span> <span class='ocrx_word' id='word_1_342' title='bbox 943 2486 1124 2537; x_wconf 83' lang='lat' dir='ltr'>doceret,</span> <span class='ocrx_word' id='word_1_343' title='bbox 1156 2494 1315 2543; x_wconf 87' lang='lat' dir='ltr'>quanto</span> <span class='ocrx_word' id='word_1_344' title='bbox 1345 2485 1498 2526; x_wconf 86' lang='lat' dir='ltr'>damno</span> <span class='ocrx_word' id='word_1_345' title='bbox 1528 2485 1738 2527; x_wconf 90' lang='lat' dir='ltr'>dedecori-</span> 
     </span>
     <span class='ocr_line' id='line_1_43' title="bbox 323 2542 1066 2598; baseline 0.001 -15"><span class='ocrx_word' id='word_1_346' title='bbox 323 2559 406 2598; x_wconf 82' lang='lat' dir='ltr'>que</span> <span class='ocrx_word' id='word_1_347' title='bbox 427 2543 572 2584; x_wconf 86' lang='lat' dir='ltr'>dilatio</span> <span class='ocrx_word' id='word_1_348' title='bbox 593 2558 641 2583; x_wconf 85' lang='lat' dir='ltr'>ca</span> <span class='ocrx_word' id='word_1_349' title='bbox 660 2542 759 2584; x_wconf 83' lang='lat' dir='ltr'>belli</span> <span class='ocrx_word' id='word_1_350' title='bbox 780 2542 927 2584; x_wconf 85' lang='lat' dir='ltr'>futura</span> <span class='ocrx_word' id='word_1_351' title='bbox 947 2552 1066 2586; x_wconf 87' lang='lat' dir='ltr'>esset.</span> 
     </span>
    </p>
   </div>
   <div class='ocr_carea' id='block_1_3' title="bbox 368 2685 1237 2719">
    <p class='ocr_par' dir='ltr' id='par_1_6' title="bbox 368 2685 1237 2719">
     <span class='ocr_line' id='line_1_44' title="bbox 368 2685 1237 2719; baseline -0.001 -4"><span class='ocrx_word' id='word_1_352' title='bbox 368 2686 408 2715; x_wconf 83' lang='lat'>23</span> <span class='ocrx_word' id='word_1_353' title='bbox 435 2685 529 2719; x_wconf 76' lang='lat' dir='ltr'>Quam</span> <span class='ocrx_word' id='word_1_354' title='bbox 551 2695 612 2714; x_wconf 72' lang='lat' dir='ltr'>rem</span> <span class='ocrx_word' id='word_1_355' title='bbox 633 2690 749 2714; x_wconf 75' lang='lat' dir='ltr'>senatus</span> <span class='ocrx_word' id='word_1_356' title='bbox 771 2705 779 2714; x_wconf 86' lang='lat'>.</span> <span class='ocrx_word' id='word_1_357' title='bbox 799 2705 807 2714; x_wconf 92' lang='lat'>.</span> <span class='ocrx_word' id='word_1_358' title='bbox 826 2705 833 2714; x_wconf 93' lang='lat'>.</span> <span class='ocrx_word' id='word_1_359' title='bbox 858 2685 886 2713; x_wconf 79' lang='lat' dir='ltr'>in</span> <span class='ocrx_word' id='word_1_360' title='bbox 911 2686 1007 2714; x_wconf 78' lang='lat' dir='ltr'>animo</span> <span class='ocrx_word' id='word_1_361' title='bbox 1050 2690 1237 2714; x_wconf 76' lang='lat' dir='ltr'>censuerunt.</span> 
     </span>
    </p>
   </div>
   <div class='ocr_carea' id='block_1_4' title="bbox 326 2725 1733 2809">
    <p class='ocr_par' dir='ltr' id='par_1_7' title="bbox 326 2725 1733 2809">
     <span class='ocr_line' id='line_1_45' title="bbox 326 2725 1733 2768; baseline 0 -12"><span class='ocrx_word' id='word_1_362' title='bbox 326 2729 451 2763; x_wconf 73' lang='lat' dir='ltr'>haberer,</span> <span class='ocrx_word' id='word_1_363' title='bbox 467 2740 499 2757; x_wconf 75' lang='lat' dir='ltr'>m</span> <span class='ocrx_word' id='word_1_364' title='bbox 516 2728 573 2768; x_wconf 64' lang='lat' dir='ltr'>res]</span> <span class='ocrx_word' id='word_1_365' title='bbox 613 2726 686 2757; x_wconf 84' lang='lat' dir='ltr'>Non</span> <span class='ocrx_word' id='word_1_366' title='bbox 708 2726 810 2757; x_wconf 84' lang='lat' dir='ltr'>minus</span> <span class='ocrx_word' id='word_1_367' title='bbox 826 2726 904 2757; x_wconf 90' lang='lat' dir='ltr'>benc</span> <span class='ocrx_word' id='word_1_368' title='bbox 923 2727 1007 2758; x_wconf 65' lang='lat' dir='ltr'>Vici.</span> <span class='ocrx_word' id='word_1_369' title='bbox 1092 2728 1133 2758; x_wconf 79' lang='lat'>24</span> <span class='ocrx_word' id='word_1_370' title='bbox 1169 2727 1346 2766; x_wconf 67' lang='lat' dir='ltr'>Respwndere</span> <span class='ocrx_word' id='word_1_371' title='bbox 1372 2726 1502 2767; x_wconf 65' lang='lat' dir='ltr'>placo-c]</span> <span class='ocrx_word' id='word_1_372' title='bbox 1543 2725 1655 2758; x_wconf 67' lang='lat' dir='ltr'>Nonne</span> <span class='ocrx_word' id='word_1_373' title='bbox 1680 2736 1733 2767; x_wconf 88' lang='lat' dir='ltr'>po-</span> 
     </span>
     <span class='ocr_line' id='line_1_46' title="bbox 327 2768 1323 2809; baseline -0.003 -9"><span class='ocrx_word' id='word_1_374' title='bbox 327 2771 420 2800; x_wconf 77' lang='lat' dir='ltr'>liber:</span> <span class='ocrx_word' id='word_1_375' title='bbox 461 2771 544 2804; x_wconf 71' lang='lat' dir='ltr'>Quod</span> <span class='ocrx_word' id='word_1_376' title='bbox 572 2776 697 2801; x_wconf 68' lang='lat' dir='ltr'>sennim.</span> <span class='ocrx_word' id='word_1_377' title='bbox 748 2768 863 2800; x_wconf 85' lang='lat' dir='ltr'>Similis</span> <span class='ocrx_word' id='word_1_378' title='bbox 889 2777 934 2800; x_wconf 76' lang='lat' dir='ltr'>est</span> <span class='ocrx_word' id='word_1_379' title='bbox 959 2781 1006 2800; x_wconf 81' lang='lat' dir='ltr'>so·</span> <span class='ocrx_word' id='word_1_380' title='bbox 1052 2769 1122 2804; x_wconf 75' lang='lat' dir='ltr'>tius,</span> <span class='ocrx_word' id='word_1_381' title='bbox 1141 2771 1323 2809; x_wconf 68' lang='lat' dir='ltr'>responderi?</span> 
     </span>
    </p>
   </div>
   <div class='ocr_carea' id='block_1_5' title="bbox 327 2810 1734 2897">
    <p class='ocr_par' dir='ltr' id='par_1_8' title="bbox 327 2810 1734 2897">
     <span class='ocr_line' id='line_1_47' title="bbox 327 2810 1734 2853; baseline -0.002 -9"><span class='ocrx_word' id='word_1_382' title='bbox 327 2813 425 2844; x_wconf 82' lang='lat' dir='ltr'>lennis</span> <span class='ocrx_word' id='word_1_383' title='bbox 474 2812 806 2844; x_wconf 68' lang='lat' dir='ltr'>senatusconsultorum</span> <span class='ocrx_word' id='word_1_384' title='bbox 856 2812 1003 2844; x_wconf 81' lang='lat' dir='ltr'>formula:</span> <span class='ocrx_word' id='word_1_385' title='bbox 1093 2814 1134 2843; x_wconf 85' lang='lat'>25</span> <span class='ocrx_word' id='word_1_386' title='bbox 1148 2815 1337 2853; x_wconf 74' lang='lat' dir='ltr'>*Antiquam</span> <span class='ocrx_word' id='word_1_387' title='bbox 1357 2812 1414 2853; x_wconf 71' lang='lat' dir='ltr'>cst]</span> <span class='ocrx_word' id='word_1_388' title='bbox 1448 2811 1520 2843; x_wconf 74' lang='lat' dir='ltr'>vid.</span> <span class='ocrx_word' id='word_1_389' title='bbox 1544 2817 1608 2843; x_wconf 80' lang='lat' dir='ltr'>nol.</span> <span class='ocrx_word' id='word_1_390' title='bbox 1623 2813 1676 2842; x_wconf 78' lang='lat'>22.</span> <span class='ocrx_word' id='word_1_391' title='bbox 1695 2810 1734 2841; x_wconf 83' lang='lat' dir='ltr'>ad</span> 
     </span>
     <span class='ocr_line' id='line_1_48' title="bbox 329 2856 1161 2897; baseline 0 -11"><span class='ocrx_word' id='word_1_392' title='bbox 329 2857 413 2891; x_wconf 72' lang='lat' dir='ltr'>Qum!</span> <span class='ocrx_word' id='word_1_393' title='bbox 437 2858 517 2886; x_wconf 62' lang='lat' dir='ltr'>verba</span> <span class='ocrx_word' id='word_1_394' title='bbox 533 2857 610 2897; x_wconf 72' lang='lat' dir='ltr'>srcit</span> <span class='ocrx_word' id='word_1_395' title='bbox 635 2857 733 2887; x_wconf 56' lang='lat' dir='ltr'>consul</span> <span class='ocrx_word' id='word_1_396' title='bbox 750 2879 758 2887; x_wconf 95' lang='lat'>.</span> <span class='ocrx_word' id='word_1_397' title='bbox 773 2879 781 2886; x_wconf 94' lang='lat'>.</span> <span class='ocrx_word' id='word_1_398' title='bbox 799 2878 807 2886; x_wconf 94' lang='lat'>.</span> <span class='ocrx_word' id='word_1_399' title='bbox 821 2857 856 2887; x_wconf 83' lang='lat' dir='ltr'>dc</span> <span class='ocrx_word' id='word_1_400' title='bbox 870 2868 901 2887; x_wconf 83' lang='lat' dir='ltr'>ca</span> <span class='ocrx_word' id='word_1_401' title='bbox 919 2868 947 2887; x_wconf 80' lang='lat' dir='ltr'>re</span> <span class='ocrx_word' id='word_1_402' title='bbox 964 2859 1005 2886; x_wconf 77' lang='lat' dir='ltr'>ita</span> <span class='ocrx_word' id='word_1_403' title='bbox 1052 2856 1092 2886; x_wconf 71' lang='lat' dir='ltr'>V.</span> <span class='ocrx_word' id='word_1_404' title='bbox 1107 2857 1161 2888; x_wconf 82' lang='grc'>30.</span> 
     </span>
    </p>
   </div>
   <div class='ocr_carea' id='block_1_6' title="bbox 1945 2047 1947 2857">
    <p class='ocr_par' dir='ltr' id='par_1_9' title="bbox 1945 2047 1947 2857">
     <span class='ocr_line' id='line_1_49' title="bbox 1945 2047 1947 2857; baseline 0 0"><span class='ocrx_word' id='word_1_405' title='bbox 1945 2047 1947 2857; x_wconf 95' lang='lat' dir='ltr'> </span> 
     </span>
    </p>
   </div>
  </div>
 </body>
</html>
