1947 3222
167 195 210 228 U.
222 196 258 227 C.
271 197 343 227 563.

165 238 208 269 A.
221 239 261 279 C,
274 240 345 270 184.

164 279 326 322 Triumphi

167 322 207 353 de
221 323 334 367 Hispa-

167 365 225 396 nis.

170 758 207 805 13.
221 756 338 795 Quinc-

170 805 231 831 tius
245 806 354 832 senatu

170 849 282 875 mOtuS·

376 85 450 120 438
732 123 734 125 ,
832 115 839 123 .
897 82 1037 122 T1T1
1088 83 1257 121 LIVII
1316 116 1326 122 .

377 189 588 246 provincia
616 191 776 233 habuit.
838 192 1006 234 Veteres
1036 202 1249 248 praetores,
1274 193 1320 232 C.
1346 192 1600 248 Calpurnius
1634 191 1730 233 Piso
1748 202 1790 234 et

380 247 433 287 L.
466 247 700 299 Quinctius,
738 250 915 290 Romam
950 249 1175 290 redierunt.
1222 249 1393 304 utrique
1428 263 1579 304 magno
1616 247 1790 290 Patrum

379 318 577 345 consensu
602 305 842 361 triumphus
872 314 933 346 est
963 305 1166 346 decretus.
1230 305 1349 346 Prior
1382 307 1430 346 C.
1455 305 1709 361 Calpurnius
1738 305 1791 346 de

381 359 595 402 Lusitanis
616 370 658 403 et
690 362 909 403 Celtiberis
934 361 1222 416 triumphavit.
1253 377 1424 402 coronas
1443 377 1589 402 aureas
1609 361 1708 403 tulit
1727 376 1794 402 oc-

381 417 543 472 toginta
571 425 668 469 tres,
700 427 741 460 et
770 417 1028 458 ⁵8du0deeim
1061 417 1191 458 millia
1224 419 1363 472 pondo
1399 418 1571 473 argenti.
1633 419 1795 459 Paucos

381 481 476 529 post
505 473 592 515 dies
614 475 664 515 L.
689 473 908 523 Quinctius
938 474 1158 529 Crispinus
1182 489 1234 514 ex
1264 474 1409 516 iisdem
1434 474 1644 516 Lusitanis
1668 474 1794 516 Celti-

381 529 573 586 berisque
604 530 891 585 triumphavit.
924 530 1184 571 tantumdem
1211 530 1303 571 auri
1332 539 1460 586 atque
1487 531 1647 586 argenti
1677 531 1720 571 in
1746 547 1795 572 eo

383 585 596 642 triumpho
616 586 875 628 translatum.
938 588 1151 637 Censores,
1175 587 1238 627 M.
1266 586 1435 628 Porcius
1455 596 1496 628 et
1518 589 1569 628 L.
1590 587 1793 638 Valerius,

381 651 495 684 metu
526 643 659 685 mixta
687 643 1008 699 exspectatione,
1045 651 1233 684 senatum
1259 643 1478 699 legerunt:
1522 653 1679 701 septem
1710 659 1796 685 mo-

382 708 532 741 verunt
568 708 725 741 senatu.
763 715 813 740 ex
849 699 1005 755 quibus
1039 715 1171 743 unum
1206 699 1407 755 insignem
1438 708 1479 741 et
1508 701 1723 743 nobilitate
1752 710 1793 742 et

380 755 621 807 honoribus,
646 756 695 797 L.
719 756 962 807 Quinctium
984 756 1267 798 Flamininum
1288 757 1556 797 consularem.
1619 756 1793 800 Patrum

381 813 578 854 memoria
596 813 837 855 institutum
860 813 1009 863 fertur,
1033 822 1080 855 ut
1110 829 1296 855 censores
1316 814 1441 854 motis
1470 821 1614 856 senatu
1640 814 1796 863 adscri-

380 869 526 911 berent
560 879 690 912 notas.
767 871 938 911 Catonis
977 879 1018 911 et
1057 869 1148 911 aliae
1189 870 1360 926 quidem
1394 870 1553 911 acerbae
1591 870 1798 912 orationes

382 935 546 968 exstant
575 927 618 967 in
649 943 731 977 eos,
765 942 870 982 quos
901 935 974 968 aut
1008 927 1212 969 senatorio
1241 927 1331 967 loco
1359 927 1504 977 movit,
1537 935 1612 968 aut
1641 927 1797 983 quibus

381 998 512 1038 equos
531 983 709 1025 ademit:
743 983 864 1039 longe
888 983 1132 1039 gravissima
1160 983 1203 1024 in
1224 984 1276 1024 L.
1293 983 1535 1034 Quinctium
1556 985 1690 1025 oratio
1718 992 1795 1036 est,

382 1055 468 1095 qua
483 1039 516 1080 si
536 1050 750 1082 accusator
769 1048 864 1082 ante
885 1049 1041 1090 notam,
1064 1056 1144 1081 non
1166 1055 1308 1082 censor
1328 1049 1423 1096 post
1442 1049 1598 1090 notam,
1616 1056 1717 1082 usus
1736 1057 1798 1082 es-

384 1104 459 1146 set,
476 1097 651 1137 retinere
668 1096 912 1147 Quinctium
932 1096 975 1136 in
996 1105 1140 1137 senatu
1162 1113 1212 1138 ne
1232 1097 1362 1138 frater
1377 1097 1548 1152 quidem
1571 1097 1623 1139 T.
1643 1097 1796 1148 Quinc-

384 1152 481 1202 tius,
505 1153 537 1194 si
558 1162 648 1194 turn
671 1168 813 1194 censor
837 1162 956 1203 esset,
979 1153 1193 1209 potuisset.
1256 1154 1374 1194 Inter
1403 1162 1538 1197 cetera
1558 1153 1711 1210 objecit
1741 1154 1794 1205 ei,

382 1208 628 1265 Philippum
651 1211 844 1259 Poenum,
866 1225 1008 1250 carum
1038 1226 1085 1250 ac
1115 1210 1251 1251 nobile
1282 1218 1478 1260 scortum,
1500 1211 1553 1252 ab
1585 1212 1722 1252 Roma
1750 1211 1793 1255 in

384 1265 564 1307 Galliam
604 1266 857 1322 provinciam
898 1282 969 1322 spe
1009 1266 1241 1321 ingentium
1283 1267 1486 1308 donorum
1526 1267 1790 1323 perductum.

381 1337 477 1362 eum
506 1338 699 1378 puerum,
730 1338 804 1379 per
834 1322 1041 1364 lasciviam
1072 1339 1207 1379 quum
1233 1323 1510 1372 cavillaretur,
1541 1324 1793 1380 exprobrare

380 1380 536 1420 consuli
559 1395 743 1435 persaepe
774 1380 956 1427 solitum,
980 1380 1097 1435 quod
1122 1380 1199 1421 sub
1228 1380 1365 1436 ipsum
1394 1381 1677 1436 spectaculum
1706 1381 1795 1437 gla-

379 1435 603 1477 diatorium
629 1437 836 1478 abductus
865 1438 919 1478 ab
948 1438 1085 1477 Roma
1111 1445 1230 1487 esset,
1263 1445 1310 1478 ut
1340 1434 1592 1492 obsequiunf
1618 1439 1791 1483 amatori

379 1492 623 1534 venditaret.
685 1495 812 1535 Forte
843 1493 1110 1550 epulantibus
1140 1493 1204 1544 iis,
1226 1508 1358 1549 quum
1377 1493 1463 1548 jam
1487 1495 1584 1534 vino
1604 1494 1795 1537 incaluis-

380 1557 485 1599 sent,
526 1551 769 1592 nunciatum
817 1550 860 1591 in
909 1550 1098 1591 convivio
1136 1566 1237 1600 esse,
1277 1550 1455 1591 nobilem
1497 1550 1649 1592 Boium
1698 1567 1793 1593 cum

379 1604 520 1647 liberis
551 1607 809 1661 transfugam
837 1607 1021 1655 venisse-3
1053 1607 1270 1648 convenire
1291 1607 1500 1648 consulem
1522 1607 1640 1658 velle,
1663 1617 1710 1650 ut
1740 1609 1794 1650 ab

378 1677 427 1702 eo
449 1662 572 1703 fidem
602 1679 782 1719 praesens
812 1664 1027 1719 acciperet.
1091 1664 1387 1705 Introductum
1412 1665 1456 1705 in
1476 1664 1790 1711 tabernaculum

379 1733 453 1773 per
492 1719 759 1775 interpretem
799 1720 971 1776 adloqui
1011 1720 1220 1761 consulem
1260 1721 1445 1776 coepisse.
1518 1722 1635 1762 Inter
1669 1722 1791 1778 cujus

379 1790 606 1816 sermonem
639 1777 858 1827 Quinctius
888 1784 1037 1826 scorto,
1066 1777 1136 1817 Vis
1162 1783 1220 1825 tu,
1242 1776 1394 1832 inquit,
1416 1779 1603 1830 quoniam
1627 1780 1795 1832 gladia-

378 1833 523 1871 torium
545 1835 806 1885 spectaculum
828 1834 1040 1887 reliquisti,
1049 1832 1140 1886 jam
1162 1834 1265 1873 hunc
1289 1833 1454 1874 Gallum
1482 1835 1710 1876 morientem
1731 1837 1791 1876 vi-

377 1888 520 1928 de2·e¹<?
567 1890 626 1930 Et
665 1905 795 1945 quum
837 1890 870 1931 is
910 1890 1083 1931 vixdum
1133 1890 1237 1931 serio
1281 1889 1506 1941 adnuisset,
1547 1891 1600 1932 ad
1640 1901 1788 1934 nutum

378 1945 500 1986 scorti
537 1946 745 1987 consulem
781 1947 925 1989 stricto
956 1946 1110 2001 gladio,
1143 1946 1215 2002 qui
1253 1962 1376 2003 super
1408 1955 1535 2004 caput
1566 1949 1790 2004 pendebat,

377 2001 564 2057 loquenti
599 2002 721 2044 Gallo
754 2012 879 2059 caput
912 2003 1092 2060 primum
1123 2004 1385 2061 percussisse,
1417 2004 1565 2045 deinde
1596 2004 1790 2061 fugienti,

377 2057 587 2155 fidemqlue
617 2060 762 2116 populi
796 2061 990 2111 Romani,
1011 2069 1139 2116 atque
1169 2076 1326 2110 corum,
1349 2061 1423 2120 qui
1450 2061 1637 2112 aderant,
1658 2062 1792 2123 inplo,

377 2115 500 2163 ranti,
538 2124 632 2156 atus
654 2116 932 2160 transfodisse.

435 2172 618 2212 XLIII.
652 2173 840 2214 Valerius
873 2174 1034 2224 Antias,
1067 2182 1113 2216 ut
1149 2174 1222 2230 qui
1255 2190 1328 2215 nec
1362 2174 1534 2215 Catonis
1561 2175 1788 2217 orationem

368 2227 557 2290 legisset,
588 2236 629 2269 et
649 2228 843 2271 ⁵⁹fabulae
874 2239 1036 2272 tantum
1068 2230 1152 2271 sinc
1182 2239 1350 2272 auctore
1380 2231 1501 2272 editae
1531 2231 1788 2282 credidisset,

375 2283 489 2325 ahud
521 2294 829 2341 argumentum,
861 2287 990 2328 simile
1020 2296 1156 2328 tamen
1187 2296 1228 2328 et
1259 2287 1429 2328 libidine
1459 2299 1499 2329 et
1529 2287 1790 2339 crudelitate,

376 2340 552 2397 peragit.
617 2338 833 2383 l'la'ce‘ntiae
864 2344 1062 2384 famosam
1094 2344 1324 2394 mulierem,
1346 2345 1466 2399 eujus
1495 2359 1632 2384 amore
1663 2344 1786 2401 depe-

374 2396 489 2445 riret,
527 2397 566 2438 in
602 2399 837 2440 convivium
873 2400 1107 2441 arcessitam
1144 2400 1297 2442 scribit.
1343 2400 1400 2441 ibi
1434 2401 1660 2455 jactantem
1702 2418 1788 2443 sese

376 2462 510 2494 scorto
537 2453 642 2496 inter
672 2464 808 2497 cetera
836 2457 1039 2506 retulisse,
1062 2472 1186 2512 quam
1218 2457 1366 2498 acriter
1392 2457 1642 2512 quaestiones
1671 2473 1787 2499 exer-

883 2539 901 2563 k
914 2541 1059 2579 adspicere
1074 2540 1172 2571 Gron.
1186 2540 1277 2570 Crev.

416 2616 456 2646 58
484 2615 638 2645 Duodecim
669 2616 761 2644 millia
794 2617 886 2653 pundo
922 2617 1054 2657 argenti]
1098 2625 1130 2645 se
1155 2621 1244 2657 putat
1272 2615 1422 2645 Catonem
1453 2615 1585 2646 voluisse
1614 2625 1675 2646 rem
1704 2619 1782 2647 atro-

372 2657 500 2688 Marcas
516 2663 664 2688 nostrates
678 2658 791 2692 18750.
1098 2657 1208 2689 ciorem
1246 2662 1276 2688 et
1313 2657 1536 2689 invidiosiorem
1564 2658 1679 2694 facere,
1708 2658 1781 2690 dum

415 2701 455 2730 59
483 2700 596 2730 Fabula·
619 2723 626 2729 .
645 2723 652 2730 .
671 2723 677 2730 .
695 2721 702 2728 .
725 2701 785 2729 sine
807 2705 924 2730 auctore
951 2700 1051 2740 edita-J
1099 2700 1287 2740 transfugam
1317 2700 1426 2730 Boium
1450 2701 1490 2731 ab
1513 2701 1578 2742 ipso
1602 2701 1638 2731 L.
1654 2700 1784 2737 Quintio

372 2742 449 2772 Eam
473 2748 574 2773 tamen
601 2742 772 2784 opinionem
800 2748 921 2772 seculus
945 2742 1054 2773 s'icoro
1098 2742 1291 2773 intersectum
1306 2742 1393 2779 dixit,
1412 2755 1471 2775 non
1490 2743 1577 2785 jussu
1599 2743 1664 2785 ejus
1686 2753 1782 2774 unum

370 2789 426 2817 2⁵¹,
447 2785 529 2815 imi.
545 2786 582 2815 de
603 2788 673 2815 Sen.
690 2796 718 2814 n.
737 2786 786 2815 42.
832 2785 936 2825 Atque
960 2785 1052 2814 etiam
1097 2797 1134 2816 ex
1151 2785 1314 2817 damnatis.

371 2826 556 2858 Plutarchus
580 2829 610 2859 in
635 2828 808 2859 flaminino
824 2827 983 2860 verisimile
1007 2838 1051 2859 es-
