1947 3222
378 108 427 147 74
908 100 1056 139 TITI
1099 99 1274 138 LIVII

161 226 204 258 U.
217 225 254 258 C.
268 225 342 256 554.
378 210 532 257 Setinis
552 208 719 267 captiva
738 209 898 266 aliquot
931 208 1110 251 nationis
1139 209 1230 266 ejus
1249 224 1302 251 ex
1331 207 1478 264 praeda
1505 214 1616 249 emta
1643 207 1797 249 manci-

161 269 252 300 A.C.
271 269 341 299 198.
374 269 455 324 pia.
518 268 659 318 Quum
689 266 1018 322 conjurationem
1048 264 1255 316 fecissent,
1282 266 1418 308 missis
1447 279 1499 305 ex
1528 278 1577 304 eo
1605 278 1794 315 numero,

375 324 450 381 qui
479 324 524 366 in
551 324 694 365 Setino
723 338 839 378 agro,
861 322 1012 363 deinde
1041 322 1152 362 circa
1171 322 1357 368 Norbam
1388 331 1428 364 et
1452 320 1648 370 Circeios,
1671 321 1797 362 servi-

376 382 434 423 tia
469 380 765 428 sollicitarent;
799 379 898 420 satis
927 379 1015 433 jam
1047 377 1240 421 omnibus
1273 378 1533 434 praeparatis,
1563 376 1690 428 ludis,
1721 376 1796 433 qui

377 438 502 480 Setiae
522 436 764 493 propediem
785 434 920 476 futuri
940 441 1073 484 erant,
1095 434 1332 490 spectaculo
1350 436 1558 477 intentum
1589 433 1796 490 populum

374 494 548 550 adgredi
570 500 826 535 statuerant:
863 491 977 532 Setia
1004 505 1079 546 per
1108 490 1263 532 caedem
1284 499 1325 532 et
1355 490 1619 548 repentinum
1640 489 1798 531 tumul.-

376 559 467 593 tum
498 558 634 606 capta,
666 548 854 590 Norbam
883 555 925 588 et
957 547 1139 588 Circeios
1168 562 1382 603 occupare.
1443 548 1589 603 Hujus
1617 547 1677 587 rei
1709 554 1796 587 tam

375 607 502 650 foedae
536 605 737 648 indicium
770 605 950 645 Romam
984 602 1039 647 ad
1070 603 1146 643 7L.
1171 604 1411 645 Cornelium
1447 603 1660 644 Merulam
1690 617 1798 658 prae-

377 672 509 706 torem
530 663 647 704 urbis
679 660 865 702 delatum
887 668 961 701 est.
1024 659 1141 700 Servi
1161 659 1248 700 duo
1267 668 1363 701 ante
1383 661 1519 701 lucem
1539 659 1593 701 ad
1613 674 1709 700 eum
1730 674 1799 700 ve-

375 727 544 770 nerunt,
566 727 695 774 atque
723 717 868 758 ordine
892 716 1045 767 omnia,
1067 730 1165 771 quae
1194 724 1287 757 acta
1315 717 1545 772 futuraque
1574 724 1706 766 erant,
1728 731 1799 756 ex-

376 783 619 832 posuerunt.
682 774 846 825 Quibus
880 773 992 814 domi
1033 771 1232 815 custodiri
1267 773 1410 828 jussis,
1445 781 1615 828 praetor,
1652 780 1798 814 senatu

377 846 524 875 vocato
552 832 799 887 edoctoque,
822 845 920 886 quae
952 829 1108 870 indices
1140 828 1367 878 adferrent,
1392 828 1596 884 proficisci
1624 829 1679 870 ad
1707 844 1799 869 eam

376 888 704 946 conjurationem
726 886 996 943 quaerendam
1026 894 1155 941 atque
1179 885 1497 942 obprimendam
1522 885 1681 941 jussus,
1702 900 1799 926 cum

376 946 564 1002 quinque
590 945 738 1001 legatis
767 944 996 1000 profectus,
1017 942 1162 983 obvios
1192 943 1235 983 in
1265 941 1376 997 agris
1407 949 1661 983 sacramento
1680 957 1800 997 roga-

377 1011 442 1045 tos
462 1018 578 1044 arma
596 1016 744 1057 capere
773 1009 815 1041 et
846 999 965 1055 sequi
994 999 1181 1054 cogebat.
1244 999 1340 1039 Hoc
1369 998 1648 1039 tumultuario
1667 997 1802 1039 delec-

379 1068 427 1101 tu
451 1059 621 1101 duobus
650 1057 835 1099 millibus
864 1057 994 1097 ferme
1023 1055 1240 1099 hominum
1270 1055 1453 1104 armatis,
1479 1055 1648 1103 Setiam,
1670 1054 1801 1095 omni.

378 1116 473 1166 bus,
508 1131 594 1171 quo
634 1122 842 1170 pergeret,
876 1112 1046 1169 ignaris,
1082 1111 1206 1152 venit.
1248 1111 1307 1152 ibi
1346 1112 1499 1168 raptim
1540 1110 1802 1167 principibus

167 1186 350 1229 Obpressus.
379 1171 677 1229 conjurationis
706 1169 1026 1226 comprehensis,
1049 1168 1154 1224 fuga
1182 1183 1395 1211 servorum
1423 1183 1475 1208 ex
1504 1167 1660 1223 oppido
1689 1167 1802 1209 facta

378 1238 452 1271 est.
480 1227 637 1270 dimissi
658 1227 809 1269 deinde
829 1242 904 1282 per
922 1241 1060 1281 agros,
1080 1224 1155 1281 qui
1176 1225 1442 1280 vestigarent.
1493 1223 1679 1279 Egregia
1698 1223 1802 1265 duo-

378 1301 473 1328 rum
495 1300 622 1342 opera
642 1298 855 1326 servorum
878 1282 1062 1323 indicum
1082 1290 1124 1323 et
1146 1281 1270 1322 unius
1300 1281 1418 1322 liberi
1448 1280 1542 1322 fuit.
1604 1281 1659 1321 Ei
1681 1280 1801 1321 δοεη-

380 1352 471 1385 tum
500 1341 631 1384 millia
659 1340 798 1397 gravis
829 1339 921 1381 aeris
951 1339 1042 1381 dari
1065 1340 1211 1379 Patres
1235 1339 1475 1393 jusserunt:
1510 1337 1636 1379 servis
1657 1337 1803 1378 vicena

380 1399 510 1456 quina
538 1398 669 1439 millia
697 1398 807 1447 aeris,
837 1405 877 1439 et
907 1396 1157 1437 libertatem.
1187 1395 1371 1451 pretium
1399 1409 1544 1436 eorum
1573 1409 1625 1434 ex
1656 1395 1802 1435 aerario

381 1456 565 1498 solutum
599 1462 662 1496 est
701 1453 891 1495 dominis.
953 1451 1086 1492 Haud
1120 1451 1180 1492 ita
1214 1451 1348 1492 multo
1381 1459 1491 1506 post,
1527 1465 1580 1491 ex
1614 1450 1801 1506 ejusdem

381 1510 680 1569 conjurationis
708 1509 910 1565 reliquiis,
932 1507 1177 1549 nunciatum
1206 1515 1284 1557 est,
1307 1507 1476 1549 servitia
1497 1508 1707 1548 Praeneste
1736 1523 1803 1548 oc,

381 1578 599 1625 cupatura.
661 1568 729 1609 Eo
760 1566 808 1608 L.
834 1565 1053 1606 Cornelius
1082 1572 1240 1620 praetor
1269 1563 1496 1620 profectus,
1518 1563 1571 1604 de
1600 1563 1806 1619 quingen.-

382 1626 436 1668 tis
465 1626 552 1667 fere
583 1624 838 1671 hominibus,
861 1622 935 1677 qui
969 1621 1011 1662 in
1039 1636 1087 1661 ea
1118 1636 1229 1662 noxa
1257 1628 1389 1669 erant,
1412 1619 1663 1676 supplicium
1694 1620 1805 1662 sum-

382 1682 447 1724 sit.
489 1683 534 1723 in
574 1681 722 1722 timore
757 1679 904 1722 civitas
938 1677 1035 1727 fuit,
1069 1677 1233 1718 obsides
1265 1676 1538 1732 captivosque
1574 1677 1803 1722 Poenorum

383 1755 431 1780 ea
449 1737 598 1780 moliri.
662 1738 816 1792 Itaque
835 1742 877 1776 et
900 1735 1048 1776 Rornae
1068 1733 1224 1789 vig-iliae
1253 1748 1328 1788 per
1347 1732 1458 1773 vicos
1484 1741 1686 1780 servatae3
1713 1733 1805 1788 jus-

383 1796 502 1852 sique
545 1793 764 1836 circumire
807 1807 875 1833 eas
920 1791 1099 1832 minores
1146 1789 1437 1845 magistratus:
1484 1797 1525 1831 et
1565 1788 1805 1831 ⁹triumvi1·i

383 1851 557 1894 carceris
579 1851 611 1874 ¹⁰
624 1849 923 1894 lautumiarum
954 1846 1216 1888 intentiorem
1239 1845 1471 1889 custodiam
1491 1845 1644 1887 habere
1668 1845 1802 1901 jussi:

384 1918 425 1951 et
455 1909 564 1950 circa
592 1922 742 1948 nomen
764 1904 965 1947 Latinum
991 1919 1018 1945 a
1046 1911 1225 1960 praetore
1256 1903 1388 1945 literae
1417 1902 1569 1953 missae,
1590 1910 1640 1944 ut
1670 1910 1711 1944 et
1732 1903 1806 1944 ob-

385 1966 493 2007 sides
519 1966 561 2006 in
591 1963 756 2020 privato
777 1970 1054 2011 servarentur,
1076 1975 1211 2023 neque
1240 1959 1283 2000 in
1311 1959 1534 2039 1publicum
1567 1958 1806 2016 prodeundi

384 2021 562 2064 facultas
587 2022 783 2067 daretur;
816 2027 857 2060 et
888 2017 1042 2074 captivi
1072 2032 1123 2058 ne
1153 2031 1291 2058 mmus

1356 2016 1497 2058 decem
1527 2015 1667 2072 pondo
1697 2031 1806 2057 oom-

385 2079 563 2135 pedibus
583 2077 713 2119 vincti
733 2077 777 2117 in
797 2075 914 2117 nulla
934 2075 1028 2125 alia,
1049 2089 1178 2130 quam
1208 2073 1250 2114 in
1272 2073 1445 2114 carceris
1473 2072 1647 2129 publici,
1669 2081 1806 2115 custo-

387 2136 457 2177 dia
476 2144 623 2176 essent.

446 2193 649 2234 XXVII.
682 2190 843 2233 Eodem
865 2204 973 2231 anno
1004 2187 1129 2243 legati
1150 2188 1203 2229 ab
1223 2203 1320 2243 rege
1341 2187 1491 2229 Attalo
1519 2201 1711 2228 coronam
1733 2201 1806 2228 au-

386 2265 500 2290 ream
532 2249 799 2290 ¹²ducents1m
830 2245 1109 2302 quadraginta
1140 2260 1209 2286 sex
1245 2244 1386 2300 pondo
1418 2244 1459 2284 in
1492 2243 1699 2299 Capitolio
1733 2258 1806 2299 po-

389 2314 577 2356 suerunt,
599 2305 838 2361 gratiasque
869 2302 1029 2344 senatui
1060 2310 1251 2357 egerunt,
1277 2301 1392 2358 quod
1423 2299 1675 2352 Antiochus,
1697 2300 1807 2356 lega„

434 2459 452 2488 7
477 2458 513 2488 L.
531 2458 697 2488 Cornelium
720 2455 884 2496 Merulam]
917 2455 1000 2486 Ante
1028 2454 1075 2486 Si-

1162 2454 1182 2484 9
1194 2455 1210 2472 ²¹
1225 2452 1401 2492 Triumviri]
1427 2451 1596 2494 capitales.
1624 2451 1676 2482 De
1691 2450 1728 2482 iis
1744 2450 1809 2483 vid.

391 2500 515 2543 gonium
547 2499 620 2530 editi
655 2509 824 2539 cognomen
859 2497 929 2529 huic
956 2497 1077 2540 praetori
1120 2501 1184 2527 not.
1202 2495 1242 2527 ad
1259 2495 1364 2526 XXV.
1385 2496 1411 2525 l.

388 2543 551 2576 ,addebant
586 2543 758 2572 Lentulum.
805 2540 990 2571 Emendavit
1024 2540 1077 2570 ine

394 2598 431 2618 ex
454 2597 484 2621 c.
506 2587 535 2616 7.
565 2595 669 2627 supra,
691 2591 718 2614 et
750 2585 772 2614 l.
796 2584 952 2614 xxxlv.
980 2593 1009 2615 c.
1029 2583 1081 2614 54.

391 2630 484 2661 infra.

432 2674 458 2703 Β
483 2672 607 2702 Centum
643 2670 738 2701 millia
769 2670 868 2709 gravis
904 2667 988 2707 oris]
1032 2667 1081 2697 Ea

393 2715 584 2745 aestimamus
612 2712 731 2744 denarii
759 2713 870 2742 10000.
897 2709 1008 2741 marcis
1033 2720 1081 2740 ar-

392 2758 483 2798 ¹genti
508 2756 693 2788 nostratibus
711 2755 780 2786 156.
804 2765 873 2785 cum
889 2753 1011 2785 duabus
1026 2762 1081 2782 un-

399 2800 471 2830 ciis:
522 2801 627 2833 Vienna
669 2800 757 2840 quina
802 2797 907 2832 millia,
949 2794 1084 2840 denariis

402 2844 496 2873 2500.
516 2843 625 2874 marci-s
638 2841 754 2883 argenti
769 2841 819 2871 39.
836 2850 904 2870 Cum
918 2847 1085 2869 scmunma.

1166 2539 1204 2569 10
1226 2538 1472 2578 lautumiarum]
1518 2536 1592 2567 Vld.
1624 2541 1687 2567 not·
1715 2535 1757 2568 ad
1783 2535 1808 2567 1.

1124 2581 1250 2612 XXVI.
1265 2591 1294 2612 c.
1307 2581 1360 2611 27.

1170 2625 1206 2654 ll
1233 2624 1337 2654 Decem
1368 2623 1477 2663 pondo]
1524 2623 1605 2654 Octo
1631 2622 1695 2653 fere
1725 2621 1810 2653 libn's

1125 2666 1311 2697 nostratibus
1324 2665 1437 2707 pondo.
1792 2703 1796 2706 .

1172 2710 1209 2739 12
1235 2708 1527 2748 C(·XL1‘1.p0n‹10]
1551 2709 1809 2739 Marcarurn.seu

1119 2751 1306 2790 ‘selibrarum
1329 2751 1507 2785 nostratium
1526 2752 1599 2783 ³821.
1622 2761 1691 2783 uum
1716 2750 1810 2781 tritam

1128 2793 1237 2827 unciis.

1940 1308 1944 1467 Ξ
