1947 3222
139 248 181 280 U.

136 292 178 323 A.

138 579 275 628 Plnitippi

133 628 242 655 oratio.

196 248 316 279 C,57o.
349 234 630 289 infrequentes
653 234 741 288 jam
772 233 812 273 in
842 249 886 275 re

191 291 231 323 C·
246 291 317 321 182.
349 291 484 341 cessit,
506 306 611 345 quos
631 291 672 331 in
694 290 862 331 consilio
887 250 1073 332 {abemh
1136 292 1248 332 Dum
1272 292 1443 333 veniunt
1474 293 1606 342 amici,
1629 292 1754 341 solus,

355 125 431 164 460
876 121 1019 164 TITI
1061 125 1234 163 LIVII

917 235 970 284 ia,
995 235 1289 290 Lysimachum
1322 244 1362 276 et
1394 233 1666 278 Onomastum
1694 242 1757 277 a‘r-

349 347 436 388 filio
464 346 609 402 procul
631 354 778 397 stante,
801 347 934 388 multa
964 363 1101 388 secum
1133 348 1268 389 animo
1298 349 1505 399 volutans,
1526 349 1756 391 inambula-

347 405 422 455 vit.
443 411 666 459 postquam
688 404 845 443 venisse
875 419 943 444 eos
970 404 1213 444 nunciatum
1241 412 1317 455 est,
1340 405 1502 447 secessit
1532 405 1574 446 in
1594 413 1755 462 partem

348 459 583 502 interiorem
618 475 711 500 cum
745 459 911 500 duobus
945 459 1100 510 amicis,
1131 461 1305 502 totidem
1337 462 1580 504 custodibus
1615 477 1758 517 corpo-

349 517 427 558 ris:
459 516 568 564 fifiis,
591 524 639 557 ut
667 524 804 557 ternos
833 515 1009 556 inermes
1039 531 1176 557 secum
1206 517 1533 569 introducerent,
1554 519 1754 575 permisit.

352 573 419 614 Ibi
439 588 571 630 quum
593 572 864 613 consedisset:
897 573 1033 622 Sedeo,
1056 572 1208 629 inquit,
1230 575 1473 616 miserrimus
1485 574 1764 629 potenjudex-

350 631 457 671 inter
477 631 573 669 duos
580 629 713 682 filios,
734 635 999 670 accusatorem
1014 631 1257 682 parricidii,
1279 637 1317 671 et
1337 645 1466 678 reum;
1497 639 1569 673 aut
1588 632 1759 686 conficti,

347 693 419 728 aut
438 687 604 727 admissi
632 686 814 726 criminis
842 686 968 727 labem
989 688 1100 740 apud
1127 701 1230 729 meos
1250 689 1490 729 inventurus.
1547 690 1641 732 Jam
1666 691 1760 742 pri-

347 745 432 784 dem
454 744 610 797 quidem
630 744 735 783 hanc
748 744 967 796 procellam
999 745 1253 785 inminentem
1275 745 1474 796 timebam,
1496 760 1611 800 quum
1631 747 1761 787 vultus

347 801 456 841 inter
474 814 540 842 vos
560 800 722 840 minime
733 801 955 854 ⁴fraternos
975 815 1185 849 cernerem,
1208 815 1326 856 quum
1347 816 1455 843 voces
1481 804 1672 856 quasdam
1693 818 1760 843 ex-

346 858 541 897 audirem.
572 858 642 897 sed
671 858 870 897 interdum
899 872 988 911 spes
1016 859 1190 899 animum
1220 859 1391 909 subibat,
1420 861 1467 899 de
1499 873 1650 913 agrare
1676 861 1762 900 iras

347 921 513 964 vestras,
529 916 709 968 purgari
737 915 979 968 suspiciones
995 929 1122 968 posse.
1145 917 1265 956 etiam
1286 917 1426 967 hostes,
1452 917 1578 958 armis
1604 917 1760 970 positi8‚

345 973 474 1018 foedus
495 972 622 1021 icisse,
639 977 677 1012 et
690 973 882 1025 privatas
901 974 1110 1013 multorum
1131 974 1351 1015 simultates
1356 974 1520 1027 finitas.
1541 975 1762 1015 subituram

347 1028 456 1069 vobis
468 1029 691 1082 aliquando
702 1030 991 1082 germanitatis
1006 1031 1251 1080 memoriam,
1262 1032 1438 1083 puerilis
1452 1032 1651 1085 quondam
1669 1033 1762 1071 sim-

338 1087 545 1139 plicitatis
558 1087 930 1140 consuetudinisque
945 1088 1053 1127 inter
1073 1102 1149 1136 vos,
1167 1102 1336 1128 meorum
1358 1089 1527 1142 denique
1539 1094 1763 1142 prcecepto-

347 1157 453 1189 rum;
486 1156 588 1196 quae,
611 1156 760 1190 vereor,
783 1157 832 1182 ne
852 1157 958 1183 vana
978 1145 1110 1184 surdis
1130 1144 1294 1185 auribus
1313 1146 1536 1186 cecinerim.
1598 1146 1763 1193 Quoties

347 1214 432 1253 ego,
455 1199 708 1240 audientibus
728 1200 849 1247 vobis,
868 1202 1083 1242 detestatus
1103 1203 1281 1253 exempla
1302 1203 1590 1242 discordiarum
1594 1203 1762 1257 frater-

349 1271 505 1305 narum,
528 1255 787 1297 ²⁰horrendos
807 1263 965 1298 eventus
985 1272 1116 1298 eorum
1147 1260 1281 1308 retuli,
1304 1259 1444 1312 quibus
1464 1274 1504 1300 se
1522 1261 1763 1313 stirpemque

348 1328 473 1364 suam,
509 1315 653 1363 domos,
689 1328 830 1368 regna,
853 1315 1054 1368 funditus
1087 1315 1345 1357 evertissent?
1398 1316 1577 1357 Meliora
1611 1330 1764 1370 quoque

349 1372 527 1424 erempla
537 1377 661 1423 parte
673 1372 804 1411 altera
811 1373 935 1424 posui
941 1394 955 1418 ,·
988 1372 1213 1412 sociabilem
1230 1374 1515 1414 consortionem
1529 1374 1636 1414 inter
1651 1373 1763 1414 binos

348 1429 744 1468 Lacedaemoniorum
775 1443 900 1482 reges,
921 1429 1138 1469 salutarem
1162 1443 1241 1482 per
1260 1431 1384 1470 mulla
1411 1431 1540 1471 secula
1563 1431 1662 1483 ipsis
1685 1443 1764 1483 po-

349 1486 532 1539 triceque.
592 1486 785 1525 Eamdem
817 1487 1032 1535 civitatem,
1049 1494 1261 1540 postquam
1283 1501 1363 1528 mos
1391 1487 1470 1528 sibi
1488 1488 1629 1541 cuique
1647 1488 1764 1540 rapi·

350 1543 445 1582 endi
484 1543 737 1596 tyrannidem
771 1549 930 1583 exortus
964 1544 1031 1593 sit,
1068 1558 1254 1584 eversam.
1313 1545 1408 1586 Jam
1442 1545 1513 1585 hos
1552 1545 1763 1585 Eununem

351 1600 611 1653 Attalumque
623 1599 802 1653 fratres,
825 1615 851 1639 a
882 1615 999 1653 quam
1030 1602 1186 1655 exiguis
1215 1601 1340 1650 rebus,
1365 1615 1497 1655 prope
1526 1608 1569 1642 ut
1593 1602 1765 1655 puderet

350 1657 457 1710 regii
477 1657 662 1706 nominis,
686 1657 786 1696 milii
815 1657 1032 1705 Antiocho,
1057 1664 1094 1698 et
1113 1658 1275 1699 cuilibet
1304 1673 1442 1712 regum
1471 1657 1586 1712 hujus
1613 1659 1762 1708 oetatis,

351 1714 463 1753 nulla
485 1728 528 1753 re
549 1715 688 1767 magis,
708 1728 824 1767 quam
845 1713 1071 1755 21fraterna
1093 1716 1374 1765 unanimitate,
1391 1730 1554 1770 regnum
1575 1729 1762 1769 aequasse.

352 1770 419 1810 Ne
438 1771 636 1811 Romanis
666 1772 821 1825 quidem
844 1772 1035 1823 ememplis
1064 1771 1254 1820 abstinui,
1277 1786 1366 1825 quae
1389 1779 1460 1812 aut
1480 1773 1578 1822 visa,
1600 1779 1671 1812 aut
1691 1786 1764 1812 au-

351 1829 440 1867 dita
467 1827 679 1868 habebam:
718 1829 768 1868 T.
786 1834 823 1867 et
845 1828 898 1868 L.
923 1828 1215 1877 Quinctiorum,
1233 1830 1302 1882 qui
1316 1829 1455 1869 bellum
1477 1843 1619 1869 mecum
1635 1843 1765 1883 gesse·

350 1891 459 1933 runt,
483 1885 534 1924 P.
562 1891 600 1925 et
631 1885 683 1924 L.
711 1885 958 1937 Scipionum,
986 1886 1057 1938 qui
1089 1885 1325 1926 Antiochum
1352 1887 1600 1932 devicerunt;
1628 1886 1766 1939 patris

342 1942 567 1994 patruique
600 1955 746 1993 eorum,
779 1955 942 1994 quorum
972 1948 1209 1994 perpetuam
1249 1944 1345 1983 vine
1378 1944 1627 1983 concordiam
1662 1956 1765 1983 mors

350 2012 504 2052 quoque
531 1999 698 2039 miscuit.
761 1997 901 2052 Neque
928 2013 994 2039 vos
1022 2000 1181 2039 illorum
1211 2001 1346 2048 scelus,
1378 2001 1598 2053 similisque
1625 2000 1766 2041 sceleri

351 2061 523 2104 eventus,
561 2057 762 2096 deterrere
793 2070 819 2094 a
853 2057 1011 2096 vecordi
1045 2056 1247 2097 discordia
1274 2058 1431 2110 potuit:
1473 2072 1600 2110 neque
1627 2057 1765 2097 horum

350 2112 454 2153 bona
475 2127 596 2163 mens,
618 2112 721 2153 bona
735 2113 930 2166 fortuna,
952 2114 1008 2153 ad
1028 2115 1242 2154 sanitatem
1260 2115 1437 2168 flectere.
1507 2115 1604 2155 Vivo
1624 2120 1662 2154 et
1681 2115 1766 2168 spi-

350 2175 470 2209 rante
490 2184 560 2218 me,
578 2170 852 2210 lzcereditatem
874 2184 997 2210 meam
1019 2171 1133 2211 ambo
1153 2177 1192 2211 et
1205 2185 1274 2224 spe
1295 2177 1329 2212 et
1350 2171 1574 2225 cupiditate
1594 2170 1766 2224 inproba

350 2227 544 2267 crevistis.
605 2228 670 2267 Eo
700 2241 820 2280 usque
840 2242 899 2266 me
925 2229 1057 2268 vivere
1086 2229 1220 2277 vultis,
1243 2230 1378 2276 donec,
1399 2230 1568 2270 alterius
1597 2226 1766 2269 vestrum

350 2290 563 2336 superstes,
591 2284 701 2324 haud
728 2283 951 2337 ambiguum
981 2299 1110 2338 regem
1140 2287 1308 2325 alterum
1340 2300 1425 2326 mea
1455 2291 1578 2325 morte
1588 2285 1763 2338 jaciam.

354 2336 642 2394 Necfiutrem,
666 2354 735 2380 nec
750 2347 909 2393 patrem
937 2344 1105 2393 potestis
1119 2343 1226 2395 pati.
1261 2343 1367 2383 nihil
1385 2344 1487 2389 cari,
1509 2342 1615 2381 nihil
1633 2343 1764 2381 sancti

354 2404 430 2438 est.-
461 2398 504 2437 in
526 2399 696 2438 omnium
727 2399 846 2438 w'cem
878 2400 995 2452 regni
1015 2401 1132 2440 unius
1163 2399 1413 2440 insatiabilis
1441 2413 1552 2438 amor
1571 2400 1762 2440 successit.

397 2523 439 2551 20
465 2521 629 2551 Horremus
648 2524 890 2564 ercnlnswrwnj
918 2524 1037 2565 Nempe
1084 2530 1161 2553 trum
1189 2523 1277 2559 infra,
1294 2524 1313 2554 1.
1340 2524 1436 2553 XLV.
1453 2534 1478 2553 c.
1506 2524 1554 2553 10.
1580 2523 1763 2554 Plutarchus

354 2565 499 2594 fratrum:
535 2573 603 2604 qum
629 2575 685 2594 vox
713 2566 784 2595 latet
813 2566 1038 2606 quodammodo
1083 2566 1121 2597 dc
1150 2567 1293 2596 Fraterno
1319 2567 1440 2600 Amore,
1470 2571 1616 2596 memorat
1639 2566 1765 2607 Apollo-

355 2607 475 2637 inclusa
490 2607 521 2636 in
536 2607 813 2647 ea?jimcrnm‘wn.
862 2609 973 2642 Quibus
992 2619 1036 2639 re·
1084 2610 1184 2638 nidmu
1215 2609 1333 2638 illorum
1360 2615 1486 2638 matrem
1510 2608 1609 2639 dicere
1629 2609 1761 2642 solitam,

357 2650 449 2680 fertur
476 2649 515 2679 ad
537 2656 661 2679 eventus.
708 2651 737 2678 Si
761 2651 830 2690 quis
851 2656 951 2680 tannen
967 2661 1036 2680 cuni
1083 2661 1141 2681 non
1157 2650 1214 2682 sibi
1232 2657 1314 2681 tanto
1337 2650 1448 2690 gaudio
1471 2661 1536 2682 esso
1559 2661 1632 2692 opes
1650 2657 1680 2681 et
1697 2651 1762 2681 dia-

357 2693 435 2722 Tau.
454 2693 552 2723 rubro
568 2692 668 2734 legere
684 2692 770 2722 malit
791 2695 839 2731 qui
856 2703 908 2733 pro
929 2695 1038 2732 quibus.
1085 2693 1186 2727 doma,
1201 2704 1292 2733 quam
1317 2692 1398 2733 quod
1416 2694 1514 2724 videat
1538 2693 1599 2724 filio
1622 2704 1675 2724 suo
1690 2698 1762 2724 natu

357 2746 415 2765 uon
433 2745 616 2777 magnopere
630 2735 878 2777 repugnabimus.
1084 2736 1217 2766 maximo
1243 2742 1302 2765 tros
1324 2735 1429 2765 fratres
1452 2737 1531 2767 latus
1551 2736 1673 2775 cingere.
1696 2747 1763 2766 cus-

399 2779 435 2807 21
469 2778 608 2807 Fraterno
640 2778 847 2819 unanimitate]
890 2779 936 2808 De
973 2778 1037 2808 lau-
1085 2779 1170 2808 mdes
1197 2778 1262 2817 ejus
1285 2779 1436 2820 corporis;
1465 2790 1534 2810 cum
1560 2784 1659 2809 autem
1687 2779 1763 2809 inter

358 2820 428 2849 data
453 2821 510 2850 hac
538 2821 694 2855 liunwnis,
715 2821 823 2853 Attali,
841 2820 992 2855 Afflenaei,
1010 2827 1036 2851 et
1085 2821 1202 2861 gladios
1218 2821 1341 2851 fratrum
1359 2832 1461 2853 secure
1477 2827 1657 2853 versantem.

358 2863 524 2898 Philctaerz,
550 2864 673 2895 fratrum
698 2863 858 2895 concordia
884 2863 946 2894 vid.
972 2874 1037 2894 nos·
