1947 3222
427 108 548 146 LIB.
577 105 814 145 XXXVIII.
856 107 990 144 CAP.
1019 108 1214 146 XLVIII.
1446 113 1520 148 383

99 220 298 261 universce
330 219 468 274 gentis
501 215 677 272 infamia
717 219 838 268 atque
876 215 1053 267 invidia,
1082 230 1163 268 per
1200 232 1241 259 se
1276 218 1381 272 ipsos
1416 219 1523 260 aestz-
1537 225 1577 258 U.
1592 225 1630 257 C.
1639 224 1713 255 565.

101 284 223 320 mate.
299 277 469 318 Utinam
506 287 570 314 res
612 272 820 321 Eumenes,
861 273 1019 313 utinam
1060 273 1175 313 Aszoe
1216 276 1402 317 civitates
1441 291 1521 317 om-
1535 269 1576 301 A
1590 269 1630 300 C.
1643 269 1712 299 ¹⁸⁷

101 348 170 375 nes
207 335 402 382 adessent,
444 337 482 372 et
519 330 609 370 illos
640 331 781 382 potius
815 336 1038 383 querentes,
1079 344 1198 395 quam.
1239 346 1299 371 me
1334 347 1523 374 accusan-
1565 369 1568 372 .

98 398 191 441 tem,
223 390 445 432 audiretis!
506 387 684 435 Mittite,
715 389 900 442 agedum,
930 389 1084 442 legatos
1112 389 1222 428 circa
1252 403 1384 430 omnes
1414 392 1525 431 Asia·

102 449 232 499 urbes,
269 454 308 488 et
345 445 527 500 qucerite,
562 442 674 484 utra¹
707 445 899 499 gr'avzori
937 446 1140 494 servitute,
1179 445 1382 486 Antiocho
1416 449 1526 488 ultra

103 506 243 546 Tauri
255 504 366 559 juga
394 507 533 550 emoto,
564 515 620 542 an
655 501 790 543 Gallis
818 501 1003 552 subactis,
1032 502 1200 543 liberati
1228 504 1340 544 sint?
1372 505 1526 557 quoties

102 564 200 618 agri
231 574 364 602 eorum
403 559 558 600 vastati
596 559 692 607 sint,
730 561 884 613 quoties
915 561 1075 613 prcedae
1113 560 1293 612 abactae,
1318 561 1429 616 iefei
1430 567 1526 602 ant

101 633 219 675 quum
246 619 316 659 vix
344 616 568 658 redimendi
597 617 779 669 captivos
808 618 926 670 copia
957 624 1070 668 esset,
1092 625 1131 659 et
1160 625 1358 660 mactatas
1387 619 1527 659 huma-

101 689 178 717 nas
196 676 349 716 hostias
381 675 670 728 inviolatosque
699 674 846 715 liberos
875 689 965 716 suos
987 650 1194 718 audirent.
1255 676 1526 730 Stipendium,

99 734 251 782 scitote,
286 733 528 786 pependisse
572 733 696 773 socios
739 739 887 773 vestros
930 732 1087 773 Gallis·
1142 740 1182 774 et
1220 748 1338 782 nunc,
1380 733 1528 775 libero·-

100 796 162 830 tos
183 803 264 843 per
290 804 358 831 vos
380 790 495 844 regio
525 790 710 843 imperio,
730 787 865 842 fuisse
886 804 1099 844 pensuros,
1122 792 1159 832 si
1179 805 1206 831 a
1227 806 1287 832 me
1299 792 1422 846 foret
1450 805 1530 832 ces-

104 853 245 888 satum.

160 904 388 945 XLVIII.
422 905 508 952 Quo
532 904 692 957 longius
711 904 930 946 Antiochus
950 911 1098 946 emotus
1119 912 1230 954 esset,
1251 906 1324 947 hoc
1344 907 1530 959 inpoten-

99 962 182 1003 tius
212 962 256 1002 in
287 962 393 1002 Asia
426 961 548 1003 Galli
576 962 902 1003 dominarentur:
934 968 985 1012 et,
1014 964 1214 1016 quidquid
1241 969 1299 1004 est
1328 970 1529 1004 terrarum

99 1020 208 1060 citra
239 1019 372 1060 Tauri
387 1018 511 1073 juga,
539 1018 753 1060 Gallorum
785 1021 968 1073 imperio,
992 1034 1071 1060 non
1103 1027 1246 1067 vestro,
1269 1020 1528 1075 adjecissetis⁴

100 1081 158 1117 At
188 1078 293 1117 enim
320 1083 412 1118 sunt
442 1078 599 1130 quidem
636 1077 716 1117 ista
751 1091 860 1117 vera.
905 1077 1027 1117 etiam
1058 1076 1091 1100 ⁶⁹
1104 1077 1296 1130 Delphos,
1329 1079 1530 1131 quondam

101 1148 301 1174 commune
321 1135 488 1175 humani
509 1133 668 1187 generis
689 1135 906 1182 oraculum,
929 1134 1155 1174 umbilicum
1183 1134 1291 1176 orbis
1310 1141 1528 1185 terrarum,

105 1190 227 1233 Galli
248 1193 545 1244 spoliaverunt:
577 1204 648 1230 nec
669 1191 760 1231 ideo
783 1192 960 1244 populus
983 1191 1188 1232 Romanus
1213 1192 1276 1233 his
1303 1192 1446 1232 bellum
1469 1193 1531 1232 in-

101 1249 222 1299 dixit,
246 1255 317 1289 aut
345 1249 498 1289 intulit.
559 1248 762 1302 Equidem
789 1249 954 1302 aliquid
982 1249 1174 1290 interesse
1200 1249 1322 1290 rebar
1349 1251 1458 1291 inter
1486 1251 1534 1290 id

101 1312 266 1360 tempus,
298 1320 374 1360 quo
404 1307 576 1347 nondum
608 1306 652 1345 in
668 1304 769 1359 jure
793 1320 842 1346 ac
872 1307 1029 1346 ditione
1057 1312 1191 1347 vestra
1215 1308 1380 1348 Groecia
1410 1313 1532 1361 atque

99 1363 203 1405 Asia
225 1370 328 1412 erat,
351 1365 410 1404 ad
427 1364 647 1404 curandum
668 1363 1158 1418 animadvertendumque,
1183 1366 1282 1418 quid
1302 1366 1343 1405 in
1364 1365 1429 1406 his
1449 1371 1531 1406 ter-

99 1422 159 1462 ris
170 1422 322 1475 fieret;
354 1427 393 1462 et
413 1421 500 1471 hoc,
523 1435 599 1475 quo
610 1421 744 1472 finem
766 1422 933 1474 imperii
954 1422 1136 1462 Romani
1162 1422 1341 1463 Taurum
1363 1429 1533 1463 montem

101 1479 316 1529 statuistis,
339 1493 416 1532 quo
443 1478 669 1519 libertatem
699 1479 1023 1520 inmunitatemve
1048 1479 1280 1521 civitatibus
1305 1481 1427 1530 datis,
1452 1494 1529 1534 quo

100 1537 199 1576 aliis
199 1537 316 1588 fines
336 1535 532 1590 adjicitis,
549 1537 658 1576 alias
678 1549 776 1590 agro
792 1537 982 1584 multatis,
1001 1538 1098 1578 aliis
1114 1538 1287 1591 vectigal
1307 1539 1527 1592 inponitis.-

101 1607 229 1648 regna
246 1595 417 1648 augetis,
435 1594 630 1642 minuitis,
649 1594 824 1642 donatis,
842 1594 1046 1635 adimitis:
1078 1609 1186 1635 curce
1205 1601 1345 1636 vestrae
1364 1596 1531 1637 censetis

102 1665 198 1702 esse,
214 1657 259 1691 ut
271 1665 414 1704 pacem
435 1657 547 1691 terra
563 1652 747 1705 marique
766 1651 954 1692 habeant.
1001 1650 1122 1700 ⁷⁰An,
1141 1653 1225 1693 nisi
1236 1654 1442 1705 praesidia
1465 1654 1531 1693 de.

101 1709 280 1749 duxisset
300 1708 541 1757 Antiochus,
565 1722 655 1762 quae
683 1709 822 1762 quieta
848 1710 890 1749 in
912 1709 994 1750 suis
1013 1709 1174 1750 arcibus
1194 1716 1327 1760 erant,
1350 1724 1430 1750 non
1447 1724 1530 1763 pu-

100 1767 245 1807 taretis
259 1765 475 1806 liberatam
492 1767 664 1807 Asiam?
694 1766 732 1806 si
751 1764 967 1807 Gallorum
983 1768 1180 1808 exercitus
1197 1767 1318 1823 effusi
1333 1782 1531 1823 vagaren-

100 1829 180 1871 tur,
191 1829 286 1863 rata
299 1824 406 1864 dona
421 1829 568 1872 vestra,
583 1837 672 1877 quce
685 1824 864 1873 dedistis,
880 1825 969 1879 regi
983 1825 1171 1876 Eumeni,
1185 1831 1281 1866 rata
1295 1825 1463 1866 libertas
1476 1826 1531 1866 ci-

100 1880 293 1922 vitatibus
307 1884 434 1922 esset?
463 1880 544 1922 Sed
555 1882 656 1935 quid
666 1895 738 1935 ego
750 1882 834 1922 haec
853 1883 913 1922 ita
927 1889 1205 1935 argumentost
1233 1889 1437 1936 tamquam
1452 1897 1532 1923 non

102 1939 336 1991 acceperim,
350 1940 421 1979 sed
415 1940 591 1993 fecerim
605 1939 734 1980 hostes
751 1939 922 1980 Gallos?
956 1940 1027 1988 Te,
1043 1940 1094 1980 L.
1107 1940 1259 1993 Scipio,
1275 1942 1450 1993 adpelle,
1466 1955 1532 1981 cu-

87 1994 162 2049 jus
174 2010 246 2049 ego
258 1996 372 2046 mihi,
386 1997 594 2037 succedens
607 1997 651 2036 in
665 1997 785 2037 vicem
801 1997 966 2049 imperii
980 1998 1055 2045 tui,
1072 1998 1257 2038 virtutem
1259 1999 1532 2051 felicitatem-

100 2067 174 2106 que
189 2053 354 2105 pariter
372 2067 452 2093 non
455 2054 626 2107 frustra
643 2051 694 2093 ab
711 2054 812 2094 Diis
834 2055 1118 2096 inmortalibus
1131 2061 1323 2108 precatus
1337 2070 1418 2096 sum
1427 2078 1442 2101 ;
1476 2062 1531 2106 te,

100 2111 153 2150 P.
178 2109 329 2163 Scipio,
353 2111 425 2165 qui
443 2111 575 2165 legati
590 2109 677 2164 jus,
699 2112 862 2164 coltegae
886 2110 1146 2166 majestatem,
1171 2118 1209 2152 et
1230 2113 1340 2168 apud
1347 2111 1530 2164 ‚fratrem

100 2169 308 2216 consulem,
324 2175 363 2208 et
377 2170 491 2221 apud
505 2170 719 2209 exercitum
736 2169 916 2209 habuisti
923 2185 938 2216 ;
968 2170 1175 2220 sciatisne,
1191 2171 1233 2211 in
1249 2171 1426 2211 exercitu
1442 2170 1531 2211 An-

101 2225 229 2266 tiochi
252 2224 466 2266 Gallorum
487 2227 664 2280 legiones
667 2225 836 2279 fuisse?
863 2226 1048 2267 videritis
1068 2229 1112 2268 in
1133 2229 1222 2268 acie
1242 2242 1319 2275 eos,
1343 2228 1387 2268 in
1408 2242 1532 2268 cornu

101 2288 268 2336 utroque
285 2282 353 2335 (id
371 2285 474 2324 enim
492 2283 648 2324 roboris
667 2297 750 2324 esse
768 2284 1000 2338 videbatur)
1023 2286 1202 2325 locatos?
1227 2287 1530 2340 pugnaveritis,

104 2345 150 2380 ut
168 2355 251 2381 cum
279 2341 456 2382 hostibus
471 2340 628 2395 justis?
661 2342 917 2382 cecideritis?
949 2343 1080 2396 spolia
1112 2357 1245 2384 eorum
1275 2344 1529 2384 retuleritis?

624 2477 633 2501 1
651 2485 752 2509 utrum
767 2490 785 2509 a
802 2478 901 2510 Gron.
918 2478 1011 2510 Crev-

154 2603 361 2643 69¹³Delph0s
384 2628 391 2636 .
407 2627 416 2635 .
438 2607 609 2636 umbilicum
635 2605 719 2636 Oibis
741 2612 799 2636 ter-
843 2616 911 2637 sum
934 2606 1078 2638 efficiant.
1124 2606 1188 2643 Qui
1212 2617 1273 2638 non
1288 2607 1438 2648 putaretis
1454 2606 1531 2638 libe-

111 2648 230 2689 rmum]
275 2646 326 2677 Sic
364 2647 468 2679 Graeci
504 2648 734 2691 quamplurimi,
767 2654 799 2680 et
842 2656 941 2680 ratam
969 2650 1087 2685 Asiam,
1104 2650 1163 2680 nisi
1185 2650 1330 2692 praesidja
1352 2649 1529 2681 deduxisset

111 2696 181 2732 post
203 2696 258 2722 eos
281 2689 395 2720 Latini.
438 2691 513 2723 Vid.
543 2693 656 2724 cellar.
682 2693 798 2734 Geogr.
842 2692 1028 2729 Antiochus,
1057 2703 1097 2724 an
1123 2693 1253 2724 credetis
1283 2699 1382 2723 ratam
1405 2692 1531 2724 liberta-

112 2733 190 2763 Ant.
203 2733 225 2764 l.
241 2734 268 2764 Ι.
285 2743 314 2764 c.
329 2733 360 2763 4.
843 2740 906 2766 tem
934 2736 1113 2767 civitatibus
1140 2736 1276 2767 futuram
1301 2735 1407 2772 fuisse,
1431 2735 1456 2766 si
1477 2747 1533 2777 per

155 2776 196 2806 70
219 2777 279 2812 An,
294 2777 350 2806 nisi
367 2777 528 2823 pra-sidia]
567 2778 641 2809 Duo
663 2789 733 2819 quae
755 2788 801 2809 se-
846 2779 989 2810 eamdem
1004 2779 1114 2810 Asiam
1131 2779 1220 2811 effusi
1236 2779 1401 2811 Gallorum
1416 2778 1531 2811 exerci-

113 2825 251 2860 quuntur
273 2818 412 2850 membra
434 2818 512 2850 inter
534 2830 566 2851 se
593 2820 638 2851 ita
660 2831 802 2853 connexa
848 2827 896 2854 tus
910 2824 1119 2864 vagarentur?

113 2861 249 2902 intelligi
278 2861 402 2897 debent,
433 2868 468 2893 ut
492 2872 588 2895 unum
612 2864 703 2895 ambo
731 2874 801 2896 sen-
