1947 3222
343 158 419 192 244-
858 145 996 184 ΤΙΤΙ
1039 143 1204 181 LIVII

139 273 180 304 U.
197 274 230 301 C.
244 270 320 302 561.
410 260 496 302 IX.
529 255 754 306 Antiocho,
785 253 840 296 ad
870 254 1029 295 Pheras
1059 253 1146 308 jam
1183 260 1316 294 castra.
1346 251 1531 301 habenti,
1561 250 1634 292 ubi
1664 265 1760 292 con-

140 315 183 345 A.
197 314 320 345 0191.
354 318 578 373 iunxerant
599 314 636 355 ei
657 328 699 355 se
720 311 854 354 AEtoli
877 319 917 352 et
934 309 1222 365 Amynander,
1239 308 1363 364 legati
1384 309 1437 350 ab
1459 307 1625 349 Larissa
1640 322 1762 348 vene-

144 358 323 430 Ξέιῇςὴίξζξῖ
349 364 470 423 runt,
503 379 751 428 quaerentes,
787 368 902 423 quod
935 367 989 407 ob
1024 366 1182 406 factum
1218 365 1428 406 dictumve
1464 364 1760 405 Thessalorum

144 442 198 473 lia.
356 430 466 472 bello
495 429 710 470 lacesseret
731 428 823 467 eos?
855 423 978 464 simul
998 430 1176 471 orantes,
1197 430 1261 472 ut,
1282 430 1441 462 remoto
1466 421 1665 470 exercitu,
1687 434 1763 475 per

359 488 530 543 legatos,
564 485 598 526 si
633 483 738 539 quid
771 480 808 521 ei
843 480 1070 528 videretur,
1104 493 1243 518 secum
1277 478 1538 534 disceptaret.
1600 476 1762 517 Eodem

359 552 545 599 tempore
575 540 826 597 quingentos
860 543 1054 584 armatos,
1085 534 1191 574 duce
1222 534 1504 590 Hippolocho,
1537 534 1694 574 Pheras
1721 533 1766 573 in

360 598 601 657 praesidium
631 596 859 637 miserunt:
901 591 961 641 hi,
992 590 1147 631 exclusi
1177 590 1310 641 aditu,
1335 591 1423 646 jam
1453 590 1590 632 omnia
1618 589 1768 631 itinera

360 655 648 697 obsidentibus
677 650 817 706 regiis,
841 650 1077 689 Scotussam
1109 662 1150 688 se
1176 656 1433 703 receperunt.
1495 646 1666 703 Legatis
1689 645 1770 686 La-

361 713 595 754 rissaeorum
638 723 712 748 rex
761 706 984 746 clementer
1030 703 1256 759 respondit,
1331 704 1395 744 *on
1433 704 1529 744 belli
1559 703 1768 758 jaciendi,

361 771 431 810 sed
458 768 617 808 tuendae
646 771 684 805 et
717 762 971 804 stabiliendae
1003 760 1203 800 libertatis
1243 760 1519 801 Thessalorum
1549 775 1703 811 caussa,
1734 772 1775 799 se

370 825 619 866 Thessaliam
651 823 833 862 intrasse.
897 817 1057 859 Similia
1085 816 1149 858 his
1179 816 1253 872 qui
1283 832 1378 857 cum
1406 817 1589 858 Pheraeis
1618 825 1773 872 ageret,

363 882 525 923 missus.
562 879 630 920 cui
660 877 777 918 nullo
808 876 907 916 dato
937 889 1147 930 responSO,
1179 873 1343 914 Pheraei
1373 874 1477 930 ipsi⁰
1506 873 1691 929 legatum
1720 872 1776 914 ad

364 952 519 994 regem,
541 935 673 992 princi
707 949 772 975 em
793 932 973 974 civitatis
995 931 1259 981 Pausaniam,
1279 930 1492 972 miserunt.
1540 931 1623 980 Qui
1674 944 1777 970 uum

365 994 481 1036 haud
512 950 725 1033 dissimilia
752 990 830 1039 his,
853 997 900 1029 ut
922 988 964 1028 in
984 1002 1129 1028 caussa
1157 987 1262 1043 pari,
1284 1002 1380 1043 quae
1399 1003 1477 1043 pro
1499 986 1643 1027 Chalci
1675 986 1779 1026 ensi-

365 1052 446 1093 bus
465 1051 509 1091 in
530 1048 750 1103 conloquio
775 1046 828 1087 ad
850 1044 1004 1100 Euripi
1033 1044 1189 1085 fretum
1219 1043 1333 1085 dicta
1352 1052 1483 1094 erant,
1506 1043 1697 1099 quaedam
1720 1050 1781 1083 et-

366 1109 447 1149 iam
477 1106 672 1153 ferocius,
695 1103 870 1159 egisset3
902 1116 975 1142 rex
997 1100 1120 1142 etiam
1151 1109 1278 1157 atque
1309 1101 1433 1142 etiam
1464 1101 1692 1142 deliberare
1712 1114 1782 1139 eos

361 1167 516 1221 jussos,
536 1177 588 1203 ne
607 1161 653 1201 id
673 1159 832 1201 consilii
863 1165 1072 1213 caperent,
1094 1158 1230 1213 cujuS,
1252 1157 1355 1198 dum
1381 1158 1425 1198 in
1445 1157 1637 1198 futurum
1659 1155 1783 1197 nimis

367 1221 479 1262 cauti
508 1228 549 1260 et
579 1216 745 1274 providi
774 1222 924 1264 essent,
946 1213 1158 1270 extemplo
1186 1214 1422 1270 poeniteret,
1444 1213 1613 1255 dimisit.
1675 1214 1783 1253 Haec

369 1276 612 1319 renunciata
642 1273 800 1314 Pheras
829 1271 984 1326 legatio
1013 1285 1147 1326 quum
1177 1279 1298 1321 esset,
1319 1285 1370 1311 ne
1390 1270 1580 1326 paullum
1611 1269 1784 1326 quidem

370 1333 634 1380 dubitarunt,
657 1329 760 1385 quin
781 1344 858 1385 pro
879 1327 961 1368 fide
982 1342 1081 1382 erga
1103 1327 1330 1377 Romanos,
1348 1327 1561 1383 quidquid
1580 1327 1666 1368 fors
1685 1325 1784 1367 belli

371 1390 550 1438 tulisset,
572 1394 829 1444 paterentur.
892 1385 1045 1440 Itaque
1075 1392 1116 1425 et
1146 1383 1190 1424 hi
1222 1399 1384 1425 summa
1412 1399 1490 1440 ope
1519 1384 1723 1439 parabant
1744 1398 1787 1423 se

372 1447 426 1487 ad
447 1446 594 1486 urbem
615 1442 943 1484 defendendam:
976 1449 1017 1482 et
1038 1455 1111 1481 rex
1133 1441 1186 1482 ab
1206 1441 1317 1482 omni
1342 1449 1460 1496 parte
1482 1439 1604 1481 simul
1625 1439 1789 1495 obpug-

373 1518 470 1544 nare
500 1501 654 1542 moenia
683 1508 744 1540 est
774 1499 1018 1554 adgressus;
1061 1496 1156 1547 56et,
1195 1506 1243 1539 ut
1279 1499 1353 1553 qui
1391 1497 1489 1538 satis
1522 1496 1789 1552 intelligeret,

377 1559 533 1614 (neque
563 1557 673 1598 enim
703 1555 881 1596 dubium
917 1556 1025 1607 erat)
1057 1553 1098 1594 in
1134 1562 1287 1596 eventu
1329 1554 1419 1610 ejus
1454 1553 1572 1594 urbis
1606 1553 1790 1609 positum

377 1630 477 1663 esse,
510 1629 637 1670 quam
668 1613 846 1668 primam
881 1611 1102 1666 adgressus
1134 1620 1254 1661 esset,
1287 1620 1360 1652 aut
1392 1610 1529 1667 sperni
1558 1609 1707 1650 deinde
1739 1610 1793 1651 ab

377 1673 572 1714 universa
601 1677 724 1726 gente
747 1667 1060 1717 Thessalorum,
1083 1676 1156 1709 aut
1178 1669 1315 1709 timeri
1342 1683 1398 1717 se,
1420 1682 1584 1708 omnem
1607 1665 1794 1721 undique

381 1739 578 1771 terrorem
610 1725 784 1767 obsessis
814 1725 967 1780 injecit.
1030 1724 1221 1765 Primum
1252 1725 1442 1781 inpetum
1472 1722 1798 1779 obpugnationis

382 1786 480 1827 satis
511 1791 746 1824 constanter
777 1782 1089 1822 sustinuerunt:
1133 1781 1264 1831 deinl‘,
1296 1796 1428 1836 quum
1459 1780 1582 1821 multi
1612 1795 1797 1836 propug-

382 1849 528 1883 nantes
560 1839 769 1888 caderent,
806 1845 881 1878 aut
915 1837 1251 1886 vulnerarentur,
1286 1837 1425 1878 labare
1460 1836 1586 1877 animi
1621 1851 1796 1891 coepere.

386 1896 588 1940 Revocati
624 1895 773 1937 deinde
804 1893 1145 1949 castigationibus
1174 1894 1410 1950 principum
1446 1893 1498 1934 ad
1533 1906 1798 1948 perseveran-

386 1955 487 1996 dum
519 1955 561 1994 in
586 1951 814 2009 proposito,
836 1951 980 1991 relicto
1010 1951 1214 1991 exteriore
1244 1951 1397 1991 circulo
1427 1948 1800 2000 murisdeficienti-

387 2013 468 2053 bus
495 2011 583 2066 jam
616 2009 760 2065 copiis,
792 2008 834 2048 in
869 2007 1105 2048 interiorem
1141 2015 1301 2063 partem
1336 2007 1453 2048 urbis
1484 2014 1800 2053 concesserunt;

390 2068 457 2109 cui
492 2066 658 2108 brevior
694 2064 805 2106 orbis
845 2064 1087 2105 munitionis
1128 2065 1418 2120 circumjectus
1450 2071 1550 2104 erat.
1593 2070 1805 2118 postremo

390 2124 491 2165 victi
521 2122 653 2172 malis,
676 2137 809 2178 quum
840 2122 1048 2170 timerent,
1072 2136 1121 2161 ue
1152 2121 1193 2162 vi
1224 2122 1356 2176 captis
1385 2120 1502 2161 nulla
1531 2119 1646 2175 apud
1676 2118 1805 2160 victo-

393 2196 478 2222 rem
501 2179 621 2220 venia
645 2186 764 2228 esset,
787 2178 1038 2219 dediderunt
1069 2192 1166 2218 sese.
1227 2178 1345 2218 Nihil
1375 2177 1471 2218 inde
1501 2184 1686 2217 moratus
1715 2191 1804 2226 rex,

398 2246 580 2292 quatuor
600 2235 729 2275 millia
756 2243 1024 2283 armatorum,
1047 2234 1148 2274 dum
1173 2249 1313 2275 recens
1342 2243 1476 2275 terror
1496 2241 1615 2282 esset,
1640 2234 1806 2273 Scotus-

401 2309 486 2334 sam
519 2293 642 2333 misit.
687 2306 758 2331 nec
791 2291 849 2331 ibi
880 2293 999 2330 'mora
1032 2290 1254 2331 deditionis
1286 2299 1346 2331 est
1386 2291 1509 2339 facta,
1543 2287 1806 2329 cernentibus

403 2350 671 2391 Pheraeorum
692 2363 833 2388 recens
853 2347 1090 2403 exemplum
1107 2364 1115 2387 ε
1148 2347 1235 2402 qui,
1253 2347 1368 2402 quod
1387 2345 1652 2402 pertinaciter
1673 2344 1808 2399 primo

402 2407 648 2453 abnuerant,
682 2404 790 2444 malo
825 2403 970 2444 domiti
1006 2404 1174 2445 tandem
1205 2404 1411 2444 fecissent.
1455 2417 1548 2443 cum
1581 2402 1670 2457 ipsa
1704 2401 1810 2442 urbe

405 2462 698 2525 Hippolochus
714 2461 1099 2516 Larissaeorumque
1120 2460 1307 2501 deditum
1325 2468 1385 2500 est
1405 2458 1659 2515 praesidium.
1695 2457 1813 2498 ³⁷Di-

405 2519 515 2561 miss¹
546 2518 598 2559 ab
628 2533 724 2571 rege
759 2517 945 2558 inviolati
977 2532 1142 2564 omncs3
1177 2516 1291 2572 quod
1318 2531 1406 2557 eam
1439 2530 1523 2556 rem
1557 2515 1696 2570 magni
1727 2530 1813 2555 mo-

738 2649 754 2666 ⁰
770 2645 842 2676 add.
855 2657 937 2676 suum
956 2646 1052 2677 Gron.
1069 2646 1160 2677 Crev.
1248 2649 1264 2674 P
1279 2647 1382 2676 deiude
1397 2643 1485 2675 Eoed.

451 2758 492 2788 36
522 2757 573 2798 Et]
624 2755 803 2796 Adjecimus
838 2755 1018 2796 particulam
1047 2762 1085 2789 er.
1172 2756 1212 2785 37
1248 2754 1365 2785 Dimissi
1393 2757 1428 2785 ab
1456 2766 1521 2796 rege
1550 2756 1681 2786 inviolati
1707 2765 1813 2789 omnes,

410 2811 478 2841 quae
493 2807 523 2831 et
544 2799 713 2829 necessaria
736 2798 800 2828 visa
822 2803 879 2833 est,
896 2803 925 2827 et
941 2804 1041 2828 exstat
1056 2798 1085 2827 in
1130 2799 1202 2837 quod
1225 2809 1285 2827 eam
1310 2809 1367 2828 rem
1392 2821 1399 2829 .
1417 2822 1424 2828 .
1439 2822 1446 2829 .
1468 2822 1474 2829 .
1489 2799 1631 2840 futurum
1654 2797 1718 2838 rex]
1754 2796 1815 2827 Vel

409 2843 486 2872 libro
521 2843 644 2872 Thuan.
682 2846 713 2872 et
749 2840 853 2883 primis
890 2839 1086 2874 editionibus,
1132 2840 1203 2869 tolle
1245 2841 1279 2869 ‹11›
1316 2852 1393 2882 rege,
1430 2843 1478 2873 vel
1515 2853 1572 2873 rm,
1626 2841 1815 2871 Alterutrum

411 2891 486 2915 teste
503 2887 573 2915 Jac.
590 2883 755 2915 Gronovio.
1131 2882 1210 2912 enim
1227 2889 1326 2913 vacat.
