1947 3222
468 90 588 129 LIB.
619 89 813 129 XXXIV.
868 90 1002 129 CAP.
1026 86 1212 130 XXXII.
1481 93 1561 129 161-

129 198 282 239 versus‘¹
303 199 542 253 Philippum
563 201 784 254 accepistis.
843 200 923 242 Sed
941 199 979 240 si
996 213 1101 239 nunc
1120 200 1378 254 eaficissem,
1393 214 1472 241 non
1489 202 1551 242 di-
1564 203 1604 235 U·
1617 204 1653 237 C.
1667 207 1742 239 557.
1774 223 1776 225 v

129 267 190 305 c0,
211 256 312 309 quid
331 257 373 297 in
394 271 440 297 eo
459 271 524 297 vos
543 258 741 307 loesissem,
765 264 836 298 aut
865 264 1036 299 vestram
1066 258 1289 296 amicitiam
1310 259 1545 299 violassent?
1563 248 1652 280 A.C.
1669 251 1742 280 195.
1775 267 1779 269 “

125 313 198 352 sed
217 314 333 364 illud,
357 328 405 353 ne
425 328 531 353 more
549 321 671 368 atque
691 317 877 357 instituto
897 313 1089 368 majorum
1103 315 1268 368 fecisse.
1329 314 1472 355 Nolite
1492 317 1549 356 ad

127 375 278 411 vestras
293 372 396 424 leges
412 376 531 424 atque
547 373 736 414 instituta
758 374 922 428 exigere
942 387 1004 422 ea,
1023 385 1112 425 quae
1125 372 1544 424 Lacedcemonefiunt.

130 425 253 468 Nihil
265 441 501 480 comparare
511 430 674 484 singula
691 445 843 471 necesse
855 436 923 471 est.
938 443 1006 470 vos
1020 444 1046 469 a
1063 443 1178 469 censu
1191 429 1373 482 equitem,
1389 443 1414 467 a
1431 443 1548 470 ceusu

121 485 301 537 peditem
329 485 486 538 legitis:
519 492 557 526 et
580 501 733 539 paucos
762 489 954 529 excellere
982 486 1136 540 opibus,
1156 485 1308 539 plebem
1335 484 1547 539 subjectam

130 555 210 582 esse
230 542 329 591 illis,
350 543 484 583 vultis.
545 543 697 585 Noster
724 547 968 601 legumlator
996 558 1076 584 non
1107 545 1151 584 in
1176 557 1399 596 paucorum
1428 557 1549 582 manu

128 599 408 651 rempublicam
429 614 510 640 esse
529 603 668 652 voluit,
692 617 803 657 quem
825 617 890 644 vos
916 607 1094 643 senatum
1115 601 1357 654 adpellatis;
1389 614 1460 640 uec
1480 615 1549 640 ex·-

128 656 269 696 cellere
288 670 407 697 unum
428 664 500 698 aut
519 660 690 700 alterum
712 662 897 701 ordinem
927 661 968 700 in
1000 660 1187 699 civitate:
1217 659 1288 698 secl
1306 672 1386 711 per
1414 664 1549 711 [equa-

128 713 275 753 tionem
279 714 472 767 fortuna>
490 730 540 756 ac
560 718 887 772 dignitatz‘sfore
906 717 1094 765 credidit,
1115 722 1160 756 ut
1179 716 1295 755 multi
1315 721 1454 763 essent,
1478 716 1550 769 qui

128 783 243 810 arma
266 785 348 824 pro
371 773 518 825 patria
529 775 712 828 ferrent.
774 775 967 817 Pluribus
994 789 1053 813 me
1073 774 1289 827 peregisse,
1323 787 1440 826 quam
1466 787 1548 825 pro

119 828 278 879 patrice
295 843 474 870 sermone
495 830 718 881 brevitatis,
724 833 888 887 fateor.
934 833 994 872 Et
1015 831 1190 871 breviter
1207 836 1448 882 peroratum
1469 844 1550 870 csse

119 886 281 937 potuit,·
315 885 441 927 Nilzil
469 901 541 937 me,
561 896 774 944 postquam
805 890 998 931 vobiscum
1029 888 1251 928 amicitiam
1283 888 1457 936 institui,
1479 901 1551 928 cur

127 940 210 996 ey'us
230 957 297 984 vos
311 945 537 996 paeniteret,
559 947 804 988 commisisse.

188 999 404 1042 XXXII.
436 1002 510 1043 Ad
530 1002 620 1045 haec
640 1004 867 1060 imperator
888 1005 1128 1045 Romanus:
1154 1002 1352 1043 Amicitia
1374 1008 1413 1042 et
1433 1002 1551 1043 socie-
1564 1008 1751 1057 Respo-osio.

129 1062 194 1097 tas
213 1057 325 1098 nobis
345 1059 458 1098 nulla
476 1065 615 1110 tecum,
637 1062 708 1102 sed
725 1060 831 1101 6cum
854 1062 1020 1114 Pelope,
1042 1074 1136 1113 rege
1156 1060 1552 1100 Lacedaemoniorum
1563 1053 1602 1084 T.
1615 1054 1766 1090 Qumctu.

115 1112 233 1167 justo
263 1129 312 1155 ac
340 1117 533 1170 legitimo,
551 1119 679 1171 sacta
712 1125 781 1159 est.
845 1118 969 1170 Cujus
984 1117 1059 1172 jus
1088 1118 1259 1171 tyranni
1288 1131 1452 1171 quoque,
1484 1118 1555 1171 qui

122 1177 268 1224 postea
282 1186 362 1225 per.
382 1173 457 1214 vim
473 1181 686 1216 tenuerunt
702 1176 993 1216 Lacedaemone
1012 1176 1239 1228 imperium,
1262 1176 1374 1228 (quia
1391 1189 1460 1215 nos
1477 1175 1556 1215 bel-

131 1229 174 1268 la
206 1243 310 1270 nunc
341 1231 518 1281 Punica,
541 1246 646 1273 nunc
678 1232 860 1282 Gallica,
884 1248 989 1273 nunc
1017 1234 1106 1273 alia
1136 1247 1186 1272 ea·
1212 1233 1310 1273 aliis
1339 1246 1554 1285 occupave-

130 1288 247 1340 rant)
269 1295 539 1341 usurparunt,-
572 1291 675 1331 sicut
694 1297 739 1331 tu
758 1305 910 1346 quoque
930 1291 1002 1331 boc
1028 1289 1296 1330 Macedonico
1315 1289 1418 1330 bello
1421 1291 1556 1343 secis-

130 1343 178 1383 ti.
238 1343 350 1386 Nam
370 1347 471 1399 quid
489 1348 620 1388 minus
637 1349 882 1398 conveniret,
899 1348 1040 1402 7quam
1061 1354 1156 1394 eose,
1180 1348 1252 1401 qui
1263 1361 1346 1400 pro
1365 1347 1558 1388 libertate
1585 1354 1588 1358 '

135 1399 314 1442 Groecia’
341 1404 531 1445 adversus
561 1406 801 1459 Philippum
827 1419 1054 1460 gereremus
1083 1405 1238 1454 bellum,
1261 1419 1346 1445 cum
1377 1411 1557 1460 tyranno

132 1458 343 1499 instituere
371 1462 625 1503 amicitiam?
657 1470 696 1504 et
722 1469 898 1517 tyranno
917 1462 1071 1517 ⁸quam,
1095 1463 1166 1516 qui
1195 1476 1392 1516 umquam,
1415 1463 1552 1502 saevis-

131 1515 232 1555 simo
252 1523 290 1556 et
310 1518 594 1559 violentissimo
622 1520 666 1560 in
685 1523 807 1561 suos?
840 1520 970 1560 Nobis
999 1534 1106 1567 vero,
1130 1520 1290 1559 etiamsi
1319 1519 1455 1573 Argos
1484 1533 1555 1560 nec

128 1574 297 1624 cepisses
306 1588 385 1626 per
383 1575 596 1628 fraudem,
615 1590 686 1617 nec
699 1583 866 1626 teneres,
883 1576 1149 1618 liberantibus
1162 1590 1311 1616 omnem
1332 1575 1559 1625 Graeciam,

130 1629 397 1671 Lacedaemon
427 1647 579 1688 quoque
608 1635 858 1675 vindicanda
889 1636 932 1675 in
962 1635 1174 1687 antiquam
1207 1633 1434 1674 libertatem
1464 1640 1555 1674 erat

130 1692 252 1740 atque
280 1688 325 1728 in
353 1690 458 1744 leges
476 1705 582 1742 suas,
606 1703 773 1745 quarum
794 1693 927 1741 modo,
949 1698 1151 1745 tamquam
1172 1692 1336 1731 cemulus
1355 1691 1552 1745 Lycurgi,

131 1745 366 1787 mentionem
383 1747 544 1801 fecisti.
604 1748 686 1797 An,
724 1755 768 1789 ut
799 1749 851 1789 ab
882 1750 1003 1791 Jasso
1038 1754 1079 1788 et
1111 1748 1328 1803 Bargyliis
1351 1749 1554 1800 praesidia

129 1802 326 1856 Plzz'lzpffl·
353 1804 616 1855 deducantur,
644 1820 752 1846 curce
780 1808 860 1847 erit
891 1806 1033 1847 uobis?
1066 1805 1199 1859 Argos
1227 1812 1266 1846 et
1296 1806 1552 1846 Lacedaemo-

471 1905 487 1928 ὁ
501 1907 653 1937 adversum
669 1907 767 1938 Gron.
785 1906 876 1939 Crev—
1016 1909 1031 1927 ε
1045 1916 1094 1936 ⁷203
1110 1905 1208 1936 Gron-

156 1987 197 2035 ⁴6
221 1987 296 2018 Gum
312 1989 431 2031 Pelope]
456 1992 563 2023 Multa
583 1997 655 2023 sunt
677 2003 746 2034 quae
762 2003 816 2023 no-

132 2029 180 2060 bis
205 2031 389 2072 persuadere
414 2033 588 2071 videantur,
616 2046 728 2066 nomen
751 2036 818 2077 ejus

134 2073 440 2120 I3acedaemoniorum
474 2077 564 2119 regis,
599 2089 732 2119 quocum
769 2090 817 2110 so-

133 2121 230 2146 metas
252 2127 271 2148 a
297 2117 449 2150 Romanis
473 2120 557 2151 facta
579 2120 630 2158 sit,
654 2121 703 2152 hic
725 2121 816 2153 vitia-

132 2163 198 2189 tum
212 2169 288 2191 esse.
334 2162 443 2192 Alium
465 2163 545 2195 enim
568 2163 648 2195 inter
670 2165 824 2196 Lacedae-⁴

860 1997 906 2022 est
929 1991 1158 2033 inquirendum,
1174 1990 1243 2033 quis
1264 1991 1318 2022 ille
1333 2001 1387 2022 rex
1402 1991 1550 2022 Lacedae-

861 2035 1032 2066 moniorum
1056 2034 1158 2071 fuerit,
1181 2034 1270 2075 cujus
1293 2043 1405 2064 nomen
1431 2032 1469 2064 sit
1493 2033 1550 2065 hoc

861 2078 929 2109 loco
955 2077 1179 2119 reponendum.
1227 2077 1297 2108 Nisi
1326 2077 1403 2108 forte
1432 2080 1463 2107 et
1490 2076 1550 2107 hoe

861 2121 940 2152 inter
984 2121 1066 2151 Livii
1109 2120 1286 2162 sphalmata
1321 2119 1550 2150 numerandum

859 2169 917 2195 est.
959 2163 1065 2196 *Vid.
1091 2164 1185 2195 etiam
1213 2168 1277 2194 not.
1302 2163 1355 2194 82.
1380 2162 1420 2193 ad
1444 2173 1473 2193 c.
1496 2163 1551 2193 26.

132 2201 249 2234 monios
276 2213 364 2245 reges
391 2205 532 2237 novimus
566 2206 734 2246 neminem,
763 2208 817 2249 qui

134 2244 257 2287 Pelopis
282 2257 395 2279 nomen
417 2249 533 2286 tulerit,
553 2260 647 2291 quam
666 2251 732 2292 ejus
754 2251 817 2292 Ly-

133 2289 230 2328 curgi,
257 2291 311 2331 qui
337 2290 369 2321 iu
397 2302 498 2333 regem
526 2293 644 2325 electus
672 2298 718 2324 est
750 2299 819 2336 post

133 2336 261 2376 mortem
285 2334 472 2372 Cleomenis,
495 2335 604 2367 filium.
649 2336 693 2367 At
715 2337 740 2367 is
762 2347 816 2367 rex

130 2378 231 2412 justus
259 2381 291 2407 et
318 2377 474 2419 legitimus
502 2379 652 2422 appellari
680 2390 699 2410 a
728 2378 817 2411 Livio

138 2425 198 2462 ¹².⁰¹¹
221 2423 332 2459 potest,
357 2431 453 2462 quum
479 2432 584 2465 supra,
612 2433 640 2453 c.
661 2424 714 2453 26.
729 2428 817 2464 pater

135 2467 201 2497 ejus
221 2465 368 2502 tyrannus
394 2470 523 2495 vocatus
546 2465 648 2496 fuerit.
693 2466 817 2497 Deinde

138 2500 250 2544 Pelops
263 2503 288 2534 si
304 2507 452 2547 regnavit,
467 2508 552 2539 circa
572 2508 677 2539 media
698 2514 814 2550 tempo-

136 2552 170 2573 ra
185 2547 310 2593 secutidi
324 2549 435 2580 Punici
456 2551 530 2582 belli
552 2551 709 2592 regnavit:
734 2552 817 2583 unde

137 2595 197 2633 nec
214 2595 342 2620 societas
360 2602 430 2623 cum
452 2603 488 2624 eo
512 2594 589 2624 inita
610 2594 818 2626 vetustissima

137 2628 200 2676 dici
221 2637 332 2671 posset,
355 2645 416 2675 quo
437 2636 561 2668 nomine
580 2642 687 2668 tamen
709 2638 819 2680 appel—

138 2670 214 2701 lav¹t
238 2673 337 2705 Nabis
363 2677 466 2709 foedus
492 2679 571 2711 inter
599 2681 759 2711 Romanos
786 2685 817 2712 et

137 2714 387 2762 Lac'edfemonios
429 2722 552 2763 publice
593 2723 708 2762 ictum3
759 2735 818 2755 nec

138 2758 286 2793 Quintius
309 2759 410 2794 dicere
434 2773 537 2805 posset
558 2771 627 2807 post
650 2766 682 2796 id
712 2766 815 2797 foedus

135 2799 295 2848 Romanos
316 2812 398 2835 nunc
420 2806 558 2844 Pumcis,
578 2819 661 2839 nunc
684 2809 817 2840 Gallicis

135 2842 226 2873 belhs
247 2852 412 2887 occupatos
434 2848 535 2881 fuisse.
579 2851 689 2892 Itaque
712 2863 814 2894 super—

192 2901 284 2927 VOL.
310 2902 377 2929 ΙΙΙ.

860 2218 896 2238 su
920 2217 964 2238 ra.

898 2219 922 2281 ξ’
949 2251 1045 2285 Quam
1071 2261 1114 2281 eos
1138 2251 1188 2291 qui
1204 2272 1212 2280 .
1227 2271 1235 2280 .
1253 2271 1262 2280 .
1279 2271 1287 2280 .
1299 2259 1466 2291 gereremus
1491 2248 1547 2278 bel-

863 2293 940 2334 lum]
980 2294 1049 2324 Hoc
1071 2293 1189 2324 dictum
1214 2298 1271 2328 est,
1302 2296 1337 2322 ut
1358 2291 1380 2322 l.
1403 2291 1548 2321 XXXII.

859 2346 887 2367 e.
915 2337 968 2367 21.
997 2337 1096 2367 Achai
1123 2347 1206 2366 arma
1233 2336 1367 2365 Romana
1394 2335 1548 2364 sustinebi-

859 2390 933 2410 mus.
979 2380 1143 2410 Hactenus
1171 2378 1245 2409 editi
1273 2377 1439 2419 praeferunt
1461 2388 1549 2417 quam

860 2433 921 2453 nos.
968 2422 1030 2452 Sed
1059 2421 1256 2452 consentiunt
1282 2421 1313 2451 in
1341 2430 1410 2451 eam
1440 2419 1548 2450 lectio-

861 2475 931 2495 nem
967 2475 1061 2506 quam
1098 2464 1289 2500 admisimus,
1327 2463 1477 2494 Gronovii
1516 2468 1549 2492 et

861 2508 991 2540 Hearnii
1004 2508 1137 2543 codices,
1151 2512 1182 2538 et
1196 2511 1297 2537 noster
1311 2506 1431 2537 Victor.

904 2553 922 2581 8
948 2551 1044 2585 Quam
1058 2552 1109 2591 qui
1124 2553 1264 2591 uvnjuam,
1281 2549 1445 2589 soevissimo]
1482 2548 1545 2578 Sm-

860 2594 995 2629 vissimo,
1025 2599 1175 2635 quantum
1203 2592 1256 2634 qui
1288 2602 1427 2633 unquam
1463 2591 1546 2621 fuere

860 2636 1028 2668 saevissimi.
1073 2637 1123 2667 Sic
1143 2636 1249 2676 vulgo,
1274 2647 1360 2676 quam
1382 2641 1478 2673 potero
1500 2644 1545 2662 ce-

860 2682 986 2716 lerrime,
1015 2680 1065 2711 vel
1097 2678 1287 2721 simpliciter,
1317 2689 1403 2718 quam
1428 2677 1546 2706 celerri-

860 2735 922 2754 me:
946 2734 1015 2765 quae
1038 2723 1081 2753 sic
1107 2721 1215 2753 resolvi
1240 2721 1365 2754 debent,
1388 2720 1544 2754 celerrime,

858 2773 1003 2807 quantum
1026 2773 1132 2806 potero,
1164 2764 1210 2796 vel
1227 2769 1375 2804 *quantum
1391 2763 1462 2801 fieri
1483 2767 1546 2801 pot-

859 2811 923 2840 erit.

973 2909 1006 2935 M
