1947 3222
536 122 657 158 LIB.
687 120 840 165 XXXI.
880 121 993 158 CAP.
1026 121 1219 159 XXXIX.
1530 130 1580 162 35

169 237 232 270 tos
267 229 404 279 domo,
435 230 522 285 jam
558 229 599 269 in
637 229 928 270 Macedoniam
965 229 1275 270 transcendisse.
1347 234 1509 282 Quibus
1544 235 1575 274 si
1593 242 1631 273 U.
1648 245 1682 272 c.
1696 243 1770 273 552.

167 286 355 342 undique
376 286 680 333 circumventus
705 286 834 341 copiis
864 286 986 336 foret,
1010 286 1220 327 sedentem
1243 286 1478 330 Romanum
1509 285 1767 332 de-*³·C·'²⁰⁰'

166 343 432 393 bellaturum,
455 342 565 384 credi
587 351 760 399 poterat.
826 344 993 399 Itaque,
1014 342 1243 383 secundum
1265 343 1369 384 duas
1385 346 1577 388 adversas

166 408 377 456 equestres
396 415 573 455 pugnas,
595 400 730 441 multo
759 400 897 440 minus
928 408 1062 441 tutam
1082 415 1239 440 moram
1260 400 1303 441 in
1333 400 1477 443 iisdem
1499 412 1578 445 sta-

167 457 262 497 tivis
281 456 369 497 fore
391 456 615 512 Philippus
634 465 765 507 ratus,
787 472 921 512 quum
941 456 1054 497 abire
1077 456 1173 497 inde
1198 465 1239 498 et
1267 457 1408 498 fallere
1436 459 1577 501 abiens
1591 468 1753 516 Philippus

162 513 321 555 hostem
341 513 481 563 vellet,
503 513 812 555 ‘³³caduceatore
834 514 912 554 sub
942 529 1131 554 occasum
1162 513 1258 554 solis
1287 513 1341 554 ad
1367 516 1577 557 consulem
1589 512 1711 542 reeedn.

162 570 300 619 misso,
321 569 395 625 qui
425 570 614 611 inducias
644 570 697 611 ad
728 570 983 626 sepeliendos
1013 571 1174 626 equites
1203 578 1379 626 peteret,
1401 572 1576 614 frustra-

164 634 231 667 tus
260 626 436 677 hostem,
460 627 641 668 secunda
670 627 827 683 vigilia,
849 627 991 668 multis
1021 627 1189 683 ignibus
1219 642 1293 683 per
1324 636 1413 670 >tota
1442 637 1576 674 castra

159 682 325 733 relictis,
348 683 484 725 silenti
505 685 671 741 agmine
691 683 805 726 abiit.

217 740 456 781 XXXIX.
491 743 657 797 Corpus
671 742 760 796 jam
782 741 955 783 curabat
977 741 1133 791 consul,
1157 757 1303 798 quum,
1326 743 1483 784 venisse
1510 759 1575 785 ca-

157 795 438 847 duceatorem,
460 807 501 839 et
532 798 635 854 quid
668 798 857 848 venisset,
880 798 1124 839 nunciatum
1154 806 1229 839 est.
1259 814 1454 854 responso
1485 809 1573 842 tan-

156 860 250 894 tum
285 853 399 904 dato,
436 870 555 896 mane
590 863 755 911 postero
790 854 856 895 die
890 854 980 895 fore
1015 855 1176 910 copiam
1211 855 1494 907 conveniendi,
1527 859 1572 899 id

157 910 274 973 quod
295 911 518 966 quaesitum
540 921 642 961 erat,
664 927 747 952 nox
778 911 944 966 dieique
974 910 1230 966 insequentis
1259 927 1355 967 pars
1384 913 1437 953 ad
1468 930 1573 970 prae-

156 966 395 1022 cipiendum
427 968 505 1009 iter
538 968 736 1024 Philippo
761 967 859 1008 data
885 975 959 1007 est.
992 975 1166 1016 montes,
1198 983 1325 1023 quam
1353 969 1461 1010 viam
1489 987 1569 1013 non

154 1023 439 1078 ingressurum
459 1024 577 1080 gravi
598 1025 764 1080 agmine
781 1024 1021 1064 Romanum
1044 1023 1211 1075 sciebat,
1233 1025 1352 1080 petit.
1396 1026 1569 1080 Consul,

156 1081 292 1135 prima
311 1081 402 1125 luce
423 1081 694 1123 caduceatore
714 1080 822 1127 datis
846 1080 1025 1121 induciis
1046 1080 1229 1132 dimisso,
1250 1082 1366 1123 haud
1386 1083 1446 1125 ita
1466 1086 1571 1126 mul-

153 1145 197 1177 to
214 1145 311 1192 post
340 1138 473 1185 abisse
493 1138 655 1183 hostem
685 1153 819 1194 quum
850 1138 1055 1188 sensisset,
1076 1137 1247 1193 ignarus
1276 1154 1361 1194 qua
1382 1155 1571 1196 sequere-

153 1201 237 1243 tur,
279 1193 423 1235 iisdem
465 1195 626 1240 stativis
665 1194 961 1240 frumentando
1002 1194 1088 1235 dies
1128 1194 1290 1251 aliquot
1330 1200 1567 1241 consumsit.

152 1249 374 1295 Stuberam
415 1251 566 1293 deinde
605 1253 726 1308 petit,
767 1261 896 1308 atque
936 1267 986 1292 ex
1028 1252 1255 1307 Pelagonia
1294 1252 1568 1305 frumentum,

150 1306 266 1361 quod
294 1308 337 1349 in
368 1309 479 1365 agris
509 1318 611 1359 erat,
643 1309 847 1351 convexit.
879 1308 977 1350 inde
1006 1308 1059 1349 ad
1085 1308 1364 1350 44Pluvinam³
1385 1319 1445 1352 est
1475 1327 1569 1367 pro-

148 1377 329 1417 gressus,
351 1366 538 1408 nondum
559 1374 786 1422 comperto,
814 1381 942 1422 quam
962 1366 1173 1421 regionem
1194 1366 1334 1408 hostes
1354 1368 1567 1422 petissent.

147 1420 388 1477 Philippus,
410 1437 542 1478 quum
564 1423 700 1479 primo
720 1423 775 1465 ad
796 1423 1029 1479 Bryanium
1051 1423 1204 1465 stativa
1221 1423 1450 1475 habuisset,
1472 1441 1569 1481 pro-

147 1475 283 1519 fectus
303 1478 399 1519 inde
429 1480 672 1521 transversis
701 1479 922 1529 limitibus,
945 1488 1145 1521 terrorem
1175 1480 1358 1535 praebuit
1380 1482 1567 1529 subitum

149 1531 270 1575 hosti.
344 1537 518 1577 Movere
547 1536 690 1592 itaque
720 1552 772 1577 ex
803 1536 985 1577 Pluvina
1016 1537 1210 1585 Romani,
1244 1544 1285 1577 et
1316 1537 1369 1577 ad
1406 1539 1567 1594 Ospha-

146 1605 249 1644 gum
281 1590 437 1633 flumen
472 1602 702 1648 posuerunt
732 1601 877 1634 castra.
951 1593 1045 1633 Rex
1076 1592 1192 1639 haud
1220 1593 1368 1648 procul
1397 1595 1494 1637 inde
1523 1605 1564 1638 et

146 1645 248 1701 ipse,
270 1647 379 1689 vallo
409 1664 533 1704 super
563 1650 695 1705 ripam
716 1649 848 1690 amnis
877 1649 1020 1699 ducto,
1046 1649 1301 1705 (Erigonum
1328 1651 1474 1692 incolae
1495 1668 1565 1694 vo-

147 1705 261 1757 cant)
293 1705 491 1746 consedit.
568 1706 674 1748 Inde
706 1706 805 1748 satis
839 1713 1067 1761 comperto,
1101 1706 1325 1747 Eordaeam
1357 1708 1564 1763 petituros

145 1759 371 1812 Romanos,
392 1761 446 1802 ad
466 1763 728 1819 occupandas
757 1761 984 1818 angustias,
1007 1777 1058 1803 ne
1080 1778 1274 1819 superare
1303 1763 1443 1806 hostes
1462 1766 1563 1808 artis
1577 1776 1779 1819 Occupatan—

143 1815 337 1859 faucibus
365 1817 571 1860 inclusum
603 1820 765 1861 aditum
795 1827 978 1876 possent,
1002 1820 1224 1875 praecessit.
1256 1820 1314 1861 ibi
1343 1821 1425 1862 alia
1452 1823 1561 1865 vallo
1574 1820 1768 1870 gusttasqua

143 1870 264 1914 ⁴¹⁵alia
283 1873 406 1925 fossa,
428 1875 509 1916 alia
534 1875 723 1932 lapidum
754 1875 958 1932 congerie,
981 1884 1029 1918 ut
1059 1891 1135 1932 pro
1164 1892 1286 1918 muro
1309 1887 1458 1930 essent,
1480 1880 1562 1922 alia
1573 1867 1675 1938 ἓξὲξ
1687 1865 1763 1938 52¹}

142 1929 361 1973 arboribus
381 1932 567 1988 objectis,
590 1933 648 1976 ita
667 1942 716 1976 ut
736 1933 852 1974 locus
881 1932 1136 1989 postulabat,
1159 1942 1233 1975 aut
1260 1936 1434 1977 materia
1464 1937 1560 1978 sub-
1755 1930 1764 1939 ’

143 1986 374 2041 peditabat,
428 1990 661 2038 emuniit&
694 1999 822 2047 atque
846 1989 914 2042 (ut
942 1990 1032 2046 ipse
1061 1990 1252 2047 rebatur)
1275 1992 1385 2033 viam
1411 2002 1558 2049 suapte

142 2051 294 2084 natura
322 2004 545 2097 diffiifilem,
570 2047 742 2103 objectis
771 2063 847 2103 per
875 2062 1016 2088 omnes
1047 2047 1246 2089 transitus
1273 2050 1468 2104 operibus
1495 2051 1556 2092 in-

142 2100 464 2156 expugnabilem
485 2103 594 2145 fecit.
657 2105 791 2145 Erant
812 2104 1011 2160 pleraque
1037 2104 1241 2146 silvestria
1260 2106 1382 2156 circa,
1403 2107 1557 2149 incom-

140 2157 265 2199 moda
294 2157 493 2214 phalangi
525 2160 702 2201 maxime
739 2161 1045 2203 BIacedonum:
1090 2177 1200 2217 quae,
1233 2162 1311 2204 nisi
1341 2163 1415 2204 ubi
1450 2179 1556 2221 prae-

140 2212 274 2270 longis
293 2215 423 2257 hastis
443 2216 558 2258 velut
579 2217 735 2260 vallum
766 2226 862 2260 ante
883 2218 1035 2274 clipeos
1055 2218 1221 2274 objecit,
1239 2219 1375 2276 (quod
1397 2229 1444 2264 ut
1465 2221 1553 2271 fiat,

139 2269 269 2312 libero
289 2287 435 2329 campo
464 2289 571 2330 opus
591 2277 672 2330 est)
694 2275 850 2317 nullius
869 2275 1093 2317 admodum
1124 2291 1224 2317 usus
1243 2285 1317 2318 est.
1378 2276 1555 2323 ¹⁶Thra-

141 2328 227 2370 cas¹
245 2343 415 2385 quoque
446 2329 723 2388 ⁴⁷r0mphaeae‚
754 2332 934 2388 ingentis
964 2340 1005 2374 et
1039 2331 1141 2388 ipsae
1170 2332 1458 2389 longitudinis,
1493 2336 1554 2376 in-

241 2409 252 2432 i
267 2412 418 2443 Pellinam
433 2413 531 2445 Gron.
547 2415 638 2446 Crev.
724 2414 743 2438 k
757 2426 839 2455 opere
849 2417 1012 2456 permuniit
1026 2415 1123 2446 Gron.
1210 2414 1219 2438 ¹
1239 2416 1360 2448 Thraces
1375 2417 1455 2448 Ead.

182 2484 222 2514 43
235 2485 446 2529 caduceatore]
459 2487 532 2518 Vid.
544 2493 606 2519 not.
621 2487 661 2518 ad
672 2488 692 2518 l.
702 2489 828 2520 XXVI.
872 2488 979 2520 vitiosa
994 2488 1175 2531 repetiti0ne
1197 2489 1302 2531 primae
1326 2490 1454 2531 syllabae
1469 2490 1554 2521 verbi

147 2535 175 2555 c.
193 2527 242 2558 17.
871 2531 1027 2573 sequentis
1054 2536 1089 2562 ut
1115 2531 1248 2563 recidere
1276 2532 1457 2564 auderemus
1483 2533 1555 2564 fecit

182 2570 224 2599 44
252 2571 417 2614 Pellinam]
463 2574 548 2615 Olim
577 2575 732 2605 Pluinam.
786 2575 827 2605 E-
873 2575 1037 2605 auctoritas
1074 2574 1188 2606 Victor.
1226 2575 1352 2611 codicis,
1388 2576 1442 2617 qui
1485 2585 1553 2607 eam

143 2611 300 2643 mendavit
334 2614 495 2656 Sigonius:
534 2622 569 2648 ut
590 2622 621 2648 et
648 2616 727 2647 infra
755 2617 828 2648 Εον-
872 2617 997 2659 iespuit‚

139 2654 232 2684 doeam
246 2666 301 2697 pro
316 2656 486 2692 Erduaeam.
917 2661 958 2691 46
984 2660 1126 2701 Thracas]
1158 2659 1209 2691 Sic
1235 2660 1389 2695 Andreas,
1416 2670 1495 2690 unus
1516 2670 1554 2692 ex

183 2697 225 2726 45
247 2698 321 2728 Alia
334 2699 411 2738 fossa
436 2724 444 2732 .
469 2723 478 2732 .
503 2726 509 2731 .
535 2725 543 2732 .
564 2703 741 2744 permuniit]
766 2703 829 2734 Hic
875 2703 1004 2734 Hearnii
1018 2702 1108 2734 codd.
1125 2702 1250 2744 aliique.
1293 2703 1335 2733 Et
1350 2703 1433 2733 favet
1454 2708 1555 2734 noster

143 2737 263 2779 vulgati
300 2734 418 2774 addunt
447 2744 632 2786 superfluam
658 2751 689 2776 et
716 2745 825 2777 moles·
871 2746 956 2777 Vict.
985 2747 1037 2788 qui
1068 2745 1209 2777 exhibet*
1229 2745 1358 2776 Thaeatas·
1404 2745 1552 2777 Gronovii

139 2785 204 2815 tam
230 2792 334 2815 vocem
359 2797 440 2825 opere
465 2793 536 2819 ante
560 2788 686 2819 verbum
708 2800 825 2828 permu-
870 2788 994 2820 edidere
1011 2790 1145 2820 Thraces.

139 2825 209 2859 m'ss't·
254 2825 358 2861 Quum
376 2838 462 2870 ‚eam
499 2830 617 2871 pridem
649 2837 827 2873 suspectam
912 2833 952 2862 47
977 2831 1176 2871 lemphoeoe]
1202 2830 1397 2872 Rhomphaea
1414 2836 1480 2862 erat
1501 2830 1554 2862 teli

141 2865 332 2904 haberemus,
361 2876 510 2912 tanquam
540 2873 620 2904 maie
656 2879 762 2906 natam
788 2884 825 2908 ex
870 2874 1012 2906 Thracici
1048 2884 1155 2915 genus,
1193 2873 1393 2918 praelongum,
1429 2883 1553 2915 anceps,

968 2917 1039 2959 ΒΞ
