1947 3222
461 104 495 141 L
510 104 526 141 1
542 103 584 140 Β.
613 102 811 140 XXXIII.
852 102 931 138 CA
946 102 987 138 P.
1018 103 1162 141 XLIV.
1445 107 1516 146 127

106 211 282 253 barbus²
316 220 356 253 et
392 211 480 253 ²¹C.
512 210 751 252 Scribonius
783 210 913 251 Curio
925 213 953 260 b,
984 210 1138 251 multos
1170 210 1204 234 99
1220 212 1433 266 pecuarios
1463 212 1517 253 ad

104 269 251 325 populi
275 268 483 325 judicium
512 267 805 308 adduxerunt:
812 274 922 346 Ξ,1165
942 282 994 307 ex
1023 267 1088 307 his
1109 267 1369 308 condemnati
1392 278 1515 317 sunt;

105 341 157 366 ex
179 341 322 367 eorum
352 323 583 366 multaticia
614 323 790 379 pecunia
812 322 1029 364 ⁶²³'aedem
1021 339 1062 363 m
1092 323 1228 364 insula
1249 324 1384 364 Fauni
1414 325 1520 365 fece-

105 390 218 423 runt.
280 381 393 422 Ludi
418 381 590 436 plebeii‘
616 396 691 436 per
720 381 899 421 biduum
926 380 1161 431 instaurati,
1183 388 1224 421 et
1246 379 1417 435 epulum
1437 382 1518 422 fuit

109 437 305 479 ludorum
325 453 478 478 caussa.

165 495 348 536 XLIII.
382 494 432 534 L
455 493 645 535 Valerius
666 494 842 535 Flaccus
872 502 913 536 ct
938 495 1002 535 M.
1027 494 1214 544 Porcius,
1237 508 1321 549 quo
1342 493 1408 533 die
1438 508 1574 538 nia-U
1587 508 1622 538 C
1638 509 1713 539 557

108 552 330 607 gistratum
359 550 556 601 inierunt,
579 551 631 591 de
660 550 882 607 provinciis
903 566 1036 606 quum
1057 551 1111 591 ad
1142 559 1330 591 senatum
1359 549 1712 590 16111115-Αῶλὲὶό-

109 616 212 658 sent,
236 609 382 648 Patres
403 616 668 657 censuerunt,
695 607 822 657 Quum
846 610 889 648 in
911 609 1129 662 Hispania
1158 614 1313 649 tantum
1338 607 1522 660 glisceret
1530 594 1583 671 ᾗ]
1589 594 1726 665 lpffffiig'

109 665 264 713 bellum,
285 663 428 718 zctjam
449 666 652 705 consulari
672 672 710 706 et
731 667 827 705 duce
847 671 885 706 et
906 680 998 705 exe?
999 667 1082 706 citu
1100 679 1198 718 opus
1216 671 1328 715 esset,
1343 665 1487 717 placer
1488 678 1521 712 e,
1537 678 1625 709 Coss

106 723 281 762 consules
299 722 553 775 Hispaniam
576 724 677 763 citer
680 737 743 762 101
746 737 805 762 em
826 729 864 762 et
884 723 1054 763 Italiam
1072 737 1131 775 p?
1133 723 1312 763 ovincms
1333 728 1403 761 aut
1422 735 1524 761 com—

98 793 258 832 parare
278 779 385 819 inter
403 793 457 829 se,
479 786 548 819 aut
574 780 723 820 sortiri.
791 781 889 820 Utri
910 780 1119 833 Hispania
1140 779 1356 833 provincia
1377 779 1526 819 evenis·
1537 788 1722 822 Provinciae.

106 843 179 887 set,
192 851 276 877 eum
298 838 398 876 duas
418 837 594 890 legiones
610 844 647 877 et
667 837 841 890 quinque
860 838 992 877 millia
1008 836 1153 877 sociam
1170 837 1321 877 Latini
1335 837 1524 886 nominis,

108 900 147 934 et
167 895 403 947 quingentos
424 895 574 947 equites
587 908 710 934 secum
724 900 912 946 portare,
929 900 967 933 et
987 907 1106 934 naves
1127 895 1268 947 longas
1284 894 1433 946 viginti
1452 894 1525 933 du-

107 965 207 991 cere.
258 951 378 991 Alter
396 952 531 991 consul
550 952 650 992 duas
669 951 844 1004 legiones
863 950 1063 990 scriberet.
1118 951 1206 991 His
1229 949 1412 990 Galliam
1427 964 1527 1002 pro-

108 1008 281 1048 vinciam
302 1008 477 1048 obtineri
496 1009 597 1048 satzs
617 1022 709 1055 esse,
702 983 875 1061 &fractis
897 1009 1086 1059 provinzo
1108 1021 1216 1047 011110
1236 1007 1465 1047 Insubrium
1488 1013 1527 1047 et

110 1066 305 1106 Boiorum
325 1066 486 1105 animi.s
549 1066 655 1106 Cato
677 1064 941 1127 Hispaniam,
960 1063 1150 1114 Valerius
1172 1063 1339 1104 Italiam
1361 1071 1421 1104 est
1444 1079 1527 1104 sor-

110 1122 226 1163 titus.
288 1123 450 1162 Praetm
452 1137 494 1161 es
514 1121 663 1162 deinde
683 1135 915 1176 provlnfflas
937 1120 1096 1184 sortiti,
1110 1122 1158 1161 C.
1176 1120 1396 1162 Fabricius
1418 1121 1527 1161 Lus-

110 1178 226 1219 cinus
256 1179 473 1228 urbanam,
498 1179 545 1218 C.
569 1177 742 1219 Atinius
764 1177 908 1218 Labeo
937 1177 1213 1241 peregrinam,
1238 1178 1313 1218 Cn.
1338 1177 1527 1217 Manlius

112 1235 240 1276 Vulso
273 1234 468 1284 Siciliam,
497 1236 583 1291 Ap.
608 1234 811 1276 Claudius
841 1235 955 1275 Nero
986 1234 1235 1290 Hispaniam
1270 1233 1526 1283 ulteriorem,

110 1292 159 1332 P.
183 1292 356 1332 Porcius
393 1292 519 1333 Laeca
555 1291 685 1341 Pisas,
716 1299 765 1332 ut
800 1291 853 1332 ab
891 1299 1010 1347 tergo
1046 1291 1278 1347 Liguribus
1313 1298 1442 1332 esset:
1480 1291 1526 1331 P.

111 1348 330 1389 Manlius
319 1363 362 1389 ln
385 1348 631 1404 Hispaniam
654 1348 884 1389 citeriorem
905 1348 1075 1404 adjutor
1091 1348 1250 1389 consuli
1272 1348 1408 1389 datur
1473 1348 1526 1387 T.

111 1405 323 1455 Quinctio,
346 1406 547 1461 suspectis
567 1421 648 1446 non
666 1405 799 1446 solum
821 1405 1034 1446 Antiocho
1054 1413 1095 1446 et
1118 1405 1288 1456 AEtolis,
1311 1404 1383 1446 sed
1404 1405 1529 1445 etiam

111 1462 276 1503 Nabide
313 1462 651 1503 Lacedaemon‘101
655 1477 725 1502 um
759 1470 952 1517 tyranno,
982 1470 1263 1526 prologatum
1296 1461 1337 1502 in
1374 1476 1529 1501 annum

111 1519 329 1574 impeiium
353 1527 429 1568 est,
451 1519 556 1559 duas
586 1518 767 1574 legiones
789 1526 836 1559 ut
866 1519 1051 1559 haberet.
1082 1534 1124 1559 1n
1145 1534 1211 1558 eas
1234 1519 1266 1558 si
1297 1517 1401 1573 quid
1432 1533 1529 1573 sup-

110 1575 310 1631 plementi
340 1590 446 1638 opus
473 1584 593 1624 esset,
616 1575 802 1616 consules
833 1574 1024 1626 scribele,
1046 1582 1087 1615 et
1122 1575 1287 1616 mittere
1321 1575 1365 1615 in
1387 1574 1529 1615 Mace-

112 1632 279 1672 doniam
303 1633 422 1687 jussl.
482 1633 569 1688 Ap.
595 1631 773 1672 Claudio
802 1639 956 1687 praeter
979 1631 1197 1686 legionem,
1220 1646 1348 1686 quam
1370 1630 1424 1679 Q.
1449 1632 1529 1671 Far

112 1688 207 1730 bius
227 1689 445 1738 habuerat,
468 1688 552 1729 duo
573 1688 704 1729 millia
722 1688 913 1743 peditum
935 1697 976 1729 et
997 1687 1198 1730 ducentos
1219 1687 1380 1752 equites
1400 1703 1481 1728 nov
1484 1704 1529 1728 os

113 1746 367 1786 conscribere
397 1745 655 1810 permissum.
719 1745 801 1785 Par
821 1760 1020 1785 numerus
1040 1745 1231 1800 peditum
1253 1745 1531 1800 equitumque

114 1817 316 1843 novorum
351 1801 396 1842 P.
421 1802 583 1842 Manlio
617 1802 660 1842 in
691 1801 924 1843 citeriorem
955 1802 1205 1857 Hispaniam
1235 1802 1450 1843 decretus:
1489 1809 1531 1842 et

114 1859 223 1915 legio
243 1859 401 1909 eadem,
423 1874 520 1915 quae
540 1859 676 1900 fuerat
699 1859 777 1900 sub
800 1858 991 1899 Minucio
1011 1867 1205 1914 praetore,
1227 1859 1337 1899 data.
1398 1859 1458 1899 Et
1481 1859 1528 1898 P.

114 1915 263 1957 Porcio
292 1916 428 1957 Laecae
457 1915 511 1956 ad
532 1916 749 1956 Etruriam
780 1916 889 1956 circa
920 1915 1036 1956 Pisas
1066 1916 1151 1956 duo
1181 1915 1311 1956 millia
1339 1915 1531 1970 peditum

113 1980 155 2013 et
176 1973 395 2028 quingenti
424 1972 586 2028 equites
606 1987 657 2014 ex
681 1972 844 2013 Gallico
871 1973 1058 2013 exercitu
1088 1972 1255 2014 decreti.
1317 1973 1369 2012 In
1394 1971 1532 2012 Sardi-

114 2028 183 2070 nia
201 2038 473 2085 prorogatum
489 2030 715 2093 imperium
739 2029 982 2085 Sempronio
1004 2030 1161 2084 Longo.

173 2086 342 2126 XLIV
375 2085 604 2127 Provinciis
630 2087 691 2127 ita
710 2086 962 2136 distributis,
984 2086 1185 2136 consules,
1207 2086 1454 2142 priusquam
1479 2086 1532 2127 ab

115 2143 219 2184 urbe
250 2142 624 2198 proficiscerentur,
656 2158 727 2184 ver
763 2158 925 2183 sacrum
960 2158 1011 2183 ex
1041 2143 1287 2199 pontificum
1317 2143 1440 2199 jussu
1475 2143 1738 2188 fe—Versacmm

115 2215 222 2250 cere,
243 2199 405 2256 94011011
436 2201 490 2240 A.
516 2199 733 2241 Cornelius
756 2199 992 2240 Mammula
1020 2208 1177 2255 praetor
1196 2208 1367 2240 voverat
1398 2200 1450 2240 de
1475 2215 1534 2240 se-
1546 2199 1662 2230 faciunt

116 2266 241 2298 natus
271 2256 475 2298 sententia
485 2256 774 2320 populique
759 2271 896 2320 Jussu,
930 2258 1006 2297 Cn.
1033 2257 1221 2307 Servilio,
1255 2258 1302 2297 C.
1327 2256 1533 2297 Flaminio
1547 2243 1636 2275 C⁰⁵⁵·

119 2313 369 2355 consulibus.
401 2312 518 2354 annis
547 2322 642 2369 post
672 2328 756 2354 uno
785 2320 826 2353 et
847 2312 998 2369 viginti
1028 2313 1186 2354 factum
1217 2321 1294 2364 est,
1316 2328 1442 2369 quam
1463 2329 1535 2354 vo-

222 2416 237 2434 a
254 2413 435 2444 AEnobarbus
450 2412 549 2444 Gron.
636 2411 652 2435 b
669 2411 741 2443 add.
758 2411 905 2442 Maximus
921 2412 1019 2462 Gron.
1035 2413 1126 2444 Crev.
1213 2416 1227 2434 “-
1240 2413 1330 2452 plebis
1345 2413 1434 2445 Eaed.

164 2508 278 2538 21*c.
294 2508 459 2538 Scribonius
476 2509 557 2537 curio
576 2507 730 2547 maximus]
756 2507 806 2537 De
891 2508 934 2538 22
958 2508 1073 2538 Pecum
1076 2508 1129 2548 zos]
1168 2508 1358 2538 Pascuorum
1395 2507 1534 2549 publico

124 2550 246 2581 curione
260 2550 392 2580 maximo
406 2549 471 2581 vid.
486 2556 547 2580 not.
561 2551 613 2580 ⁶28.
637 2550 677 2580 ad
693 2551 805 2580 111.7.
850 2560 916 2580 rum
940 2551 1157 2592 redemptoreS,
1173 2556 1208 2581 ut
1228 2551 1296 2592 jam
1318 2550 1535 2581 annotavimus

123 2592 267 2623 Ceterum
279 2593 469 2634 suspicamur
481 2603 584 2624 vocem
599 2594 740 2623 mamimus
755 2591 804 2622 hic
849 2592 889 2623 ad
904 2593 944 2622 X.
960 2594 1013 2624 23.

124 2639 237 2666 temere
258 2635 410 2676 adjectam
434 2645 511 2672 esse,
528 2641 558 2666 et
573 2634 608 2666 «τὸ
624 2635 715 2665 Curio
731 2645 804 2676 cog
890 2636 931 2666 23
954 2636 1058 2666 AEdem
1082 2638 1115 2666 in
1142 2637 1240 2666 insula
1268 2636 1382 2675 Fauni]
1418 2634 1533 2665 EEdem

125 2687 236 2708 nomen
258 2688 323 2708 esse
346 2678 505 2714 Scribonii,
525 2689 587 2708 non
610 2678 734 2708 titulum
755 2688 804 2708 sa·
849 2678 950 2709 Fauni
964 2679 997 2708 in
1011 2678 1114 2710 insula
1129 2679 1284 2710 Tiberina.

125 2719 262 2751 cerdotii.
305 2721 427 2751 Etenim
459 2721 516 2751 hoc
543 2727 678 2763 tempore
705 2720 803 2751 curio·
889 2722 931 2751 24
957 2722 1042 2755 Quod
1058 2723 1096 2752 A.
1115 2722 1266 2752 Cornelius
1281 2721 1444 2750 Mammula
1458 2731 1530 2758 pra·-

126 2773 198 2792 nem
234 2762 399 2793 maximum
437 2763 529 2794 fuisse
565 2764 604 2795 C.
627 2763 805 2794 Mamilium
849 2770 893 2793 eor
915 2765 1045 2806 voverat]
1071 2765 1145 2796 Vid.
1162 2767 1224 2795 not'.
1243 2765 1295 2794 51.
1314 2762 1353 2793 ad
1375 2763 1484 2793 XXII.
1499 2764 1531 2795 9.

127 2805 269 2835 vitulum
285 2805 455 2846 apparebit,
470 2805 495 2835 si
517 2806 655 2839 conferas
677 2806 756 2838 inter
775 2816 806 2838 se
849 2817 952 2849 supra.

128 2848 220 2879 XXV
224 2847 272 2879 11.
288 2847 318 2876 8.
334 2852 365 2877 et
379 2848 465 2878 XLI.
480 2849 533 2879 21.
