1947 3222
170 244 216 285 u.
225 242 264 274 6.
274 243 349 274 566.

170 286 215 318 A.
223 286 261 317 C.
279 286 349 317 186.

171 329 258 360 Galli
272 328 304 358 in

171 371 336 403 Venetiam

170 413 360 456 transgressi.

175 1140 319 1174 Comitia.

183 1765 226 1797 U.
238 1765 275 1796 C.
287 1766 360 1797 567.

181 1808 223 1839 A.
238 1808 276 1839 C.
293 1809 365 1840 185.

182 1893 247 1957 dig.
259 1882 360 1956 filau-

184 1969 407 2011 Sempronio.

185 2011 274 2042 Coss.

187 2054 314 2084 Caussae

183 2096 257 2127 belli
273 2107 344 2128 cum

188 2139 308 2171 Perseo.

381 127 454 161 418
750 139 753 143 ·
812 142 818 145 ,
922 112 1062 161 Tiri
1089 111 1266 159 'L1V11

383 230 544 273 Eodem
585 245 693 273 anno
734 230 846 273 Galli
889 230 1177 287 Transalpini,
1214 230 1459 287 transgressi
1499 230 1542 271 in
1582 230 1798 272 Venetiam

384 288 470 330 sine
564 288 776 345 pulatione
813 296 887 329 aut
926 287 1052 337 bello,
1088 287 1204 328 haud
1238 287 1386 344 procul
1425 286 1538 337 inde,
1573 287 1648 328 ubi
1686 294 1800 328 ‘nunc

430 303 584 401 (11111613
622 353 699 395 est,
734 344 871 386 10611111
908 343 1067 400 oppido
1102 343 1318 386 condendo
1353 351 1566 401 ceperunt.
1628 343 1801 399 Legatis

386 402 601 452 Romanis,
623 402 675 442 de
696 417 744 442 ea
767 417 811 442 re
832 410 947 442 trans
968 400 1101 465 Alpes
1126 400 1274 452 missis,
1295 415 1538 467 responsum
1559 408 1637 450 est,
1663 401 1802 454 Neque

377 460 581 514 prcffbctos
600 474 649 500 ex
669 459 911 499 auctoritate
925 459 1061 510 gentis
1081 471 1158 507 eos,
1175 471 1257 508 nec,
1274 458 1374 512 quzd
1393 459 1436 499 in
1452 458 1582 499 Italza
1587 458 1798 511 facerent,

384 531 427 558 se
454 517 567 557 scire.
629 516 680 556 L.
705 513 844 570 Scipio
875 513 998 554 ludos
1027 529 1075 554 eo
1104 490 1306 570 tempoie,
1327 530 1432 571 quos
1465 513 1576 556 bello
1598 513 1800 556 Antiochi

385 572 547 614 vovisse
577 586 663 613 sese
692 570 872 621 dicebat,
902 585 953 611 ex
983 570 1148 611 conlata
1175 570 1230 611 ad
1263 570 1307 611 id
1341 567 1518 626 pecuni'a
1546 571 1600 612 ab
1629 571 1800 627 regibus

386 629 712 683 civitatibusque
745 642 820 684 per
854 602 943 668 dies
979 626 1121 668 decem
1155 626 1266 669 fecit.
1327 628 1536 682 Legatum
1572 643 1668 669 eum
1707 636 1802 684 post

386 686 695 727 damnationem
716 692 756 726 et
777 684 888 725 bona
907 683 1078 725 vendita
1095 683 1268 725 missum
1289 683 1332 725 in
1354 684 1517 748 Asiam,
1533 683 1588 725 ad
1607 684 1802 726 dirimen-

387 742 442 783 da
469 742 578 783 inter
600 740 859 782 Antiochum
879 749 922 782 et
943 741 1177 782 Eumenem
1208 755 1326 806 reges
1350 740 1589 790 certamina,
1611 741 1802 783 Valerius

388 798 542 840 Antias
572 807 638 840 est
672 806 830 840 auctor.
862 806 954 839 tum
986 797 1169 839 conlatas
1200 797 1236 839 ei
1273 797 1484 853 pecunias,
1515 806 1804 853 congregatos-

387 858 472 919 que
492 870 567 911 per
587 855 735 897 Asiam
756 855 958 896 artifices:
989 862 1048 903 et,
1069 870 1249 910 quorum
1278 854 1476 895 ludorum
1504 863 1600 919 post
1629 853 1802 905 bellum,

387 927 431 954 111
451 927 537 978 (1110
556 919 677 954 votos
706 911 877 963 diceret,
897 910 1149 953 mentionem
1172 926 1254 952 non
1283 910 1462 961 fecisset,
1483 909 1563 953 (16
1554 910 1606 951 115
1633 919 1728 967 post
1748 911 1805 952 le-

378 970 598 1026 gationem
619 968 819 1010 demum
809 983 849 1010 m
868 976 1016 1010 senatu
1037 976 1190 1010 actum.

446 1026 640 1067 XXIII.
673 1026 814 1076 Quum
839 1026 927 1082 jam
949 1025 991 1066 in
1013 1024 1130 1067 exitu
1151 1039 1284 1067 annus
1304 1034 1424 1075 esset,
1448 1027 1497 1076 Q.
1521 1025 1711 1067 Marcius
1731 1025 1803 1067 ab·

389 1098 482 1124 sens
510 1082 759 1138 magistratu
791 1082 984 1124 abiturus
1017 1090 1117 1123 erat.
1180 1083 1249 1138 Sp.
1274 1082 1534 1133 Postumius,
1565 1082 1805 1146 quaestioni-

388 1140 469 1181 bus
508 1154 604 1181 eum
644 1153 807 1179 summa
845 1138 927 1179 fide
967 1153 1152 1194 curaque
1191 1139 1401 1194 perfectis,
1436 1139 1604 1182 comitia
1641 1139 1803 1181 habuit.

389 1196 516 1238 creati
547 1203 645 1238 sunt
674 1195 862 1236 consules
883 1196 968 1250 Ap.
992 1194 1197 1236 Claudius
1228 1195 1424 1246 Pulcher,
1448 1197 1511 1236 M.
1537 1196 1806 1252 Sempronius

392 1253 647 1295 Tuditanus.
708 1253 882 1294 Postero
901 1252 970 1292 die
998 1260 1198 1308 praetores
1221 1251 1322 1293 facti
1343 1253 1392 1293 P.
1416 1253 1634 1294 Cornelius
1657 1253 1806 1294 Cethe-

390 1325 485 1366 gus,
512 1310 567 1351 A.
591 1308 834 1351 Postumius
864 1308 1058 1359 Albinus,
1089 1310 1136 1349 C.
1159 1309 1362 1349 Afranius
1394 1309 1553 1359 Stellio,
1576 1311 1623 1350 C.
1647 1309 1807 1351 Atilius

389 1368 610 1416 Serranus,
648 1364 698 1407 L.
722 1365 966 1407 Postumius
1002 1366 1281 1421 Tempsanus,
1313 1365 1424 1406 ⁸⁵M.
1450 1366 1654 1407 Claudius
1689 1366 1806 1407 Mar-

391 1423 594 1465 cellinus&
654 1424 859 1464 Extremo
879 1421 990 1472 anni,
1007 1437 1108 1478 quia
1130 1423 1200 1478 Sp.
1225 1422 1467 1463 Postumius
1486 1422 1630 1464 consul
1657 1437 1807 1464 renun-

391 1480 588 1531 ciaverat,
609 1488 899 1536 peragrantem
921 1494 963 1520 se
983 1487 1155 1542 propter
1176 1479 1426 1534 quaestiones
1456 1489 1684 1535 utrumque
1707 1479 1807 1521 litus

396 1537 532 1579 Italiae
553 1536 736 1578 desertas
756 1536 950 1587 colonias,
973 1535 1194 1592 Sipontum
1216 1551 1380 1591 supero,
1404 1537 1648 1577 Buxentum
1673 1536 1807 1578 infero

391 1593 511 1645 mari,
533 1593 760 1642 invenisse3
793 1593 1003 1634 triumviri
1039 1592 1092 1633 ad
1125 1593 1289 1634 colonos
1320 1609 1368 1634 6ο
1398 1592 1636 1634 scribendos
1665 1608 1717 1634 ex
1747 1608 1808 1634 se-

392 1650 708 1692 natusconsulto
747 1651 800 1691 31)
837 1651 890 1690 T.
915 1649 1074 1690 Maenio
1113 1658 1292 1705 praetore
1327 1650 1488 1691 urbano
1523 1650 1648 1691 cleati
1691 1658 1803 1700 sunt,

394 1707 446 1748 L.
471 1707 711 1749 Scribonius
747 1706 872 1757 Libo,
905 1707 967 1747 M.
993 1707 1192 1756 Tuccius,
1227 1707 1302 1747 Cn.
1333 1707 1501 1747 Baebius
1539 1705 1802 1762 Tamphilus.

396 1765 505 1805 Cum
528 1765 679 1805 Perseo
708 1779 805 1819 rege
826 1772 867 1805 et
892 1762 1195 1804 Macedonibus
1224 1763 1396 1812 bellum,
1418 1763 1534 1818 quod
1563 1763 1805 1812 inminebat,

392 1834 478 1861 non
500 1820 609 1861 unde
633 1820 822 1885 plerique
842 1821 1082 1882 opinantur,
1103 1834 1177 1859 nec
1198 1819 1280 1860 ab
1271 1834 1361 1882 ipso
1384 1795 1534 1860 1)61·560
1561 1834 1724 1861 caussas
1744 1835 1808 1860 ee-

396 1877 471 1940 pit.
502 1876 694 1918 inchoata
713 1876 832 1917 initia
851 1891 875 1917 a
897 1876 975 1917 Phi
964 1876 1094 1932 lippo
1115 1886 1234 1917 sunt:
1267 1886 1308 1917 et
1333 1891 1366 1916 1s
1386 1875 1507 1934 ipse,
1510 1876 1544 1932 si
1565 1875 1726 1932 diutius
1747 1877 1807 1917 vi-

396 1933 538 1984 xisset,
559 1933 603 1974 id
624 1933 777 1974 bellum
799 1933 1001 1996 gessisset.
1068 1932 1158 1973 Una
1178 1947 1272 1973 eum
1304 1948 1382 1982 res,
1404 1928 1537 1988 quum
1558 1929 1669 1975 victo
1697 1932 1808 1989 leges

395 1990 707 2046 inponerentur,
738 2005 916 2031 maxime
946 1990 1150 2045 angebat;
1183 1989 1313 2045 quod,
1336 1990 1409 2045 (11ιί
1443 1984 1722 2030 Macedonum
1734 1969 1808 2031 oab

397 2062 439 2088 se
469 2047 704 2088 defecerant
737 2047 779 2087 in
809 2046 962 2097 bello,
954 2061 995 2087 in
1023 2061 1091 2087 605
1120 2046 1193 2102 jus
1213 2045 1409 2087 saeviendi
1442 2047 1654 2088 ademtum
1687 2046 1723 2087 ei
1754 2047 1807 2088 ab

398 2113 543 2145 senatu
565 2120 608 2145 61
610 2113 676 2145 at
710 2119 858 2159 quum,
880 2104 981 2159 quia
1010 2119 1093 2144 rem
1127 2104 1328 2156 intmrram
1353 2103 1615 2151 Quinctius
1599 2118 1647 2144 m
1667 2102 1806 2144 condi-

399 2160 584 2201 tionibus
619 2160 730 2216 pacis
760 2159 995 2210 distulerat,
1024 2175 1105 2201 non
1137 2160 1391 2215 desperasset
1426 2161 1639 2216 impetrwui
1674 2174 1804 2215 posse.

400 2217 612 2258 Antiocho
642 2232 736 2271 reffe
757 2217 906 2257 deinde
930 2217 1039 2258 bello
1070 2226 1264 2282 superato
1285 2217 1337 2257 ad
1361 2215 1681 2272 'lhermopylas,
1703 2215 1807 2256 divi-

400 2274 456 2315 sis
489 2273 693 2330 paitibus,
716 2288 846 2329 quum
883 2288 957 2328 per
990 2274 1155 2314 cosdem
1185 2274 1272 2314 dies
1302 2273 1444 2314 consul
1480 2273 1643 2313 Acilius
1675 2273 1809 2313 Hera-

399 2330 544 2396 oleam,
587 2330 807 2386 Philippus
851 2330 1039 2370 Lamiam
1079 2330 1386 2385 (11)1)11υ·1135561;
1432 2338 1553 2385 capta
1589 2329 1807 2380 Heraclea,

400 2387 473 2443 qui
503 2389 647 2442 jussus
682 2386 900 2427 abscedere
933 2402 955 2426 3
987 2387 1194 2427 moenibus
1227 2386 1384 2427 Lainiae
1415 2395 1518 2434 erat,
1549 2384 1808 2427 861103131115-

952 2486 1143 2525 ἓ1113161113.
1159 2486 1247 2517 Crcv.

439 2573 480 2603 85
518 2571 562 2601 M.
594 2572 740 2602 Claudius
786 2571 962 2611 Marcell...]
1029 2571 1080 2602 Sic
1126 2570 1209 2601 beret
1244 2569 1364 2611 reperiri
1404 2569 1487 2600 aliud
1531 2570 1644 2608 gentile
1683 2580 1806 2605 nomen,

394 2625 475 2647 unus
496 2623 533 2645 ex
555 2613 682 2645 Hearnii
705 2613 874 2648 codicibus,
893 2619 924 2644 et
951 2615 1080 2644 nonnul·
1125 2623 1219 2653 quain
1250 2614 1402 2648 Claudius,
1433 2612 1516 2653 quud
1549 2612 1605 2643 fuit
1640 2613 1806 2644 Marcello·

397 2659 435 2689 1ae
468 2656 627 2689 editiones.
672 2655 815 2696 Plerique
849 2662 880 2686 et
915 2656 1017 2697 scripti
1051 2663 1081 2686 et
1126 2665 1200 2685 rum.

397 2701 471 2732 editi
502 2699 611 2731 vitiant
636 2708 816 2739 cognomen,
846 2704 877 2728 et
906 2709 958 2739 pro
996 2699 1047 2728 Mu
1052 2710 1079 2727 r·
1168 2698 1239 2727 86*
1256 2698 1298 2727 Ru
1291 2700 1445 2738 instituisque
1495 2701 1629 2738 oppidum
1676 2700 1807 2729 deditum

397 2745 487 2774 cellas
500 2742 646 2774 exhibent
660 2742 871 2772 Marcellinus.
915 2739 1077 2771 8161111111·-
1121 2740 1177 2780 est]
1233 2741 1332 2771 Aliter
1374 2752 1420 2771 res
1458 2748 1579 2771 narrata
1618 2747 1663 2772 est
1699 2751 1803 2784 supra.

397 2789 519 2817 collinus
540 2791 586 2816 est
611 2794 778 2833 cognomen
800 2783 866 2823 ejus
883 2783 935 2824 qui
958 2793 974 2813 e
992 2784 1077 2814 Mar·
1123 2783 1352 2815 xxxx1.‘25.
1379 2791 1409 2814 et
1440 2784 1564 2815 XXXV
1572 2784 1617 2814 11.
1641 2785 1670 2814 4.
1715 2784 1803 2814 Alios

398 2830 543 2861 cenorum
578 2827 693 2859 familia
727 2828 758 2858 in
792 2826 883 2857 aliam
916 2826 1078 2867 adoptatus
1123 2824 1262 2856 nimirum
1288 2827 1361 2857 alibi
1385 2832 1522 2858 auctores
1544 2832 1666 2858 secutus
1686 2832 1730 2857 est
1752 2827 1803 2857 Li-

400 2871 640 2912 soret.1taquc
662 2881 731 2901 cum
755 2870 811 2900 hoc
827 2879 879 2908 cog„
874 2868 1007 2900 nominc
1024 2869 1198 2900 (111-11115.
