1947 3222
324 97 402 143 496
851 93 994 133 T1T1
1042 95 1212 134 LIVII

215 216 288 247 573.
321 207 421 251 Jovz·
447 205 597 260 optimo
626 205 807 252 maximo,
838 211 876 246 et
905 206 1029 246 a‘dem
1058 206 1253 260 Equestri
1283 206 1478 247 Fortunoe
1505 221 1587 248 sese
1604 208 1748 261 saclu-

217 258 287 290 179.
321 279 432 306 rum.-
463 266 508 305 in
531 278 621 305 eam
651 277 733 304 rem
761 263 841 304 sihi
863 263 1073 316 pecuniam
1103 264 1310 304 conlatam
1342 278 1422 305 esse
1442 264 1494 304 ab
1523 264 1744 319 Hispanis.

322 321 439 362 Ludi
460 320 632 371 decreti,
653 328 695 362 et
716 327 764 362 ut
785 319 1000 361 duumviri
1021 320 1073 361 ad
1097 320 1229 361 aedem
1250 320 1466 362 locandam
1491 330 1744 364 crearentur.

322 378 375 419 de
404 378 583 434 pecunia
611 377 770 425 finitur,
805 377 868 417 Ne
897 376 1026 431 major
1053 392 1195 417 caussa
1224 379 1406 418 ludorum
1436 386 1744 428 consumeretur,

321 435 479 490 ⁶²quam
510 441 665 489 quanta
695 435 843 475 Fulvio
866 433 1088 483 Nobiliori,
1105 440 1200 487 post
1222 435 1444 476 AEtolicum
1467 435 1607 476 bellum
1629 438 1745 478 ludos

309 490 504 544 facienti,
527 493 687 533 decreta
708 497 826 532 esset:
858 504 955 531 neve
975 492 1075 544 quid
1094 492 1151 530 ad
1169 506 1234 532 eos
1251 493 1365 534 ludos
1386 500 1614 542 arcesseret,
1636 509 1745 548 coge-

322 557 398 597 ret,
421 551 650 604 acciperet„
648 550 825 602 faceret,
842 546 877 571 ⁶³
885 549 1076 588 adversus
1094 549 1140 588 id
1156 551 1548 600 senatusconsultum,
1567 553 1673 603 quod
1692 553 1745 592 L.

322 608 514 656 AEmilz'0‚
552 607 625 647 Cn.
661 605 806 645 Boebio
835 605 1060 646 consulibus
1095 607 1144 645 de
1174 607 1281 646 ludis
1295 607 1459 660 factum
1490 615 1599 649 esset.
1661 609 1746 649 De-

321 673 507 706 creverat
537 663 581 704 id
611 670 779 704 senatus
808 671 981 719 propter
1008 661 1160 703 effusos
1188 672 1368 713 sumtus,
1389 663 1521 705 factos
1550 665 1593 705 iu
1624 665 1746 706 ludos

322 721 390 762 Ti.
425 719 657 776 Sempronii
689 719 837 769 aedilis,
869 719 944 775 qui
979 734 1128 774 graves
1162 735 1246 760 non
1275 720 1400 761 modo
1432 720 1569 762 Italiae
1598 737 1646 762 ac
1682 738 1744 763 so-

320 779 394 819 ciis
416 776 558 818 Latini
579 776 772 825 nominis,
795 775 867 817 sed
887 777 1013 818 etiam
1035 776 1258 831 provinciis
1278 776 1461 818 externis
1481 777 1660 820 fuerant.

379 835 521 875 XLV.
554 835 704 875 Hiems
743 849 791 874 eo
831 848 940 874 anno
969 833 1064 874 nive
1095 848 1207 874 saeva
1236 842 1277 875 et
1307 835 1420 875 omni
1451 843 1747 890 tempestatum

318 907 470 949 genere
499 891 607 932 fuit:
651 891 833 941 arbores,
865 906 963 946 quae
993 891 1186 932 obnoxiae
1221 891 1450 946 frigoribus
1481 899 1594 941 sunt,
1627 892 1750 933 deus-

319 958 429 991 serat
469 956 663 990 cunctas:
711 956 753 989 et
794 963 842 988 ea
881 956 974 989 tum
1006 947 1236 1003 aliquanto,
1270 963 1398 1004 quam
1434 948 1549 997 alias,
1584 948 1747 1004 longior

319 1006 416 1048 fuit.
458 1005 602 1061 itaque
636 1004 853 1047 ⁶⁴Latinas
892 1020 991 1046 mox
1032 1005 1173 1046 subito
1212 1013 1355 1046 coorta
1393 1013 1435 1046 et
1475 1005 1748 1047 intolerabilis

321 1070 546 1120 tempestas
584 1063 628 1103 in
663 1070 804 1103 monte
840 1061 1051 1103 turbavit:
1096 1062 1425 1118 instaurataeque
1462 1071 1559 1104 sunt
1594 1078 1646 1103 ex
1677 1063 1747 1104 de-

320 1128 434 1162 creto
454 1119 714 1175 pontificum.
776 1119 937 1159 Eadem
969 1127 1194 1174 tempestas
1215 1127 1255 1160 et
1283 1119 1324 1160 in
1355 1119 1565 1175 Capitolio
1585 1119 1744 1175 aliquot

316 1178 441 1233 signa
474 1175 755 1226 ⁶⁵constravit‚
791 1175 1124 1228 fulminibusque
1163 1176 1381 1232 complura
1412 1176 1502 1217 loca
1541 1176 1747 1218 deforma-

320 1235 408 1282 vit3
447 1232 580 1274 aedem
610 1233 732 1273 Jovis
764 1232 1022 1282 Tarracinae,
1053 1231 1225 1273 66aedem
1257 1232 1412 1273 Albam
1447 1235 1621 1289 Capuae,
1653 1249 1748 1290 por-

319 1298 493 1347 tamque
517 1289 773 1331 Romanam:
807 1288 916 1329 muri
938 1289 1079 1345 pinnae
1104 1289 1266 1345 aliquot
1287 1289 1385 1330 locis
1407 1289 1592 1331 decussae
1613 1300 1742 1332 erant.

316 1349 429 1389 -Haec
448 1347 558 1389 inter
577 1346 770 1403 prodigia
789 1345 1034 1387 nunciatum
1055 1354 1097 1387 et
1127 1346 1180 1387 ab
1203 1347 1350 1395 Reate,
1372 1346 1574 1402 tripedem
1600 1356 1747 1388 natum

318 1405 498 1446 mulum.
558 1404 625 1446 Ob
646 1419 695 1444 ea
715 1402 953 1453 decemviri,
970 1403 1078 1458 jussi
1098 1403 1215 1444 adire
1235 1401 1364 1444 libros
1385 1403 1567 1454 edidere,
1589 1404 1746 1460 quibus

319 1462 414 1503 Diis
444 1471 486 1503 et
516 1469 622 1518 quot
652 1460 800 1502 hostiis
831 1460 1155 1502 sacrificaretur:
1198 1467 1239 1501 et
1270 1460 1324 1501 ob
1359 1460 1608 1502 fulminibus
1637 1475 1746 1501 com-

318 1519 442 1575 plura
471 1519 562 1560 loca
595 1517 829 1559 deformata
863 1517 918 1558 ad
953 1517 1083 1558 aedem
1121 1518 1242 1558 Jovis
1275 1525 1322 1558 ut
1355 1517 1605 1573 supplicatio
1635 1517 1746 1558 diem

318 1591 451 1617 unum
472 1583 590 1617 esset.
653 1575 768 1616 Ludi
796 1574 946 1615 deinde
973 1574 1104 1616 votivi
1128 1575 1176 1624 Q.
1201 1573 1342 1615 Fulvii
1363 1574 1542 1616 consulis
1562 1590 1637 1630 per
1657 1575 1746 1616 dies

318 1633 460 1674 decem
492 1647 645 1688 magno
675 1632 881 1687 adparatu
912 1631 1027 1673 facti.
1090 1632 1320 1672 Censorum
1351 1631 1448 1672 inde
1477 1631 1645 1673 comitia
1675 1631 1747 1672 ha-

317 1690 430 1732 bita:
464 1690 591 1731 creati
615 1690 678 1729 M.
703 1688 901 1729 AEmilius
924 1688 1114 1744 Lepidus
1143 1689 1335 1744 pontifex
1365 1688 1573 1730 maximus
1602 1697 1643 1730 et
1678 1687 1744 1730 Μ.

319 1746 501 1788 Fulvius
522 1746 730 1796 Nobilior,
753 1745 828 1802 qui
857 1761 910 1786 ex
942 1746 1098 1787 AEtolis
1119 1745 1465 1801 triumphaverat.
1529 1746 1647 1787 Inter
1667 1745 1744 1786 hos

318 1803 429 1845 viros
459 1802 618 1845 nobiles
648 1802 876 1844 inimicitiae
906 1811 1038 1851 erant,
1062 1817 1172 1858 saepe
1201 1802 1346 1843 multis
1376 1804 1439 1843 etd
1460 1801 1503 1842 in
1533 1810 1678 1843 senatu
1700 1811 1742 1844 et

318 1860 373 1901 ad
439 1860 611 1917 opulum
649 1859 900 1900 ⁶⁷atrocibus
932 1859 1150 1900 celebratae
1182 1858 1490 1899 certaminibus.
1552 1859 1744 1900 Comitiis

318 1876 533 1965 confectis,
555 1924 604 1957 ut
625 1915 831 1957 traditum
857 1915 1094 1971 antiquitus
1124 1923 1201 1965 est,
1223 1930 1410 1956 censores
1430 1915 1472 1955 in
1496 1917 1658 1972 Campo
1687 1916 1743 1956 ad

319 1989 434 2015 aram
456 1973 610 2015 Martis
631 1972 740 2014 sellis
760 1972 978 2013 curulibus
997 1972 1298 2019 consederunt3
1332 1988 1419 2028 quo
1440 1981 1611 2028 repente
1631 1972 1744 2028 prin-

319 2030 431 2087 cipes
452 2039 691 2072 senatorum
712 2044 807 2070 cum
839 2030 1003 2085 agmine
1033 2038 1237 2071 venerunt
1268 2029 1476 2071 civitatis:
1510 2029 1617 2072 iuter
1637 2045 1743 2086 quos

322 2086 378 2137 Q.
404 2087 598 2129 Caecilius
620 2086 822 2128 Metellus
843 2087 970 2127 verba
990 2086 1102 2128 fecit.

379 2145 550 2186 XLVI.
584 2144 678 2186 Non
697 2144 817 2185 obliti
838 2158 981 2194 sumus,
1003 2158 1195 2194 censores,
1217 2157 1284 2186 vos
1304 2144 1451 2198 paullo
1470 2150 1566 2184 ante
1587 2143 1637 2184 ab
1657 2143 1746 2184 uni-

108 216 151 247 U.
166 217 202 246 C.

108 258 150 289 A.
163 259 200 290 C.

108 851 217 882 Hiems
232 861 287 882 εει).-

106 905 154 926 va.

104 1646 265 1677 Censores.

107 2153 229 2185 Metelli
239 2163 306 2185 ora-

106 2197 148 2228 tio
169 2198 208 2228 ad
226 2198 307 2229 Cen-

106 2251 197 2272 sores·
858 2257 874 2281 ὁ
889 2265 915 2288 et
931 2257 992 2289 del.
1006 2257 1104 2289 Gron.
1119 2259 1211 2290 Crev-

316 2373 321 2379 ·
364 2359 406 2390 62
432 2359 529 2394 Quam
556 2365 667 2399 quanta
705 2358 810 2388 Fulvio
848 2357 1009 2400 Nobiliori]
1055 2364 1130 2394 orta,
1169 2357 1242 2388 atris
1278 2356 1421 2388 nimirum
1458 2355 1591 2388 nubibus
1625 2357 1739 2388 coelum

323 2401 398 2432 vid.
411 2411 504 2443 supra
518 2402 538 2432 l.
553 2402 709 2432 xxxlx.
724 2410 751 2431 c.
767 2402 797 2431 5.
1055 2401 1303 2432 obscurantibus,

365 2445 406 2475 63
444 2446 588 2474 Adversus
641 2446 670 2474 id
721 2444 1010 2479 senarusconsultum,
1099 2443 1364 2484 65¹⁹C0nstravit]
1395 2441 1501 2483 M'agis
1518 2442 1653 2484 placeret
1672 2455 1743 2484 pro-

474 2487 524 2517 De
552 2487 610 2517 hoc
638 2487 906 2517 senatusconsulto
936 2486 1012 2517 nihil
1055 2489 1171 2518 strz1rit.

1095 2531 1136 2561 66
1166 2530 1266 2559 AEdem
1283 2529 1389 2559 Albam
1407 2527 1533 2568 Capncr]
1566 2528 1642 2559 llaec
1659 2528 1742 2559 mdes

1052 2583 1145 2614 snpra
1176 2571 1241 2612 jam
1271 2571 1430 2602 nominata
1459 2576 1505 2600 cst
1542 2581 1560 2600 a
1590 2571 1688 2607 Livio,
1718 2572 1740 2602 l.

342 2499 377 2517 un

322 2487 460 2561 guodllico
475 2529 553 2559 (lixit.
571 2529 686 2559 Livius.
732 2529 914 2571 Optandnm
929 2535 1009 2560 esset

323 2579 368 2609 ut,
385 2572 460 2614 quid
481 2583 517 2603 co
537 2571 693 2602 decretum
718 2572 820 2607 suerit,
836 2572 1009 2603 accuratius

321 2616 516 2657 explicasset.
562 2615 656 2645 Nunc
679 2614 708 2644 id
726 2615 938 2645 tantummodo
954 2625 1008 2656 ap-

323 2664 421 2700 paret,
437 2658 559 2689 obviam
576 2657 619 2688 ire
636 2657 768 2687 voluisse
786 2658 892 2688 Patres
906 2658 1009 2688 effusis

324 2701 465 2732 ludorum
480 2701 664 2741 sumptibus,
679 2699 731 2741 qui
743 2700 808 2740 jam
825 2710 932 2739 graves
945 2711 1010 2731 esse

323 2744 412 2775 sociis
427 2750 456 2775 et
471 2743 635 2785 provinciis
650 2743 850 2784 incipiebant..

367 2788 407 2817 64
435 2787 554 2817 latinas
579 2787 656 2827 mor]
685 2787 761 2820 Μαι,
783 2785 814 2816 id
837 2790 895 2821 est,
918 2786 1011 2833 paulo

324 2835 392 2871 post
406 2829 537 2861 hiemem
559 2835 713 2864 exactam.
732 2829 853 2859 Latinas
873 2827 962 2859 serias
978 2851 985 2858 .
1002 2851 1010 2860 .

325 2879 471 2911 tempestas
514 2875 543 2902 in
580 2879 674 2903 „tonte
710 2872 834 2902 Albano
871 2872 1008 2901 turbavit.

326 2914 395 2944 Nisi
420 2915 493 2945 sorte
516 2915 680 2953 legendnm
705 2922 749 2944 est
771 2926 818 2944 nni
847 2915 936 2943 sabim
961 2926 1006 2943 ca-

1053 2616 1197 2646 xxxu.
1213 2625 1241 2645 c.
1255 2616 1287 2646 9.
1313 2615 1331 2634 *
1345 2614 1460 2643 Portam
1483 2614 1652 2651 Romanum,
1668 2624 1737 2655 quas

1052 2668 1121 2688 mox
1146 2657 1330 2692 nominatur,
1354 2656 1492 2697 intellige
1515 2663 1634 2699 portam
1656 2658 1740 2688 urbis

1055 2702 1171 2742 Capua·
1187 2699 1302 2730 dictam
1321 2700 1492 2730 Romanam.
1683 2722 1689 2728 ,

1097 2745 1137 2773 67
1165 2744 1317 2773 :nn-acibus
1342 2743 1463 2773 celebrat
1476 2755 1492 2769 r·
1519 2743 1739 2783 certaminibus]

1056 2785 1243 2826 Conjectura
1268 2786 1383 2825 Sigonii
1413 2785 1570 2817 Gronovio
1600 2785 1740 2827 probata.

1057 2829 1154 2859 Vetus
1189 2829 1345 2870 exemplar
1374 2840 1427 2870 pro
1455 2830 1598 2859 atrocibus
1634 2827 1740 2858 habuit

1055 2873 1162 2901 civ-ibus
1176 2878 1268 2902 utrm.
