1947 3222
522 112 643 150 LIB.
672 109 911 150 XXXVIII.
939 111 1074 151 CAP.
1101 113 1245 151 XLVI.
1528 119 1597 154 381

179 225 301 266 aciem
335 221 505 278 subjecit.
545 227 611 263 utg
640 234 720 260 non
754 219 834 260 tela
868 234 920 261 ex
950 221 1149 272 superiore
1179 222 1262 263 loco
1296 224 1504 274 mitterent,
1537 226 1797 266 sedU.C.565.

180 295 347 334 corpora
381 293 455 321 sna
489 279 597 319 nuda
631 275 847 331 injicerent,
884 278 1046 319 obruere
1077 293 1148 319 nos
1182 285 1427 331 potuer-anth.
1497 281 1606 331 Quid
1619 275 1658 306 A.
1671 274 1709 306 C.
1727 274 1799 303 187.

178 340 304 395 igitur
333 337 501 378 incidit?
562 334 728 390 Magna
748 332 918 386 fortuna
944 336 1081 388 populi
1111 336 1287 377 Romani
1316 347 1386 387 est,
1418 354 1605 395 magnum

183 403 220 438 et
250 395 415 437 terribile
442 406 591 434 nomen.
652 392 820 433 Recenti
853 393 970 433 ruina
999 393 1262 445 Hannibalis,
1298 395 1484 449 Philippi,
1519 397 1605 438 An—

184 453 312 502 tiochi,
333 451 490 505 ⁶¹prope
520 449 690 490 adtoniti
720 456 847 498 erant,
877 455 1000 490 tantoe
1030 464 1228 503 corporum
1257 451 1390 494 moles.
1457 454 1610 495 Fundis

182 510 420 565 sagittisque
447 507 488 547 in
506 505 658 562 jugam
689 507 928 547 consternati
955 515 1065 549 sunt.-
1093 508 1258 564 gladius
1288 509 1328 549 in
1358 511 1443 549 acie
1473 525 1607 564 cruen-

185 575 290 609 tatus
317 580 393 606 non
424 571 480 605 est
504 564 667 606 Gallico
698 564 817 604 bello.-
849 564 992 605 ⁶⁶²velut
1021 566 1152 607 avium
1183 567 1381 616 examina,
1405 568 1460 607 acl
1488 570 1611 621 crepi-

183 633 263 665 tum
297 623 471 678 primum
510 621 720 662 missilium
755 621 977 663 avolavere.
1038 623 1110 674 At,
1144 624 1332 674 Hercule,
1369 639 1439 665 nos
1477 625 1610 674 iidem,

183 681 440 734 (admonente
448 678 638 732 fortuna,
654 679 762 733 quid,
784 680 817 719 si
837 680 986 721 hostem
1009 680 1288 731 habuissemus,
1308 696 1488 723 casurum
1499 682 1610 735 ficis-

181 740 261 793 set)
284 752 399 792 quum
429 739 631 779 redeuntes
652 737 692 777 in
722 737 961 778 latrunculos
987 738 1169 779 Thracas
1197 739 1479 788 incidissemus,
1503 741 1610 791 caesi,

168 794 328 850 fugati,
361 795 470 836 exuti
499 795 772 847 inpedimentis
805 808 948 836 sumus.
1019 795 1073 840 Q.
1097 796 1300 837 Minucius
1336 798 1539 847 Thermus,
1571 798 1611 838 in

183 867 264 908 quo
286 853 396 894 haud
415 853 551 906 paullo
572 852 658 905 plus
681 852 817 893 damni
834 850 994 904 sactum
1016 859 1088 906 est,
1110 867 1228 908 quam
1248 854 1283 894 si
1311 857 1386 897 Cn.
1408 854 1609 905 Manlius,

183 909 293 965 cujus
322 910 544 951 temeritate
575 923 623 949 ea
654 909 788 950 clades
816 910 1023 960 inciderat,
1042 912 1222 964 perisset,
1244 926 1328 952 cum
1351 913 1486 953 multis
1514 913 1612 954 viris

172 967 349 1021 sortibus
390 967 549 1009 cecidit:
597 966 632 991 ⁶³
645 967 850 1017 exercitus,
890 968 1018 1021 spolia
1057 969 1165 1023 regis
1205 969 1385 1010 Antiochi
1423 968 1610 1022 referens‘,

186 1024 386 1078 trifariam
423 1025 653 1077 dissipatus,
689 1024 786 1066 alibi
823 1025 1008 1078 primum,
1044 1026 1142 1066 alibi
1176 1033 1409 1078 postremum
1451 1042 1610 1082 agmen,

184 1083 284 1124 alibi
330 1083 609 1136 inpedimenta,
649 1083 754 1122 inter
792 1096 931 1135 vepres
968 1083 1009 1122 in
1050 1083 1212 1124 latebris
1238 1082 1425 1135 ferarum
1465 1092 1612 1126 noctem

185 1154 305 1181 unam
354 1140 519 1182 delituit.
595 1140 679 1180 Pro
728 1139 790 1179 his
839 1140 1053 1192 triumphus
1100 1141 1279 1193 petitur?
1338 1142 1382 1184 Si
1431 1142 1531 1182 nihil
1573 1143 1614 1182 in

190 1199 236 1239 T
233 1197 372 1239 hracia
402 1197 531 1238 cladis
559 1196 865 1252 ignominia’que
882 1195 997 1250 foret
1020 1204 1236 1251 acceptum,
1260 1198 1310 1238 de
1329 1199 1465 1253 quibus
1496 1200 1613 1241 hosti-

187 1256 259 1296 bus
289 1255 531 1308 triumphum
557 1252 740 1307 peteres?
770 1256 819 1295 cte
837 1255 900 1304 iis,
922 1261 965 1295 ut
989 1256 1141 1308 opinor,
1165 1270 1263 1310 quos
1295 1257 1366 1297 tibi
1395 1256 1528 1298 hostes
1555 1273 1613 1298 se-

186 1319 308 1354 natus
341 1319 411 1354 aut
441 1311 609 1366 populus
638 1311 847 1353 Romanus
881 1312 1067 1353 dedisset.
1133 1313 1198 1355 Sic
1227 1313 1316 1354 huic
1350 1314 1403 1355 L.
1428 1314 1614 1368 Scipioni,

186 1371 244 1412 sic
263 1370 322 1411 illi
340 1371 399 1412 M
402 1371 427 1412 '.
444 1369 576 1411 Acilio
596 1370 645 1410 de
665 1383 761 1423 rege
780 1368 993 1420 Antiocho,
1014 1371 1070 1411 sic
1087 1371 1224 1423 paullo
1245 1377 1339 1412 ante
1364 1373 1414 1413 T.
1435 1373 1617 1420 Quinctio

188 1430 239 1468 de
266 1442 362 1483 rege
384 1427 588 1480 Philippo,
611 1427 670 1467 sic
702 1427 754 1467 P.
774 1425 968 1479 Africano
996 1429 1046 1468 de
1075 1429 1321 1478 Hannibale,
1344 1436 1382 1469 et
1407 1431 1555 1480 Poenis,
1577 1437 1616 1471 et

190 1486 388 1540 Syphace,
417 1485 635 1537 triumphus
664 1484 797 1524 datus.
829 1483 906 1525 ⁶⁴¹et
936 1485 1098 1526 minima
1127 1485 1212 1535 illa,
1239 1501 1356 1540 quum
1375 1484 1468 1541 ⁴jam
1498 1501 1615 1528 sena-

193 1548 257 1582 tus
285 1543 496 1583 censuisset
527 1541 682 1591 bellurn,
706 1542 875 1595 quaesita
906 1548 1037 1583 tamen
1065 1550 1168 1592 sunt,
1190 1545 1328 1597 quibus
1347 1544 1616 1585 nunciandum

191 1606 311 1641 esset.-
342 1600 434 1653 ipsis
453 1599 586 1653 utique
609 1599 769 1653 regibus
791 1599 1068 1647 nunciaretur,·
1101 1615 1155 1641 an
1174 1601 1272 1642 satis
1297 1607 1415 1653 esset,
1437 1603 1493 1642 ad
1509 1616 1616 1654 proe-

192 1657 332 1698 sidium
363 1657 526 1712 aliquod
560 1657 767 1697 nnnciari?
813 1655 985 1697 ⁶⁵Vultis
1020 1672 1116 1712 ergo
1148 1658 1232 1698 hcec
1261 1659 1395 1699 omnia
1423 1659 1547 1712 pollui
1577 1667 1618 1700 et

192 1713 410 1767 confundi?
443 1714 528 1755 tolli
545 1713 716 1767 fecialia
734 1712 865 1768 jura?
892 1714 1018 1755 nullos
1048 1729 1130 1756 esse
1148 1714 1350 1767 feciales?
1378 1716 1465 1767 fiat
1495 1717 1617 1770 (pace

191 1771 333 1812 Deum
370 1771 555 1824 dixerim)
594 1769 767 1825 jactura
804 1771 1033 1827 religionis,-
1083 1772 1230 1815 oblivio
1268 1775 1445 1814 Deorum
1485 1775 1617 1828 capiat

189 1835 350 1882 pectora
383 1836 529 1871 vestra.
592 1829 697 1870 Num
732 1835 911 1869 senatum
945 1844 1098 1884 quoqne
1132 1832 1182 1871 de
1221 1831 1321 1872 bello
1356 1832 1507 1872 consuli
1541 1847 1618 1872 non

190 1886 353 1940 placet?
393 1902 471 1928 non
499 1887 554 1928 ad
584 1886 770 1939 populum
793 1885 914 1938 ferri,
949 1888 1080 1937 velint,
1101 1886 1326 1942 jubeantne
1361 1903 1447 1930 cum
1482 1888 1619 1931 Gallis

533 1962 551 1987 g
564 1965 610 1995 ut,
625 1960 648 1989 si
663 1958 763 1990 Gron.
779 1958 873 1990 Crev-

238 2016 279 2047 61
318 2016 413 2057 Prope
457 2019 575 2048 attoniti
619 2023 714 2048 erant.

194 2070 347 2099 corporum
375 2061 473 2095 moles,
500 2060 614 2102 fundis
642 2061 812 2102 sagittisque
836 2082 846 2091 .
875 2083 884 2091 .

195 2105 373 2134 consternati
400 2103 486 2144 sunt]
532 2103 672 2134 Verbum
707 2105 885 2134 consternati

195 2152 266 2176 sunt
287 2145 414 2177 refertur
438 2146 478 2177 ad
502 2139 624 2183 Gallos,
640 2146 693 2187 qui
712 2146 763 2176 hic
786 2145 884 2187 desig-

195 2194 311 2219 nantur
331 2199 387 2231 per
409 2187 475 2220 haee
498 2189 603 2225 verba,
621 2195 710 2219 tantae
730 2200 884 2228 corporum

196 2232 299 2262 moles.-
322 2242 444 2274 prorsus
467 2231 556 2273 quasi
572 2231 742 2274 scripsisset
757 2231 884 2263 Livius:

198 2274 298 2310 Galli,
322 2280 417 2305 tantae
439 2285 600 2317 corporum
621 2274 730 2310 moles,
752 2281 887 2306 conster-

199 2317 266 2348 nati
286 2323 368 2349 sunt.
412 2318 507 2349 Porro
521 2318 603 2349 male
624 2317 822 2358 distinguitur
836 2317 887 2349 hic

200 2357 286 2391 locus
309 2359 341 2391 in
363 2360 516 2401 vulgatis:
542 2371 629 2400 prope
650 2362 769 2391 attoniti
791 2367 887 2397 erant,

201 2407 293 2433 tantoe
321 2414 476 2444 corporum
506 2404 599 2434 moles.
653 2404 768 2434 Fundis
796 2406 888 2445 sagit-

203 2445 305 2485 tisque.
325 2466 335 2476 .
357 2468 366 2477 .
382 2468 391 2477 .
414 2446 478 2484 Qui
500 2446 584 2477 enim
605 2452 802 2489 opponuntur
824 2452 888 2478 stu-

205 2496 261 2527 por
277 2487 329 2520 ille
351 2499 412 2530 quo
435 2489 528 2521 defixi
551 2494 713 2525 steterunt,
730 2494 761 2520 et
782 2500 890 2531 corpo-

205 2539 271 2559 rum
300 2531 417 2562 moles'!
460 2532 506 2563 At
534 2532 645 2563 mirum
680 2537 727 2563 est
756 2532 890 2574 profecto

206 2571 286 2602 vasti
306 2578 339 2603 et
358 2575 475 2615 proceri
501 2575 636 2617 corporis
659 2574 799 2606 homines
822 2576 892 2606 fun-

207 2613 258 2644 dis
283 2615 461 2658 sagittisque
488 2617 520 2649 in
547 2619 655 2660 fugam
681 2623 894 2650 consternatos

207 2666 286 2687 esse.

250 2699 293 2729 62
319 2699 404 2731 Velut
429 2698 528 2733 civium
555 2704 704 2745 examina]
749 2703 895 2746 Sigonius

207 2750 225 2771 e
247 2741 327 2773 libro
349 2752 404 2774 suo
429 2744 516 2776 affert
537 2748 658 2786 apium.-
680 2746 712 2777 in
735 2747 896 2779 Victorino

209 2783 322 2825 legitur
349 2796 451 2824 upum.
494 2788 686 2821 Utrumlibet
712 2800 822 2832 parum
849 2790 895 2822 in-

207 2831 314 2858 terest.
348 2828 419 2875 'Sed
436 2829 476 2860 ad
497 2842 565 2870 apes
585 2832 743 2874 aptissime
758 2832 895 2864 referun-

210 2874 259 2900 tur
287 2877 317 2902 et
347 2881 413 2913 ipsa
443 2882 501 2903 vox
536 2877 681 2914 examina,
709 2881 741 2907 et
769 2878 898 2916 crepitus

781 2017 884 2048 Tantae

1001 1959 1017 1984 h
1030 1962 1182 2000 potuerint
1198 1961 1287 1992 Eaed.

927 2018 981 2050 ille
995 2029 1057 2060 quo
1072 2019 1230 2060 fugantur.

970 2063 1012 2093 63
1044 2063 1198 2093 Exercitus
1226 2085 1235 2094 .
1268 2084 1276 2093 .
1305 2062 1457 2105 trifarium
1493 2065 1616 2103 dissipa-

928 2110 975 2135 tus
997 2125 1006 2135 .
1030 2126 1038 2135 .
1060 2106 1196 2146 delituit]
1231 2105 1376 2147 Intellige
1403 2117 1516 2138 nomen
1539 2119 1618 2138 eier-

928 2149 1004 2178 cz'tus
1029 2147 1121 2178 inniti
1149 2149 1242 2179 verbo
1269 2150 1400 2186 delituit,
1429 2150 1474 2180 ita
1502 2155 1537 2180 ut
1566 2151 1618 2180 tri-

927 2191 999 2232 plex
1035 2191 1094 2222 hoe
1140 2192 1325 2228 membrum,
1362 2193 1432 2223 alibi
1473 2195 1619 2233 primum,

929 2234 1000 2264 alibi
1034 2241 1210 2274 postremum
1246 2246 1361 2276 agmen,
1392 2236 1464 2266 alibi
1497 2237 1619 2275 impedi-

930 2282 1039 2312 menta,
1066 2275 1315 2309 connectendum
1341 2278 1381 2309 sit
1407 2278 1454 2308 his
1479 2279 1616 2315 vocibus,

932 2320 1085 2360 trifariam
1121 2322 1289 2360 dissipatus,
1322 2326 1471 2362 tanquam
1502 2321 1540 2352 iis
1566 2332 1620 2356 eie-

932 2362 1086 2405 plicandis
1101 2363 1287 2406 appositum.

977 2406 1019 2436 64
1043 2406 1083 2436 Et
1106 2408 1228 2437 minima
1250 2407 1303 2436 illa
1326 2429 1335 2436 .
1352 2429 1360 2436 .
1381 2408 1500 2447 qua‘sita
1525 2414 1621 2437 tamen

931 2449 1016 2490 sunt]
1064 2449 1207 2480 Consulti
1242 2455 1314 2479 sunt
1340 2449 1466 2481 feciales
1492 2449 1531 2480 de
1560 2449 1620 2486 his,

932 2501 1002 2532 quae
1030 2491 1116 2522 haud
1145 2502 1219 2523 sane
1247 2492 1353 2533 magni
1378 2495 1526 2523 momenti
1555 2503 1622 2523 esse

932 2533 1109 2571 videantur,
1132 2545 1256 2577 nempe,
1278 2542 1381 2567 utrum
1405 2535 1528 2575 regibus
1550 2534 1624 2576 ipsis

935 2576 1076 2608 nunciari
1097 2582 1259 2620 oporteret,
1276 2589 1316 2609 an
1339 2583 1399 2609 etc.
1445 2578 1483 2608 Id
1507 2577 1622 2608 factum

935 2620 1118 2652 memoravit
1146 2621 1253 2657 Livius
1281 2632 1376 2662 quum
1405 2620 1437 2650 in
1463 2619 1623 2662 Philippo,

936 2663 959 2694 l.
986 2663 1112 2694 XXXI.
1137 2675 1167 2695 c.
1190 2665 1221 2695 8.
1249 2669 1315 2694 tum
1343 2664 1375 2694 iu
1405 2662 1573 2699 Antiocho,
1601 2664 1623 2695 l.

937 2707 1098 2738 XXXVI.
1113 2717 1139 2737 c.
1154 2708 1188 2738 3.

981 2750 1024 2781 65
1052 2751 1151 2780 Vultis
1163 2749 1246 2790 ergo]
1283 2748 1409 2778 Thuan.
1429 2747 1529 2778 Velitis
1543 2759 1622 2787 ergo,

938 2792 1022 2833 quod
1051 2802 1112 2823 non
1141 2798 1256 2823 temere
1285 2790 1517 2821 fastidiendum.
1572 2791 1622 2821 Sic

939 2834 962 2866 l.
992 2836 1036 2866 V.
1062 2845 1090 2866 c.
1119 2836 1171 2866 53.
1211 2834 1348 2863 Velitisne
1376 2834 1439 2863 illos
1470 2833 1622 2869 Romanos,

940 2888 985 2908 vos
1004 2878 1131 2908 Veientes
1146 2877 1220 2908 esse?
1242 2875 1318 2908 JAC.
1335 2876 1552 2908 Gnoxovms.
