1947 3222
588 114 713 156 LIB.
742 113 939 155 XXXIX.
987 115 1120 154 CAI’.
1150 116 1226 155 XI.
1537 123 1611 164 407

187 231 285 268 sent.
346 226 598 268 Admiratus
621 239 754 281 quum
775 223 917 274 verba,
940 231 1032 264 tum
1062 224 1418 279 perturbationem
1446 235 1606 271 tantam
1622 236 1663 270 U.
1677 239 1799 271 c.566.

182 283 436 335 adolescens,
474 285 653 325 Parcere
686 279 1026 323 exsecrationibus
1053 281 1190 336 jubet.
1234 289 1397 325 matrem
1434 286 1481 326 id
1510 286 1601 335 sihi,
1618 280 1800 332 Aga-186.

179 342 432 382 adsentiente
470 341 627 389 vitrico,
670 339 899 392 imperasse.
968 338 1143 379 Vitricus
1180 352 1288 391 ergo,
1325 340 1477 396 inquit,
1512 350 1603 386 tuus
1614 324 1795 399 ἐίξὲξξῑινᾞ,

180 401 363 452 (matrem
385 399 489 439 enim
510 396 747 438 insimulare
764 394 949 448 forsitan
964 395 1045 450 fas
1065 409 1145 435 non
1166 395 1240 450 sit)
1255 398 1511 449 pudicitiam,
1517 402 1597 455 sa·
1613 409 1726 442 lentem
1741 411 1794 444 de-

177 470 294 504 mam,
315 470 436 510 spem,
459 456 662 508 vitamque
690 460 800 495 tuam
822 454 1031 506 perditum
1060 453 1123 493 ire
1150 452 1222 493 hoc
1235 455 1361 507 sacto
1384 465 1596 509 properat.
1612 458 1712 485 terret.

178 513 245 554 Eo
272 513 403 569 magis
437 511 703 561 mirabundo,
734 510 1026 567 quaerentique
1062 509 1168 566 quid
1202 510 1261 550 rei
1296 519 1417 562 esset,
1454 528 1596 568 pacem

179 570 422 625 veniamque
452 577 622 625 precata
652 568 840 609 Deorum
869 568 1157 623 Dearumque,
1189 566 1220 608 si
1252 576 1394 610 coacta
1424 570 1596 613 caritate

173 627 277 683 ejuS,
299 625 459 667 silenda
478 626 753 676 enunciasset,
775 626 966 666 ancillam
987 640 1040 675 se,
1064 624 1136 674 ait,
1160 625 1333 666 dominae
1352 628 1529 669 comitem
1552 630 1599 670 id

169 684 393 724 sacrarium
416 683 598 733 intrasse,
617 683 785 724 liberam
808 696 1019 737 numquam
1042 697 1087 723 eo
1108 683 1326 724 accessisse.
1379 683 1489 725 Scire
1507 700 1595 726 cor-

168 742 417 793 ruptelarum
448 742 575 782 omnis
599 741 763 795 generis
792 754 877 781 eam
908 739 1106 795 officinam
1128 754 1229 781 esse:
1261 739 1400 794 etjam
1431 741 1595 785 biennio

166 804 352 839 constare
382 799 575 840 neminem
607 799 815 839 initiatum
847 798 907 838 ibi
940 797 1127 852 majorem
1159 798 1282 839 annis
1311 797 1469 852 viginti.
1538 801 1594 843 Ut

168 857 336 910 quisque
356 857 606 897 introductus
624 857 692 906 sit,
715 856 820 896 velut
850 856 1051 897 victimam
1084 856 1196 895 tradi
1214 856 1497 898 sacerdotibus.
1526 873 1592 901 eos

165 914 359 954 deducere
391 913 435 953 in
461 915 601 965 locum,
624 915 695 967 qui
720 914 980 954 circumsonet
1009 912 1243 964 ululatibus,
1265 919 1464 968 cantuque
1491 929 1592 970 sym-

157 970 340 1023 phonice,
363 977 402 1011 et
422 971 687 1027 cymbalorum
708 976 745 1011 et
766 977 1045 1025 tympanorum
1061 971 1196 1024 pulsu,
1220 976 1270 1010 ne
1290 984 1366 1011 voa·
1385 972 1589 1025 quiritan-

167 1029 234 1076 tis,
258 1042 373 1082 quum
397 1030 575 1082 pervim
595 1035 773 1082 stuprum
797 1028 1016 1083 inferatur,
1039 1029 1232 1069 exaudiri
1252 1029 1396 1080 possit.
1459 1031 1590 1072 Orare

165 1085 316 1127 deinde
346 1093 475 1142 atque
505 1086 733 1135 obsecrare,
757 1092 804 1126 ut
826 1100 914 1126 eam
943 1101 1029 1126 rem
1061 1099 1331 1140 quocumque
1361 1085 1587 1130 discuteret

164 1142 313 1183 modo:
347 1157 421 1183 nec
442 1159 483 1183 se
514 1159 562 1183 eo
592 1142 889 1199 praecipitaret,
915 1142 990 1183 ubi
1020 1141 1159 1182 omnia
1188 1141 1360 1182 infanda
1388 1144 1588 1199 patienda

163 1199 363 1255 primum,
397 1199 548 1241 deinde
577 1198 767 1241 facienda
800 1206 947 1240 essent.
992 1214 1127 1255 neque
1159 1206 1256 1240 ante
1284 1198 1442 1242 dimisit
1472 1216 1583 1252 eum,

162 1271 291 1311 quam
321 1256 447 1298 fidem
477 1256 594 1299 dedit
629 1255 881 1307 adolescens,
912 1257 966 1297 ab
998 1256 1063 1297 his
1099 1256 1224 1297 sacris
1255 1270 1296 1297 se
1330 1264 1585 1314 temperatu-

159 1328 266 1354 rum.

221 1371 308 1412 XI.
342 1372 574 1427 Postquam
606 1371 778 1412 domum
809 1370 937 1421 venit,
959 1380 1002 1412 et
1026 1378 1160 1412 mater
1189 1370 1440 1412 mentionem
1470 1371 1744 1423 intu-AEbutiug

158 1427 224 1479 lit,
247 1429 352 1484 quid
373 1444 422 1468 eo
442 1429 525 1478 die,
548 1428 651 1484 quid
674 1428 868 1484 deinceps
889 1428 1049 1478 ceteris,
1072 1443 1170 1484 quae
1191 1427 1244 1468 ad
1266 1443 1381 1469 sacra
1402 1430 1581 1485 pertine-
1593 1435 1756 1476 expellitur

159 1493 268 1536 rent,
300 1485 539 1526 faciendum
574 1493 705 1534 esset3
749 1494 889 1541 negat,
924 1500 1067 1526 eorum
1105 1501 1146 1526 se
1179 1484 1415 1543 quidquam
1445 1483 1735 1529 factu-amane.

160 1557 270 1592 rum,
291 1557 366 1583 nec
386 1541 542 1583 initiari
573 1541 650 1583 sibi
677 1543 720 1583 in
741 1542 879 1583 animo
908 1557 1007 1583 esse.
1068 1542 1231 1583 Aderat
1265 1542 1441 1583 sermoni
1462 1543 1579 1585 vitri-

158 1614 244 1639 cus.
290 1599 507 1640 confestim
538 1599 688 1640 mulier
723 1599 942 1649 exclamat,
974 1600 1172 1652 Hispala>
1205 1599 1412 1640 concubitu
1441 1614 1582 1642 carere

157 1670 244 1696 eum
275 1658 404 1697 decem
433 1663 566 1698 noctes
596 1670 675 1696 non
700 1671 829 1710 posse,
859 1656 970 1697 illius
999 1656 1208 1697 ‘¹8excetrce
1236 1657 1512 1698 delinimentis
1541 1666 1581 1700 et

155 1715 319 1755 venenis
347 1714 548 1764 imbutum,
572 1728 643 1754 nec
665 1715 868 1767 parentis,
892 1729 962 1755 nec
982 1715 1123 1756 vitrici
1129 1721 1156 1765 ⁰,
1180 1728 1251 1754 nec
1271 1715 1451 1755 Deorum
1472 1729 1580 1757 vere-

154 1772 344 1812 cundiam
374 1771 532 1812 habere.
572 1772 793 1827 jurgantes
827 1771 924 1812 hinc
954 1780 1102 1823 mater,
1134 1771 1231 1812 hinc
1257 1771 1451 1822 vitricus,
1482 1788 1578 1814 cum

157 1837 343 1884 quatuor
373 1843 471 1870 eum
501 1827 629 1869 servis
659 1828 784 1870 domo
813 1836 1056 1885 exegerunt.
1118 1827 1376 1870 Adolescens
1405 1829 1503 1870 inde
1523 1830 1578 1871 ad

156 1885 376 1928 AEbutiam
407 1902 449 1927 se
478 1885 648 1926 amitam
679 1885 880 1927 contulit:
929 1901 1200 1942 caussamque
1231 1885 1282 1936 ei,
1313 1901 1389 1927 cur
1417 1895 1523 1929 esset
1553 1903 1579 1929 a

157 1952 288 1984 matre
318 1943 490 1999 ejectus,
521 1944 716 1985 narravit.
748 1942 898 1984 deinde
928 1959 979 1984 ex
1011 1943 1260 1984 auctoritate
1290 1943 1381 1999 ejus
1410 1951 1577 1999 postero

157 2000 226 2040 die
255 2000 310 2040 ad
339 1999 550 2041 consulem
581 2000 863 2050 Postumium,
885 2000 1053 2042 arbitris
1082 1999 1265 2050 remotis,
1289 2005 1377 2041 rem
1409 2000 1573 2043 detulit.

160 2056 319 2098 Consul
339 2065 434 2112 post
461 2056 571 2097 diem
600 2056 771 2098 tertium
793 2057 847 2097 ad
868 2072 909 2098 se
931 2057 1097 2113 jussum
1117 2057 1254 2098 redire
1274 2056 1454 2098 dimisit:
1487 2057 1575 2113 ipse

159 2113 401 2169 Sulpiciam,
437 2127 605 2169 gravem
644 2113 856 2165 feminam,
897 2129 1061 2155 socrum
1102 2129 1234 2163 suam,
1275 2122 1574 2169 percunctatus

153 2178 232 2221 est,
255 2185 415 2224 ecquam
446 2185 564 2212 anum
596 2171 804 2211 AEhutiam
837 2185 885 2211 ex
916 2172 1116 2212 Aventino
1141 2174 1300 2211 nosset?
1332 2184 1465 2226 quum
1487 2186 1573 2212 eam

153 2242 277 2277 nosse,
294 2228 478 2280 probam,
505 2234 543 2268 et
572 2229 737 2282 antiqui
765 2229 887 2269 moris
899 2229 1118 2282 seminam,
1140 2227 1443 2284 respondisset;
1476 2243 1575 2282 opus

154 2300 235 2326 esse
254 2286 334 2326 sibi
353 2300 401 2326 ea
420 2291 614 2326 conventa
636 2285 757 2326 dixit.
788 2286 962 2326 mitteret
984 2287 1168 2326 nuncium
1198 2286 1256 2325 ad
1276 2300 1375 2334 eam,
1399 2292 1443 2325 ut
1462 2287 1573 2326 veni-

154 2349 228 2383 ret.
291 2342 472 2384 AEbutia
504 2342 642 2384 adcita
675 2342 730 2383 ad
762 2342 986 2399 Sulpiciam
1018 2343 1141 2384 venit.
1182 2350 1223 2384 et
1255 2342 1400 2383 consul
1428 2343 1572 2397 paullo

155 2407 264 2454 post,
285 2399 402 2442 velut
429 2400 537 2441 forte
567 2399 871 2450 intervenisset,
894 2414 1123 2441 sermonem
1144 2400 1196 2440 de
1220 2399 1401 2440 AEbutio
1429 2399 1572 2441 fratris

155 2455 246 2511 ejus
274 2456 361 2497 filio
389 2457 530 2498 infert.
591 2455 797 2497 Lacrimae
827 2457 991 2498 mulieri
1021 2457 1195 2507 obortae,
1222 2465 1262 2497 et
1292 2455 1477 2497 miserari
1507 2472 1572 2497 ca-

156 2527 248 2553 sum
270 2513 540 2556 adolescentis
568 2513 710 2570 coepit,
732 2513 807 2569 qui
832 2513 1034 2570 spoliatus
1061 2513 1256 2564 fortunis,
1278 2529 1303 2554 a
1322 2513 1478 2569 quibus
1497 2512 1572 2552 mi-

157 2568 266 2610 nime
292 2579 517 2626 oporteret,
546 2570 662 2627 apud
692 2586 734 2611 se
763 2578 864 2612 tunc
894 2578 1014 2622 esset,
1042 2571 1212 2627 ejectus-
1230 2586 1255 2611 a
1281 2578 1427 2620 matre,
1456 2568 1572 2624 quod

549 2646 566 2664 ⁰
581 2654 633 2674 nec
648 2643 746 2673 vitrici
760 2653 812 2673 nec
824 2644 955 2683 parentis
970 2643 1068 2674 Gron.
1085 2643 1177 2674 CreV.

155 2698 366 2741 impendentia
388 2699 421 2730 in
437 2707 532 2743 caput
552 2712 658 2733 eorum
677 2706 840 2739 verterent,
885 2701 957 2732 Act.
982 2702 1010 2732 I.
1034 2702 1085 2733 Sc.
1111 2703 1140 2733 1.
1167 2701 1261 2733 Adde
1287 2699 1424 2732 Servium
1447 2698 1486 2729 ad
1509 2698 1571 2728 VI.

156 2743 209 2784 qui
225 2742 302 2774 talia
316 2741 494 2775 suasissent.
886 2746 964 2776 AEn.
983 2755 1008 2775 ν.
1023 2746 1098 2776 287.
1135 2745 1197 2775 Hic
1220 2755 1274 2785 per
1296 2741 1514 2773 contumeliam
1535 2750 1572 2771 eo

199 2786 240 2815 48
264 2785 410 2826 Excetrae]
445 2786 587 2827 Hydram
610 2788 771 2819 Lernaeam
791 2799 838 2818 err-
883 2788 1007 2819 nomine
1031 2788 1174 2829 designat
1189 2785 1313 2818 AEbutii
1335 2790 1432 2815 mater
1457 2783 1571 2825 Hispa-

156 2834 268 2858 cetram
293 2828 481 2869 appellatam
505 2828 596 2859 fuisse
619 2832 730 2872 probat
753 2831 842 2861 Mar·
886 2831 961 2862 lam.

161 2871 258 2902 cellus
296 2871 441 2902 Donatus
469 2881 506 2902 ex
532 2872 646 2904 Plauto
674 2873 706 2904 in
735 2874 842 2909 Persa,

951 2930 977 2955 D
1000 2915 1024 2954 d
1051 2918 1075 2953 4
