1947 3222
138 216 178 247 U.
192 216 229 246 C.
245 216 318 246 569.

134 259 174 289 A;
190 260 225 288 C.
242 259 310 289 183.

136 300 285 331 Demetrii

133 343 249 374 reditus
264 343 296 374 in

134 386 283 434 Macedo-

134 438 228 460 niani.

134 854 148 883 Ι
155 859 219 883 nter
233 863 303 883 eum

133 903 164 927 et
177 897 290 926 Persea

135 938 306 969 discordiae.

137 1019 280 1066 Philippo

135 1073 258 1103 quoque
272 1073 319 1092 in-

136 1115 219 1135 visus
235 1105 298 1135 De-

135 1148 271 1179 meti-ius,

270 1207 283 1223 Υ

313 1200 340 1218 ν’

350 111 426 147 448
883 109 1024 149 TITI
1064 108 1243 148 LIVII

411 219 543 260 LIII.
575 220 692 261 Dum
721 218 830 260 eain
860 217 1143 275 Peloponneso
1165 219 1209 273 (a
1229 218 1385 275 quibus
1411 218 1581 261 divertit
1611 218 1765 276 oratio)

353 284 572 331 geruntur,
603 276 763 317 reditus
797 276 838 317 iu
875 276 1165 317 Macedoniam
1207 275 1408 316 Demetrii
1446 275 1764 333 legatorumque

354 333 473 374 aliter
502 332 677 374 aliorum
707 333 915 374 adfecerat
944 332 1116 373 animos.
1148 332 1300 388 vulgus
1334 331 1630 384 Macedonum,
1661 349 1769 390 quos

353 389 449 431 belli
485 390 539 431 ab
572 389 769 431 Romanis
799 389 1036 430 inminentis
1070 397 1206 430 metus
1236 397 1456 439 terruerat,
1488 390 1769 439 Demetrium,

352 456 400 488 ut
422 446 534 502 pacis
559 455 787 496 auctorem,
809 460 904 486 cum
927 445 1085 501 ingenti
1107 445 1248 486 favore
1279 446 1610 502 conspiciebant:
1645 446 1769 488 simul

351 512 393 547 et
423 518 495 559 spe
524 503 639 544 haud
669 503 801 544 dubia
828 517 1003 557 regnum
1035 501 1072 543 ei
1102 510 1195 557 post
1226 510 1401 544 mortem
1431 502 1561 559 patris
1591 503 1770 545 destina-

350 561 463 602 bant.
531 560 648 607 Nam,
685 559 758 600 etsi
787 558 968 599 ⁵rninor⁸
998 565 1134 608 oetate,
1166 573 1284 613 quam
1317 560 1501 610 Perseus,
1531 567 1643 610 esset,
1665 561 1770 601 hunc

350 624 484 658 tamen
495 615 615 670 justa
635 615 1009 671 6matrefamihkest
1038 611 1177 657 ⁷illum
1193 617 1342 669 pellice
1361 623 1485 657 ortum
1507 631 1607 658 esse:
1645 618 1772 666 illum,

350 681 394 715 ut
415 689 463 714 ex
483 675 646 727 vulgato
674 688 840 726 corpore
863 675 1060 727 genitum,
1083 674 1234 714 nullam
1255 674 1354 714 certi
1373 674 1513 727 patris
1542 681 1676 715 notam
1697 675 1772 714 Iza-

350 731 466 779 bere‚·
496 731 600 771 hunc
620 731 816 785 insignem
837 731 1032 784 Philippi
1050 731 1356 771 similitudinem
1372 744 1465 783 prae
1482 745 1524 772 se
1525 732 1660 784 firre.
1707 732 1777 772 Ad

351 789 437 836 hoc,
473 788 676 829 Romanos
710 788 954 829 Demetrium
986 789 1031 828 in
1056 794 1235 841 paterno
1265 789 1367 828 solio
1396 789 1617 834 locaturos,·
1666 790 1774 829 >Per-

351 846 411 885 sei
444 847 596 886 nullam
633 846 745 899 apud
778 860 841 887 eos
871 847 1054 900 gratiam
1089 859 1180 885 esse.
1243 845 1350 886 Haec
1383 844 1513 900 vulgo
1545 844 1772 900 loqueban-

352 910 435 943 tur.
495 902 640 958 itaque
678 911 720 945 et
762 904 914 944 Persea
952 918 1053 944 cura
1097 901 1292 958 angebat,
1333 916 1385 942 ne
1424 916 1574 958 parum
1613 915 1690 958 pro
1731 917 1775 943 se

353 974 439 1000 una
476 967 577 1000 aetas
617 959 788 1010 valeret,
832 975 966 1015 quum
1005 958 1200 1000 omnibus
1239 958 1330 999 aliis
1368 959 1494 1000 rebus
1537 958 1667 999 frater
1702 974 1770 1000 su-

353 1016 491 1072 perior
520 1025 649 1058 esset:
682 1025 723 1059 et
756 1016 980 1073 Philippus
1009 1015 1112 1074 ipse,
1133 1015 1204 1056 vix
1236 1015 1300 1057 sui
1329 1015 1490 1057 arbitrii
1520 1015 1623 1065 fore,
1646 1030 1773 1071 quem

355 1073 564 1114 haeredem
604 1073 722 1129 regni
761 1073 1030 1129 relinqueret,
1063 1072 1249 1123 credens,
1285 1071 1362 1113 sibi
1402 1087 1575 1128 quoque
1613 1071 1776 1128 gravio-

354 1145 442 1170 rem
477 1145 579 1180 esse,
615 1145 743 1185 quam
778 1129 918 1180 vellet,
951 1130 1152 1170 minorem
1184 1129 1319 1170 filium
1352 1129 1557 1170 censebat.
1619 1128 1777 1170 Obfen-

355 1186 536 1228 debatur
573 1186 786 1228 interdum
824 1202 1028 1228 concursu
1072 1185 1354 1226 Macedonum
1394 1185 1449 1226 ad
1489 1201 1601 1236 eum,
1637 1193 1677 1227 et
1718 1185 1776 1226 al-

355 1251 486 1284 teram
511 1244 597 1300 jam
631 1258 673 1284 se
703 1244 800 1284 vivo
829 1243 986 1299 regiam
1016 1258 1103 1284 esse
1132 1242 1443 1297 indignabatur.
1504 1243 1564 1284 Et
1593 1241 1682 1298 ipse
1706 1243 1776 1298 ju-

354 1300 470 1341 venis
490 1299 604 1342 haud
626 1299 754 1341 dubie
774 1300 956 1342 inflatior
986 1299 1180 1349 redierat,
1203 1299 1397 1340 subnisus
1417 1314 1517 1355 erga
1537 1314 1579 1340 se
1603 1299 1778 1355 judiciis

355 1366 538 1407 senatus,
560 1357 846 1413 concessisque
877 1357 968 1407 sibi,
991 1372 1087 1413 quae
1117 1355 1227 1412 patri
1256 1364 1410 1411 negata
1437 1363 1596 1397 essent:
1629 1365 1669 1397 ct
1691 1371 1778 1396 om-

354 1414 418 1455 nis
448 1414 605 1455 mentio
636 1415 939 1464 Romanorum,
961 1422 1161 1469 quantam
1192 1412 1440 1469 dignitatem
1467 1412 1503 1453 ei
1525 1412 1639 1468 apud
1669 1419 1777 1454 cete-

356 1486 422 1512 ros
454 1471 723 1520 Macedonas,
753 1479 910 1513 tantam
941 1470 1155 1520 invidiam,
1176 1485 1259 1510 non
1289 1469 1405 1525 apud
1434 1469 1605 1511 fratrem
1636 1468 1776 1517 modo,

357 1528 428 1568 sed
458 1528 584 1569 etiam
613 1527 728 1583 apud
762 1529 945 1578 Patrem,
974 1527 1245 1568 conciliabat:
1278 1525 1426 1582 utique
1454 1535 1679 1582 postquam
1709 1525 1778 1566 alii

356 1584 483 1641 legati
518 1585 698 1625 Romani
738 1593 957 1635 venerunt,
993 1592 1035 1626 et
1069 1583 1300 1640 cogebatur
1338 1583 1538 1624 decedere
1578 1583 1778 1632 Thracia,

358 1642 635 1697 praesidiaque
665 1641 886 1691 deducere,
907 1650 949 1684 et
979 1641 1074 1691 alia,
1096 1649 1170 1681 aut
1191 1655 1243 1681 ex
1265 1640 1431 1681 decreto
1458 1639 1645 1696 priorum
1665 1639 1776 1693 lega-

359 1707 513 1749 torum,
534 1707 609 1740 aut
629 1714 681 1739 ex
702 1713 809 1739 nova
836 1699 1132 1740 constitutione
1154 1705 1334 1745 senatus,
1356 1697 1503 1738 facere.
1563 1695 1671 1737 ⁸Sed
1690 1711 1777 1736 om-

357 1756 427 1796 nia
446 1770 624 1797 moerens
653 1755 825 1811 quidem
845 1764 887 1797 et
916 1770 1098 1810 gemens,
1123 1753 1192 1806 (eo
1220 1753 1367 1809 magis,
1388 1753 1502 1809 quod
1533 1752 1666 1794 filium
1695 1752 1776 1792 fre-

358 1813 618 1866 quentiorem
648 1827 779 1868 prope
808 1827 903 1853 cum
940 1811 1034 1861 illis,
1065 1825 1193 1866 quam
1227 1825 1380 1859 secum,
1412 1810 1624 1863 cernebat)
1657 1808 1776 1849 ⁹obe-

358 1868 519 1910 dientcr
540 1877 677 1910 tamen
707 1869 907 1909 adversus
929 1869 1140 1909 Romanos
1168 1866 1362 1917 faciebat,
1384 1881 1435 1906 ne
1488 1881 1582 1907 uam
1610 1880 1777 1906 moven-

358 1924 400 1965 di
423 1925 634 1982 extemplo
654 1925 752 1967 belli
774 1940 959 1966 caussam
988 1925 1206 1981 praeberct.
1267 1882 1528 1965 Averteuiios
1547 1922 1670 1964 etiam
1693 1921 1780 1962 ani-

613 2022 631 2040 Χ
647 2021 755 2050 minore
767 2019 866 2051 Gron.
1048 2023 1064 2047 Υ
1082 2018 1305 2061 matrefamilias
1321 2017 1420 2049 Gron.
1435 2016 1527 2048 Crev.

402 2094 421 2123 5
444 2092 552 2121 Elinoi·
571 2090 669 2130 atate]
695 2089 745 2120 Sic
769 2089 936 2130 loquuntur
959 2089 1046 2120 Lati—

361 2135 402 2170 ni,
426 2144 487 2165 non
512 2136 618 2164 minare
641 2140 734 2168 zetam,
756 2132 910 2173 quomodo
933 2132 1048 2162 liabent

361 2177 569 2210 Gronovianae
597 2175 757 2207 editiones.
804 2175 845 2205 Et
870 2185 923 2206 eas
958 2175 1048 2206 refel-

351 2221 427 2251 -lunt
451 2220 643 2251 Oxonicnscs
667 2217 795 2249 Ilearnii
818 2218 910 2250 codd.
926 2223 957 2249 et
979 2228 1048 2249 nos-

361 2270 406 2294 ter
424 2264 505 2294 Vict.
520 2268 551 2293 et
567 2261 702 2292 Andreae
716 2260 821 2292 editio,

403 2309 424 2338 6
457 2304 709 2347 iwani-gfiae1nilias]
755 2302 867 2345 Scripti
907 2309 937 2334 et
975 2309 1048 2334 vett.

360 2350 435 2381 editi
464 2349 691 2390 inutrejl'unn‘lia-.
738 2347 778 2377 Et
804 2350 936 2382 constat,
958 2346 1050 2378 modo

362 2394 430 2428 hoc,
446 2392 537 2423 modo
552 2391 628 2422 illud
641 2389 786 2420 maluisse
802 2394 929 2419 veteres.
956 2390 1048 2421 Gno-

362 2448 497 2467 Mwws.
542 2434 718 2465 Assentitur
734 2432 815 2464 vict.
830 2431 937 2462 codex.

404 2481 421 2510 7
449 2479 538 2509 Illum
560 2479 662 2516 pellice
686 2482 782 2505 ortum
808 2474 876 2514 esse]
911 2475 995 2512 Quin
1018 2480 1048 2505 et

364 2521 549 2553 Plutarchus
573 2520 604 2550 in
635 2519 763 2549 aemilio
786 2517 871 2548 testis
893 2522 939 2548 est
970 2517 1049 2548 lianc

362 2566 400 2595 de
432 2566 543 2596 Perseo
570 2562 662 2593 fuisse
692 2561 878 2602 opinionem,
909 2571 979 2590 cum
1011 2570 1048 2591 nc

361 2609 497 2646 ‚temtum
513 2606 636 2648 quidem
656 2604 798 2644 l'liilippo
814 2613 890 2634 cssc.
907 2604 959 2633 sed
977 2603 1049 2633 sub-

361 2652 457 2681 ditum
483 2651 522 2681 ab
550 2647 685 2688 Philippi
714 2656 826 2676 uxore:
861 2652 1050 2685 matremque

360 2695 427 2725 eius
461 2693 600 2725 nominat
634 2688 867 2722 Gnathaeniam‚
894 2687 1050 2718 §arti-irem

364 2731 551 2778 Argolicam.
574 2735 614 2764 Et
627 2734 758 2764 Perseus
771 2728 853 2772 apud
869 2729 990 2761 Livium
1005 2730 1050 2771 ip-

361 2791 428 2812 sum
447 2781 511 2810 XL.
526 2780 556 2811 9.
572 2777 615 2807 sic.
630 2776 669 2807 de
686 2788 716 2806 sc
733 2775 886 2815 loquitur:
925 2785 967 2802 me
981 2776 1044 2802 sulz-

361 2827 454 2853 ‹lilum
504 2828 530 2852 et
571 2821 672 2859 pellice
713 2820 843 2858 genitum
887 2817 1045 2855 appellunt.

368 2868 409 2896 llx
428 2865 474 2895 liis
489 2863 642 2903 colligitur
660 2863 804 2892 Perseum
822 2872 837 2891 a
859 2859 1001 2900 Philippo
1016 2864 1045 2888 et

1090 2099 1184 2120 uxore
1206 2087 1284 2129 ejus,
1300 2092 1449 2127 tanquam
1471 2085 1642 2127 legitimum
1665 2085 1776 2116 utrius-

1090 2141 1150 2173 que
1172 2130 1280 2165 filium,
1297 2129 1435 2171 agnitum
1458 2135 1489 2160 et
1511 2128 1615 2171 palam
1637 2128 1778 2159 habiturn

1091 2184 1169 2209 esse,
1186 2184 1222 2204 ac
1236 2172 1362 2215 proinde
1386 2183 1441 2214 pro
1464 2171 1600 2213 legitimo
1622 2180 1688 2202 sese
1711 2181 1779 2210 ges-

1092 2218 1184 2248 sisse:
1230 2215 1284 2247 scd
1312 2221 1412 2247 ortum
1440 2215 1506 2256 ejus
1542 2213 1648 2244 multis
1683 2213 1777 2244 fuisse

1091 2265 1278 2302 suspectum,
1323 2257 1476 2299 variisque
1519 2256 1669 2297 jactatum
1712 2265 1779 2286 esse

1093 2302 1293 2335 sermonibus,
1318 2301 1386 2331 aliis
1409 2310 1427 2330 a
1451 2300 1595 2340 Philippo
1616 2309 1689 2329 eum
1712 2309 1779 2329 sus-

1093 2351 1216 2387 ceptum
1239 2354 1304 2375 esse
1319 2353 1356 2374 ex
1375 2343 1485 2385 pellice
1507 2342 1694 2378 dicentibus,
1711 2341 1780 2371 aliis

1093 2389 1185 2431 plane
1228 2387 1386 2418 subditum
1429 2396 1484 2428 per
1526 2384 1676 2419 fraudem,
1722 2394 1780 2415 nec

1091 2431 1257 2472 quicquam
1285 2429 1490 2472 pertinentem
1515 2426 1554 2458 ad
1579 2427 1704 2470 stirpem
1733 2437 1780 2458 re-

1093 2475 1185 2515 giam.

1135 2518 1154 2547 8
1177 2517 1238 2546 Sed
1264 2516 1360 2546 οιηπὶο
1387 2522 1504 2543 ηπιιτοηε
1532 2514 1645 2552 quidem
1673 2519 1700 2542 et
1727 2523 1779 2553 ge-

1092 2560 1184 2600 mens]
1208 2559 1305 2589 Totus
1331 2557 1379 2587 hic
1408 2556 1493 2586 locus
1518 2556 1549 2585 in
1576 2554 1782 2587 Gronovianis

1093 2601 1278 2632 editionibus
1295 2599 1402 2630 misere
1423 2598 1612 2628 deformatus
1629 2603 1693 2629 erat
1710 2607 1780 2639 pra-

1095 2655 1133 2674 va
1157 2642 1411 2685 interpunctione.
1458 2642 1534 2671 Eam
1559 2652 1596 2672 cx
1609 2639 1779 2672 vetustiori-

1094 2687 1151 2717 bus
1165 2685 1407 2717 emendavimus.

1138 2730 1158 2758 9
1198 2730 1367 2758 obedienter
1391 2751 1399 2758 .
1423 2749 1431 2758 .
1453 2729 1588 2759 (alvernis
1621 2725 1778 2765 Romanos]

1094 2771 1299 2802 obedientem
1330 2781 1361 2801 sc
1390 2771 1530 2813 praebens
1569 2770 1778 2800 Romanorum

1092 2824 1233 2856 liupoldi&
