1947 3222
340 98 389 130 22
879 90 1022 128 Tl'rl
1072 87 1249 126 LIVII

132 209 222 241 [κε.
238 209 310 239 552.
343 206 501 255 petens,
523 211 618 237 cum
637 196 843 253 expeditis
864 197 1050 253 quinque
1079 197 1263 238 millibus
1292 196 1498 253 peditum,
1521 204 1562 237 et
1594 204 1751 238 trecen-

132 251 310 283 A.C.200.
347 255 399 296 tis
432 253 643 309 equitibus
677 254 886 310 extemplo
920 254 1146 310 profectus,
1182 269 1306 294 cursu
1345 268 1475 309 prope
1513 252 1751 295 Chalcidem

134 599 231 632 Ducit
238 600 336 632 Athe-

135 654 200 674 nas.

345 310 573 360 contendit,
592 310 922 366 haudquaquam
944 310 1100 351 dubius
1126 309 1305 365 obprimi
1328 310 1538 350 Romanos
1568 324 1698 365 posse.
1729 326 1754 351 a

346 382 431 423 qua
454 366 681 408 destitutus
711 381 797 422 spe,
818 382 893 407 nec
914 366 1146 422 quidquam
1176 366 1305 415 aliud,
1326 381 1453 421 quam
1483 365 1537 406 ad
1569 365 1754 407 deforme

347 423 628 480 spectaculum
658 423 866 464 semirutae
886 438 933 463 ac
963 422 1162 463 fumantis
1187 423 1306 462 sociae
1336 422 1451 463 urbis
1471 437 1603 478 quum
1624 422 1757 464 venis-

347 488 422 530 set,
443 479 586 536 paucis
606 479 692 529 vix,
715 479 788 535 qui
819 479 1037 535 sepelirent
1067 478 1176 519 bello
1198 479 1425 528 absumtos,
1446 479 1614 529 relictis,
1635 494 1757 534 aeque

346 537 499 592 raptim
515 551 561 577 ac
577 544 760 586 venerat,
778 544 1057 590 transgressus
1077 543 1203 591 ponte
1220 535 1445 590 Euripum,
1461 550 1536 591 per
1549 536 1757 577 Boeotiam

349 593 539 634 Athenas
559 593 690 643 ducit,
711 592 746 616 ⁹⁸
758 592 848 648 pari
874 592 1038 647 incepto
1066 591 1181 632 haud
1202 591 1408 647 disparem
1429 600 1623 632 eventum
1643 601 1760 635 ratus

347 665 654 705 responsurum.
687 658 729 690 et
759 648 1050 704 respondisset,
1080 647 1125 688 ni
1153 648 1401 704 speculator,
1434 647 1486 698 (⁹9
1498 648 1760 690 hemerodro-

348 721 436 747 mos
456 714 605 747 vocant
628 705 781 754 Graeci,
795 704 939 760 ingens
960 704 1026 745 die
1047 719 1131 745 uno
1151 719 1276 744 cursu
1297 704 1536 746 enietientes
1557 706 1758 760 spatium)

349 762 652 818 contemplatus
680 762 841 818 regium
873 776 1021 817 agmen
1051 775 1073 800 e
1103 760 1271 816 specula
1289 760 1484 815 quadam,
1506 776 1762 818 praegressus

349 829 468 861 nocte
488 818 625 860 media
645 819 836 860 Athenas
858 818 1123 874 pervenisset.
1178 816 1297 857 Idem
1319 816 1377 857 ibi
1398 832 1579 868 somnus,
1600 818 1763 859 eadem-

349 891 431 931 que
451 875 714 931 neglegentia
734 883 836 925 erat,
859 890 954 930 quae
977 872 1218 915 Chalcidem
1243 873 1331 914 dies
1361 882 1456 914 ante
1484 888 1638 928 paucos
1667 889 1761 930 pro-

350 932 524 973 diderat.
585 931 771 973 Excitati
800 931 952 972 nuncio
982 929 1146 986 trepido
1176 938 1217 970 et
1247 938 1405 985 praetor
1425 930 1762 982 Atheniensium,

350 998 391 1031 et
413 988 652 1044 Dioxippus
681 988 904 1045 praefectus
931 986 1110 1028 cohortis
1137 986 1322 1027 mercede
1349 986 1617 1028 militantium
1647 987 1764 1028 auxi—

351 1046 515 1096 liorum,
537 1045 771 1086 convocatis
800 1045 843 1085 in
871 1044 1010 1085 forum
1040 1042 1258 1093 militibus,
1280 1043 1384 1084 tuba
1404 1043 1567 1099 signum
1589 1059 1641 1084 ex
1670 1059 1763 1085 arce

351 1101 441 1143 dari
462 1102 630 1157 jubent,
652 1111 700 1144 ut
720 1102 860 1143 hostes
879 1100 1020 1141 adesse
1040 1115 1181 1140 omnes
1202 1099 1362 1140 scirent.
1394 1099 1453 1141 ita
1474 1099 1661 1155 undique
1682 1099 1695 1122 ¹
1709 1100 1762 1141 ad

349 1167 506 1215 portas,
528 1158 583 1199 ad
602 1174 743 1199 muros
764 1158 1016 1199 discurrunt.
1081 1156 1238 1198 Paucas
1267 1165 1362 1212 post
1381 1156 1502 1197 horas
1524 1156 1762 1212 Philippus,

351 1215 566 1271 aliquanto
586 1223 725 1257 tamen
749 1223 844 1256 ante
874 1214 1022 1264 lucem,
1045 1213 1384 1269 adpropinquans
1405 1213 1514 1263 urbi,
1536 1227 1632 1253 cons
1665 1213 1765 1254 ectis

350 1272 578 1313 luminibus
607 1272 775 1322 crebris,
797 1279 839 1313 et
859 1271 1029 1312 fremitu
1058 1270 1272 1311 hominum
1304 1269 1603 1325 trepidantium
1626 1228 1694 1320 git
1723 1269 1766 1310 in

351 1329 424 1370 tali
446 1329 654 1383 tumultu)
676 1328 888 1378 exaudito,
911 1327 1107 1369 sustinuit
1135 1326 1273 1382 signa:
1306 1334 1347 1367 et
1372 1326 1582 1367 considere
1603 1341 1649 1367 ac
1671 1341 1766 1367 con-

352 1385 561 1441 quiescere
581 1401 727 1442 agmen
753 1385 893 1441 jussit,
915 1384 956 1424 vi
991 1391 1134 1439 aperta
1162 1383 1377 1439 propalam
1407 1398 1574 1432 usurus,
1597 1382 1766 1438 quando

351 1457 501 1497 parum
523 1442 643 1483 dolus
664 1443 890 1498 profuerat.
949 1440 1044 1481 2Ab
1066 1439 1224 1495 Dipylo
1244 1439 1425 1480 accessit.
1456 1448 1578 1495 porta
1598 1455 1659 1489 ea,
1684 1439 1767 1480 vel-

355 1507 401 1539 ut
432 1498 474 1539 in
493 1513 564 1539 ore
588 1499 703 1539 urbis
732 1499 881 1553 posita,
904 1498 1035 1552 major
1065 1497 1280 1551 aliquanto
1309 1496 1616 1551 patentiorque,
1638 1511 1765 1551 quam

353 1564 514 1605 ceterae,
533 1563 617 1596 est:
650 1563 691 1595 et
720 1555 832 1595 intra
855 1569 944 1594 cam
975 1561 1178 1608 extraque
1208 1552 1303 1593 latae
1333 1561 1430 1593 sunt
1451 1553 1545 1602 viae,
1563 1560 1612 1592 ut
1632 1560 1674 1593 et
1693 1568 1767 1609 op-

353 1611 494 1666 pidani
525 1611 703 1667 dirigere
732 1611 859 1651 aciem
891 1626 914 1651 a
943 1610 1034 1650 foro
1064 1609 1117 1650 ad
1151 1617 1315 1664 portam
1345 1617 1534 1664 possent:
1578 1617 1619 1650 et
1649 1617 1768 1650 extra

355 1667 469 1707 limos
490 1667 600 1708 mille
627 1668 756 1707 ferme
786 1682 946 1722 passus,
967 1665 1009 1706 in
1029 1665 1294 1706 ³Acadeniiae
1323 1665 1585 1720 gymnasium
1616 1665 1767 1715 ferens,

354 1723 484 1778 pediti
517 1723 733 1779 equitique
773 1723 956 1764 hostium
993 1722 1170 1763 liberum
1206 1722 1388 1777 spatium
1423 1722 1640 1776 praeberet.
1701 1722 1768 1762 Eo

355 1780 485 1821 limite
518 1781 794 1821 Athenienses
828 1795 923 1820 cum
960 1778 1096 1820 Attali
1131 1777 1325 1834 praesidio
1357 1786 1397 1818 et
1432 1778 1600 1819 cohorte
1635 1778 1768 1818 Diox-

355 1837 458 1893 ippi,
484 1836 569 1878 acie
598 1836 709 1878 intra
739 1844 900 1892 portani
934 1836 1149 1884 instructa,
1181 1836 1298 1889 signa
1329 1834 1582 1875 extulerunt.
1644 1833 1768 1884 Quod

357 1893 429 1933 ubi
455 1893 674 1949 Philippus
707 1893 824 1942 vidit,
846 1893 998 1933 habere
1030 1907 1070 1932 se
1099 1891 1237 1932 hostes
1266 1891 1308 1931 in
1337 1899 1543 1946 potestate
1574 1899 1705 1940 ratus,
1727 1898 1769 1932 et

357 1949 459 1990 ⁴¹diu
495 1958 639 2005 optata
672 1950 785 1991 caede
818 1949 972 2004 (neque
1007 1948 1114 1989 enim
1149 1948 1224 1988 ulli
1260 1949 1503 1989 Graecarum
1537 1947 1769 1989 civitatium

357 2006 544 2048 infestior
573 2009 680 2061 erat)
703 2006 983 2062 expleturum,
1005 2005 1245 2046 cohortatus
1274 2005 1438 2054 milites,
1465 2011 1520 2052 ut,
1542 2019 1583 2045 se
1612 2007 1771 2045 intuen-

357 2070 427 2112 tes,
444 2071 691 2118 pugnarent,
713 2066 934 2116 scirentque
955 2062 1013 2102 ihi
1042 2063 1175 2116 signa,
1198 2062 1255 2102 ibi
1284 2063 1408 2102 aciem
1429 2075 1508 2102 esse
1529 2061 1680 2110 debere,
1702 2061 1772 2102 ubi

357 2196 441 2217 mum
458 2196 493 2217 ac
516 2186 705 2229 praecipuum
728 2193 774 2218 est
796 2185 936 2218 auxiliari
959 2185 1038 2228 peri-
1083 2195 1153 2227 quae
1176 2191 1301 2216 vocatur
1315 2184 1466 2227 Dipylon.
1489 2185 1563 2217 vid.
1581 2185 1602 2215 l.
1619 2185 1718 2217 VIII.
1741 2195 1770 2217 c.

357 2229 555 2267 clitantibus;
587 2228 766 2265 secundum,
791 2229 815 2259 si
840 2229 966 2271 perditae
994 2239 1040 2260 res
1086 2229 1135 2258 17.
1182 2229 1254 2259 Una
1276 2228 1341 2258 haec
1363 2236 1450 2269 porta
1472 2238 1510 2259 ex
1533 2228 1669 2269 antiquis
1683 2228 1768 2260 urbis

359 2273 429 2306 sint,
446 2272 555 2303 saltem
570 2272 686 2303 ulcisci.
1083 2271 1278 2302 Athenarum
1313 2271 1407 2312 portis
1435 2270 1524 2302 hodie
1558 2270 1679 2313 integra
1701 2282 1769 2302 ma·

401 2316 442 2345 98
469 2315 540 2345 l'arz'
564 2317 674 2354 incepto
695 2316 773 2344 haud
795 2316 936 2354 disparem
957 2325 1040 2344 even-

361 2357 437 2397 tum]
466 2357 603 2389 Athenas
619 2368 656 2388 ex
675 2356 837 2399 improviso
852 2357 1043 2398 oppugnanti

359 2399 428 2435 sibi,
457 2400 714 2440 quemadmodum
749 2400 883 2430 Romani
917 2399 1042 2431 Chalci-

360 2443 430 2473 dem
459 2449 697 2484 oppugnassent.
725 2442 867 2473 eumdem
897 2448 1042 2473 eventum

359 2495 570 2526 responsurum
610 2492 704 2521 ratuS,
737 2496 828 2526 quem
865 2485 1042 2516 habuissent

362 2528 504 2558 Romani.

401 2571 442 2601 99
466 2570 712 2611 Hemeradromos]
747 2570 798 2600 Ab
818 2568 909 2612 ἡμέρα
924 2571 994 2604 (lies.
1010 2575 1041 2600 et

358 2612 449 2656 δρίμω
463 2624 560 2644 curro.

406 2658 416 2685 l
445 2657 491 2687 Ad
510 2662 618 2696 portas.
632 2662 691 2695 post
711 2656 748 2684 ad
772 2655 882 2695 muros]
908 2655 990 2694 Lege
1003 2663 1040 2685 ex

358 2709 419 2729 uno
435 2710 451 2729 e
467 2698 587 2741 scriptis
601 2697 759 2732 Gronovii,
774 2699 812 2727 ad
832 2703 939 2736 portas,
955 2703 981 2726 ec
1001 2699 1038 2726 ud

358 2752 461 2771 muros.

400 2785 419 2814 2
450 2785 492 2813 As,
523 2784 631 2824 Dipylo
660 2783 790 2824 accessit]
829 2782 970 2813 Accessit
998 2782 1037 2812 ad

356 2827 461 2857 urbem
482 2826 521 2856 ab
537 2837 571 2857 ea
599 2832 696 2869 parte,
713 2836 774 2867 qua
794 2825 849 2856 illa
872 2831 958 2867 porta
980 2830 1037 2861 est,

1084 2319 1147 2349 net,
1173 2313 1341 2355 spectabile
1368 2313 1561 2354 antiquitatis
1587 2324 1767 2345 monumen-

1086 2362 1163 2388 tum.

1129 2401 1148 2430 3
1172 2400 1335 2429 Academioe
1356 2400 1558 2440 gymnasium]
1594 2398 1679 2430 Olim
1706 2399 1769 2441 pri-

1086 2442 1149 2473 vati
1175 2441 1306 2472 hominis
1326 2441 1431 2472 hortus
1456 2441 1565 2477 suerat,
1587 2447 1693 2483 postea
1717 2451 1767 2472 ce·

1086 2485 1168 2515 lebre
1190 2483 1395 2526 gymnasium,
1411 2484 1443 2514 in
1455 2495 1516 2525 quo
1532 2485 1622 2515 Plato
1636 2483 1675 2515 de
1697 2483 1765 2525 phi-

1083 2526 1221 2569 losophia
1247 2526 1400 2563 disseruit,
1423 2526 1506 2557 unde
1534 2527 1600 2568 ejus
1625 2526 1767 2568 discipuli

1084 2569 1267 2600 Academici
1291 2569 1376 2600 dicti.
1421 2569 1543 2600 Nomen
1566 2569 1700 2600 ducebat
1726 2570 1765 2601 ab

1085 2612 1257 2647 Academo,
1281 2611 1344 2643 sive
1366 2611 1522 2643 Ecatlemo
1544 2612 1645 2642 heroe.
1689 2612 1766 2644 vid.

1085 2655 1169 2685 Plut.
1197 2654 1228 2684 in
1254 2654 1385 2691 Theseo,
1410 2655 1545 2686 Pausan.
1571 2655 1593 2685 l.
1622 2655 1647 2685 1.
1673 2655 1767 2697 Diog-

1083 2698 1184 2730 Laert.
1200 2698 1230 2728 in
1248 2698 1331 2728 Plat.

1124 2741 1143 2770 4
1168 2740 1231 2770 Diu
1259 2746 1356 2779 optata
1383 2741 1462 2770 coede
1484 2761 1493 2770 .
1511 2763 1519 2770 .
1537 2761 1545 2770 .
1567 2740 1764 2781 expleturum]

1082 2783 1204 2824 Nempe
1231 2793 1274 2817 se,
1300 2793 1386 2813 suam
1413 2782 1501 2814 iram.
1548 2782 1679 2815 Videtur
1704 2783 1766 2814 tale

1081 2825 1157 2866 quid
1171 2825 1329 2856 excidisse.
