1947 3222
482 141 606 178 LIB.
634 138 829 177 XXXVI.
870 138 1003 175 CAP.
1032 140 1192 179 XVIII.
1464 141 1539 181 {253

124 252 419 299 ostendendum,
434 263 488 290 an
502 249 625 290 muris
637 245 808 301 alicujus
820 261 870 287 ur
871 247 931 288 bis
944 246 1198 288 obsidendum
1215 263 1295 291 sese
1308 252 1540 293 meluserit?
1561 261 1735 293 U.C.561.

125 310 206 351 Sed
223 323 348 363 neque
378 307 617 348 Antiochum
638 304 891 345 ⁶⁵tuebuntur
910 305 1123 358 angustiae,
1146 319 1217 345 nec
1238 307 1400 349 AEtolos
1421 311 1544 351 verti-
1558 305 1598 336 A.
1611 304 1650 336 C.
1665 305 1737 335 ¹9¹·

127 381 188 408 ces
219 368 298 416 illz,
321 380 417 419 quos
445 369 645 416 ceperunt.
708 362 819 402 Satzs
841 363 1019 415 undzque
1039 363 1246 415 provisum
1277 370 1419 418 atquess
1434 381 1545 419 φνας-

128 430 285 464 cautum
307 429 376 471 est,
399 436 448 461 ne
468 421 567 474 quid
586 421 778 461 adversus
797 433 864 460 vas
885 419 927 459 in
950 433 1094 473 pugna
1107 427 1265 473 praeter
1287 422 1415 463 hostes
1437 431 1546 465 esset.

129 482 244 522 Illud
256 492 481 534 proponere
500 477 640 517 animo
660 483 787 517 vestro
811 476 975 527 dehetzs,
997 491 1076 516 uon
1106 491 1171 517 vos
1193 491 1275 530 pro
1299 477 1476 519 Graeciae
1495 482 1548 521 li-

131 538 284 579 ber-tate
302 542 458 576 tantum
480 535 688 582 dimicare,
710 537 964 588 (quamquam
984 534 1017 575 is
1038 548 1190 588 quoque
1210 536 1394 590 egregius
1409 537 1551 577 titulus

134 601 245 645 esset,
266 593 479 633 liberatam
502 605 527 632 a
547 592 748 645 Philippo
768 598 878 641 ante,
902 605 1004 631 nunc
1024 591 1074 631 ab
1094 592 1255 632 AEtolz‘s
1275 599 1311 633 et
1332 593 1383 633 ab
1408 593 1552 634 Antio-

137 653 208 693 cho
236 650 427 702 liberare)
449 663 574 703 neque
604 663 652 689 ea
682 655 837 689 tantum
869 650 911 688 in
934 649 1147 701 praemium
1178 656 1347 690 vestrum
1378 665 1551 698 cessura,

135 721 223 763 quoe
241 721 346 747 nunc
367 708 410 747 in
431 707 561 761 regiis
590 707 736 747 castris
764 713 876 748 sunt:
907 707 977 747 sed
997 707 1108 746 illum
1139 721 1291 760 quoque
1310 722 1460 748 omnem
1481 709 1554 748 ad-

125 771 336 820 paratum,
359 765 429 818 qui
450 765 492 804 2‘71
515 765 600 804 dies
621 764 672 803 ab
692 765 854 817 Epheso
885 770 1150 817 exspectatur,
1165 766 1324 817 praedoe
1337 765 1554 819 futurum.-

135 822 278 863 Asiam
310 823 455 862 deiude
486 821 736 876 Syriamque,
758 827 796 861 et
816 821 947 861 omnia
976 835 1097 875 usque
1116 822 1173 860 ad
1192 827 1302 862 ortus
1322 823 1416 863 solis
1437 824 1556 864 ditis-

136 881 238 921 sima
271 893 400 933 regna
437 879 609 931 imperia
643 879 832 919 Romano
869 884 1087 931 aperturos.
1151 879 1260 926 Quid
1290 880 1435 920 deinde
1465 880 1556 921 abe-

136 938 208 985 rit,
231 937 329 990 quin
351 936 402 976 ab
427 935 613 977 Gadibus
633 937 690 976 ad
707 935 740 960 ⁶⁶
749 949 858 975 mare
878 935 1040 975 rubrum
1066 935 1226 976 Oceano
1234 936 1350 988 fines
1369 939 1558 977 termine-

139 1009 240 1044 mus,
263 995 334 1048 qui
353 993 482 1033 orbem
503 999 703 1033 terrarum
724 994 910 1045 amplexu
922 993 1046 1045 finit,
1069 999 1106 1032 et
1127 1006 1240 1033 omne
1259 994 1472 1034 humanum
1488 1009 1558 1048 ge-

139 1066 212 1092 nus
230 1052 438 1092 secundum
460 1052 572 1091 Deos
592 1064 730 1090 nomen
749 1050 973 1090 Romanum
990 1053 1227 1090 veneretur?
1259 1050 1312 1089 In
1333 1051 1419 1090 hoec
1438 1057 1557 1092 tanta

134 1109 310 1162 praemia
331 1109 474 1162 dignos
488 1113 642 1159 parate
661 1108 831 1157 animos,
848 1112 892 1146 ut
912 1108 1091 1147 crastino
1112 1108 1192 1157 die,
1215 1106 1559 1160 benejnvantibus

141 1166 256 1213 Diis,
279 1166 367 1205 acie
387 1166 654 1204 decernamus.

202 1222 383 1262 XVIII.
406 1222 478 1261 Ab
508 1221 585 1261 hac
607 1221 800 1261 concione
821 1220 979 1262 dimissi
1006 1221 1173 1270 milites,
1195 1221 1443 1285 priusquam
1473 1238 1561 1264 cor-
1574 1235 1685 1274 Pugna
1700 1232 1740 1262 ad

143 1295 247 1336 pora
281 1286 490 1327 curarent,
527 1293 642 1318 arma
677 1277 843 1333 telaque
878 1285 1040 1334 parant.
1103 1278 1221 1318 Luce
1256 1293 1405 1334 pruna,
1443 1277 1763 1336 signoThesmopy·

143 1351 300 1392 pugnae
329 1335 560 1391 proposito,
582 1334 622 1374 in
627 1334 751 1376 struit
776 1350 906 1376 aclem
933 1334 1094 1384 consul,
1116 1343 1207 1375 arta
1236 1335 1388 1385 fronte,
1412 1336 1466 1377 ad
1492 1352 1563 1377 na-

146 1401 285 1433 turam
325 1401 367 1433 et
406 1392 621 1448 angustias
656 1391 746 1432 loci.
822 1392 931 1441 Rex,
967 1400 1191 1447 postquam
1227 1391 1345 1448 signa
1378 1393 1563 1434 hostium

146 1448 377 1505 conspexit,
409 1457 450 1490 et
480 1449 567 1504 ipse
598 1448 736 1504 copias
767 1448 928 1489 eduxit.
990 1449 1117 1489 Levis
1147 1459 1371 1490 armaturae
1401 1459 1564 1505 partem

147 1515 243 1547 ante
277 1506 436 1546 vallum
471 1520 513 1545 1n
548 1520 683 1560 primo
718 1505 894 1546 locavit:
937 1513 1027 1545 tum
1061 1504 1386 1546 ὃ7Μο0011ο1111111
1419 1508 1564 1557 robur,

148 1578 287 1618 quos
278 1561 589 1626 Salissophoros
610 1561 891 1626 adpellabant,
909 1561 1026 1602 velut
1047 1562 1355 1603 firmamentum
1377 1563 1484 1604 circa
1503 1564 1567 1620 ip-

151 1635 215 1660 sas
235 1619 486 1659 munitiones
516 1618 745 1659 constituit.
776 1618 840 1658 his
861 1618 914 1659 ab
936 1618 1100 1659 sinistro
1131 1634 1259 1659 cornu
1284 1620 1568 1675 jaculatorum

154 1675 391 1731 sagittar-im
394 1690 550 1730 umque
571 1683 611 1716 et
632 1675 897 1716 funditorum
918 1690 1088 1716 manum
1121 1676 1198 1716 sub
1228 1675 1328 1731 ipsm
1358 1677 1570 1718 radicibus

153 1732 306 1773 montis
336 1733 494 1788 posuit,
525 1740 572 1772 ut
604 1747 656 1772 ex
686 1731 830 1772 altiore
866 1731 956 1772 loco
991 1731 1107 1772 nuda
1136 1732 1266 1773 latera
1295 1733 1479 1775 hostium
1510 1735 1572 1774 in·-

154 1788 494 1830 cessere11t.⁶⁸ab
524 1788 674 1829 dextro
706 1789 1012 1830 Macedonibus
1042 1788 1134 1829 ad
1125 1804 1264 1845 lpsum
1295 1791 1572 1832 munimento-

155 1861 250 1886 rum
280 1846 418 1895 finem,
440 1861 526 1900 qua
546 1845 635 1886 loca
663 1861 799 1901 usque
829 1845 882 1886 ad
912 1861 1024 1886 mare
1051 1845 1164 1886 invia
1192 1846 1371 1902 palustri
1402 1847 1500 1888 limo
1531 1856 1572 1888 et

156 1902 426 1967 voraginlbus
446 1902 665 1952 claudunt,
687 1902 929 1958 elephantos
956 1918 1051 1943 cum
1082 1902 1256 1944 adsueto
1285 1904 1480 1960 praesidio
1500 1920 1574 1960 po-

161 1961 270 2007 suit3
302 1968 397 2015 post
427 1974 510 2022 eoS,
532 1959 719 2015 equites;
752 1969 858 2009 tum,
881 1959 1044 2000 modico
1075 1959 1294 2001 intervallo
1324 1961 1483 2011 relicto,
1512 1977 1575 2002 ce-

160 2024 270 2057 teras
300 2031 438 2072 copias
460 2016 503 2056 in
531 2015 712 2056 secunda
741 2016 838 2057 acie.
901 2016 1168 2066 Macedones,
1190 2032 1267 2072 pro
1297 2018 1407 2058 sallo
1436 2017 1574 2066 locati,

160 2073 297 2129 primo
327 2072 446 2113 facile
478 2073 738 2114 sustinebant
767 2074 993 2123 Romanos,
1016 2081 1223 2114 tentantes
1245 2074 1297 2114 ab
1318 2074 1429 2114 omni
1456 2082 1576 2130 parte

162 2129 326 2171 aditus:
359 2129 541 2170 multum
563 2129 877 2185 adjuvantibus,
900 2129 975 2185 qui
995 2145 1046 2170 ex
1068 2129 1158 2170 loco
1185 2131 1396 2185 superiore
1417 2131 1575 2180 fundis,

161 2186 277 2228 velut
297 2186 502 2235 nimbum,
524 2186 735 2242 ⁶⁹glandes
756 2196 796 2228 et
825 2186 997 2242 sagittas
1025 2185 1148 2227 simul
1178 2202 1223 2227 ac
1248 2187 1428 2242 jacula
1420 2203 1578 2243 ingere-

160 2243 273 2285 bant.
306 2242 471 2293 deinde,
493 2251 542 2284 ut
563 2244 710 2299 major,
731 2259 806 2285 nec
831 2244 918 2300 jam
945 2243 1161 2284 toleranda
1189 2243 1251 2284 vis
1272 2244 1455 2286 hostium
1476 2245 1579 2285 infe-

611 2345 627 2370 g
645 2342 768 2383 atquel.
783 2348 906 2382 anteque
923 2342 1020 2374 Gron.
1035 2343 1129 2374 Crev.

168 2436 208 2458 110
233 2427 346 2464 fecerit,
373 2438 414 2459 an
439 2427 533 2459 muris
557 2426 689 2468 alicujus
715 2428 800 2459 urbis
821 2438 853 2458 se
897 2427 995 2458 donas
1017 2433 1119 2458 autem
1141 2427 1215 2459 istos
1238 2429 1329 2461 Svro-
1332 2429 1519 2460 macedonas
1534 2429 1580 2460 in-

167 2452 346 2502 incluserit}
381 2472 495 2502 Nonne
522 2481 611 2512 aeque
636 2471 774 2501 timorem
805 2481 853 2501 os·
897 2471 1014 2511 afflige,
1028 2476 1166 2512 posteros
1184 2471 1232 2502 vel
1254 2481 1443 2503 successores
1465 2483 1581 2507 eorum,

170 2512 278 2548 tendit,
295 2513 367 2545 dum
381 2514 462 2544 intra
484 2514 587 2545 fauces
610 2514 707 2544 saltus
728 2513 855 2544 retrahit
898 2523 951 2553 qm
963 2513 1020 2544 sub
1038 2513 1230 2549 Alexandro,
1247 2524 1283 2545 ac
1306 2514 1418 2546 deinde
1440 2516 1581 2550 Seleuco,

171 2560 281 2590 castra,
297 2566 334 2587 ac
350 2557 375 2587 si
389 2557 482 2587 muris
501 2557 631 2598 alicujus
653 2556 738 2587 urbis
760 2567 792 2588 se
807 2556 854 2587 in·
898 2556 1116 2586 militaverant.

171 2596 328 2628 clusisset}
941 2600 981 2630 68
1004 2600 1049 2629 Ab
1071 2601 1170 2629 demo
1194 2600 1414 2641 Macedonibus]
1442 2600 1583 2631 Otiosam

216 2639 257 2669 65
281 2640 453 2672 Tuebantur
475 2642 635 2683 angustiae]
663 2641 782 2673 [ltima
794 2652 854 2672 vox
898 2651 964 2673 esse
993 2651 1098 2672 vocem
1131 2642 1338 2673 Macedonibus
1364 2649 1445 2674 recte
1479 2643 1582 2673 obser-

177 2679 283 2712 deest
276 2693 307 2712 m
330 2669 535 2715 Gronovianis
557 2684 754 2721 edstmnibus,
769 2684 853 2715 haud
896 2690 951 2715 vat
975 2684 1162 2716 Gronovius.
1215 2686 1322 2716 Potest
1342 2687 1423 2716 0111111
1447 2685 1582 2726 suppleri

175 2723 268 2754 dubie
280 2735 386 2767 perop
389 2736 507 2757 erarum
522 2737 683 2758 mennam
896 2728 951 2763 his,
977 2728 1058 2769 quod
1094 2727 1127 2758 in
1161 2728 1258 2769 fronte
1296 2729 1411 2770 periodi
1448 2729 1583 2770 positum

218 2767 260 2796 66
282 2737 386 2798 ,ΜανεΡ
403 2769 553 2812 Βιιὺτιιτη]
598 2770 674 2801 Vid.
713 2775 776 2801 not.
814 2769 853 2800 ad
897 2777 955 2801 est.

174 2809 281 2839 XLII.
296 2811 348 2840 52.
939 2814 979 2845 69
1005 2814 1149 2854 Glandes]
1197 2813 1373 2854 Sphaerulas
1409 2813 1581 2855 plumbeaS,

217 2851 256 2881 67
282 2852 473 2884 Macedonum
498 2855 603 2901 1011117]
648 2855 852 2891 Macedonas
898 2866 967 2897 quae
982 2856 1084 2888 fundis
1099 2856 1327 2888 emittebantur.

174 2894 256 2934 quod
279 2895 393 2925 roboris
414 2901 477 2926 erat
497 2907 530 2927 in
553 2897 695 2928 exercitu.
744 2899 853 2928 Mace-

1575 1320 1633 1350 las.
