1947 3222
470 129 505 168 L
519 129 535 168 1
549 129 592 167 Β.
619 127 816 166 XXXIX.
855 129 885 164 C
900 128 936 166 A
951 129 991 166 P.
1020 129 1213 168 XXXIV.
1470 135 1546 176 4⁶29

185 235 427 279 XXXIII.
461 237 672 293 Principio
712 236 968 292 insequentis
1007 236 1102 277 anni
1147 237 1193 277 P.
1232 238 1451 290 Claudius,
1490 238 1540 281 L.
1560 248 1597 279 U.
1615 249 1652 281 C.
1669 249 1744 280 563.

123 293 302 336 Porcius
332 295 533 344 consules,
570 308 701 349 quum
738 294 787 342 Q.
820 293 1028 342 Caecilius,
1067 294 1130 333 M.
1166 295 1350 345 Baebius,
1391 304 1432 338 et
1470 296 1539 337 Ti.
1555 292 1594 322 A.
1610 292 1736 338 0¹⁸4·

127 352 408 407 Sempronius,
431 351 504 407 qui
535 349 588 390 ad
619 349 935 406 disceptandum
969 350 1076 390 inter
1107 350 1351 406 Philippum
1384 361 1424 394 et
1453 354 1542 394 Eu-
1555 334 1752 408 fgffifflm

124 422 284 449 menem
306 423 421 464 reges
454 406 838 462 Thessalorumque
866 407 1056 448 civitates
1077 407 1190 447 missi
1215 417 1347 458 erant,
1372 408 1541 464 legatio·
1556 421 1643 450 Coss.

122 479 215 504 nem
256 464 598 513 renunciassent'¹‚
639 478 787 519 regum
828 479 999 520 quoque
1039 479 1183 504 eorum
1225 463 1551 521 civitatiumque.

124 520 282 577 legatos
303 521 344 561 in
365 529 554 562 senatum
585 519 924 561 introduxerunt.
986 520 1147 561 Eadem
1179 520 1393 576 utrimque
1423 521 1545 562 itera-

123 586 180 627 ta,
201 592 298 633 quae
318 577 431 618 dicta
450 576 565 633 apud
596 577 753 632 legatos
774 578 817 618 in
840 576 1004 618 Graecia
1033 583 1162 618 erant.
1224 577 1366 618 Aliam
1394 576 1545 619 deinde

123 633 370 689 legationem
397 649 547 674 novam
570 635 731 683 Patres,
754 635 876 689 cujus
895 633 1088 690 princeps
1111 635 1194 690 Ap.
1219 633 1424 675 Claudius
1444 634 1542 685 fuit,

121 689 163 730 in
200 690 493 732 Macedoniam
525 699 566 732 et
597 690 639 731 in
675 691 883 732 Graeciam
919 690 1194 732 decreverunt
1224 690 1279 731 ad
1304 691 1542 742 visendum,

118 745 347 788 redditaene
387 747 599 789 civitatesx
619 746 874 788 ”Thessalis
906 756 947 788 et
982 747 1217 789 Perrhaebis
1250 756 1398 788 essent.
1464 749 1543 789 Iis-
1555 752 1760 805 tegatimissi

117 802 213 844 dem
242 804 503 854 mandatum,
527 813 573 845 ut
604 804 657 845 ab
689 805 803 845 AEno
833 813 874 845 et
906 805 1111 846 Maronea
1139 804 1334 860 praesidia
1359 797 1761 847 .deduce-¹¹¹0‘²‘³0¹³¹¹¹·

118 869 278 911 rentur,
299 861 592 917 maritimaque
622 862 757 902 omnis
789 861 984 902 Thraciae
1013 877 1086 902 ora
1107 877 1131 902 a
1157 861 1351 917 Philippo
1381 871 1422 903 et
1446 864 1541 903 Ma-

112 916 341 959 cedonibus
372 918 632 959 liberaretur.
694 918 1029 974 Peloponnesum
1059 934 1230 974 quoque
1268 919 1382 959 adire
1412 920 1538 975 jussi,

119 973 231 1014 unde
252 974 365 1031 prior
394 974 548 1030 legatio
575 975 818 1016 discesserat
847 974 1065 1016 incertiore
1092 984 1204 1017 statu
1236 991 1391 1025 rerum,
1413 991 1540 1031 quam

97 1029 151 1070 ‹si
186 1045 269 1072 non
303 1031 522 1073 venissent.
559 1047 654 1072 nam
692 1046 817 1087 super
851 1040 990 1072 cetera
1021 1031 1146 1073 etiam
1176 1032 1304 1073 2⁸sine
1344 1048 1541 1088 responso

116 1086 290 1138 dimissi,
324 1104 398 1129 nec
433 1088 580 1130 datum
612 1089 855 1144 petentibus
889 1097 978 1129 erat
1014 1089 1271 1143 Achaeorum
1305 1089 1538 1142 concilium.

117 1144 184 1185 De
205 1160 291 1200 qua
320 1160 364 1186 re
394 1153 595 1201 querente
624 1145 810 1200 gra-viter
832 1145 881 1194 Q.
907 1144 1092 1194 Caecilio,
1115 1144 1240 1186 siniul
1272 1145 1539 1187 Lacedaemo-

114 1201 193 1242 niis
223 1202 554 1257 deplorantibUS,
583 1200 735 1242 moenia
765 1201 920 1251 diruta,
950 1200 1178 1243 abductam
1209 1201 1373 1257 plebem
1404 1203 1447 1243 in
1479 1204 1539 1243 A-

113 1257 274 1299 chaiam
295 1267 336 1300 et
357 1258 669 1307 venumdatam‚
692 1258 892 1307 ademtas,
916 1258 1072 1313 quibus
1102 1258 1157 1299 ad
1184 1274 1274 1299 eam
1305 1258 1416 1299 diem
1438 1259 1539 1301 civi-

114 1322 177 1355 tas
207 1314 401 1365 stetisset,
435 1315 625 1371 Lycurgi
656 1315 781 1370 leges,
814 1314 963 1364 Achaei
993 1315 1174 1355 maxime
1204 1315 1366 1356 concilii
1396 1318 1536 1371 negati

111 1371 266 1413 crimen
296 1372 565 1421 excusabant,
588 1371 800 1413 recitando
830 1370 980 1426 legem,
1002 1387 1114 1427 quae,
1137 1372 1214 1413 nisi
1244 1372 1343 1413 belli
1372 1373 1537 1428 pacisve

112 1443 272 1479 caussa,
303 1437 345 1470 et
375 1444 507 1484 quum
544 1428 670 1484 legati
702 1429 755 1469 ab
786 1437 931 1469 senatu
967 1444 1063 1469 cum
1096 1428 1226 1470 literis
1261 1437 1335 1470 aut
1371 1429 1536 1488 scriptis

112 1485 319 1539 mandatis
349 1485 552 1535 venirent,
575 1494 733 1526 vetaret
764 1484 890 1526 indici
921 1485 1154 1526 concilium.
1215 1487 1282 1541 Ea
1310 1501 1361 1526 ne
1391 1494 1538 1542 postea

112 1539 326 1583 excusatio
346 1550 467 1593 esset,
485 1542 667 1583 ostendit
689 1550 868 1590 senatus,
887 1557 999 1582 curae
1019 1542 1068 1583 iis
1089 1558 1175 1583 esse
1196 1542 1361 1593 debere,
1381 1552 1428 1584 ut
1452 1544 1538 1584 Ro-

110 1599 243 1640 manis
273 1598 420 1654 legatis
441 1614 601 1654 semper
629 1598 812 1639 adeundi
843 1598 1062 1654 concilium
1093 1599 1230 1654 gentis
1259 1608 1443 1656 potestas
1464 1601 1533 1641 fie-

109 1664 199 1700 ret:
233 1654 587 1711 quemadmodum
611 1664 652 1696 et
673 1655 768 1705 illis,
785 1655 950 1711 quoties
972 1654 1140 1704 vellent,
1158 1665 1326 1698 senatus
1345 1656 1530 1698 daretur.

168 1712 398 1753 XXXIV.
442 1712 634 1753 Dimissis
673 1712 722 1753 iis
762 1712 1056 1768 legationibus,
1099 1713 1340 1769 Philippus,
1382 1729 1408 1754 a
1446 1714 1531 1755 suis

108 1768 258 1809 certior
288 1769 438 1818 factus,
471 1769 702 1810 cedendum
734 1769 992 1820 civitatibus,
1024 1769 1354 1826 deducendaque
1389 1771 1531 1826 praesi-

107 1824 177 1865 dia
216 1841 316 1875 esse,
357 1826 544 1867 infensus
583 1826 791 1875 omnibus,
833 1825 875 1866 in
917 1825 1151 1867 Maronitas
1171 1828 1295 1867 iram
1335 1828 1526 1869 effundit.

108 1883 351 1933 Onomasto,
382 1883 457 1938 qui
492 1892 671 1939 praeerat
702 1882 923 1924 maritimae
958 1899 1057 1934 orae,
1088 1883 1274 1933 mandat,
1306 1893 1354 1925 ut
1394 1885 1526 1940 partis
1538 1895 1733 1929 Maronitaea

107 1937 292 1980 adversae
322 1939 529 1995 principes
549 1939 812 1981 interficeret.
875 1940 954 1980 Ille
983 1955 1059 1996 per
1082 1941 1364 1993 Casandrum³'
1380 1957 1525 1997 quem-
1537 1939 1681 1989 Philippo

104 1994 217 2045 dam,
238 2011 370 2036 unum
401 2012 452 2037 ex
482 1996 607 2051 regiis
631 1997 720 2052 jam
751 1996 825 2037 diu
855 1996 1114 2038 habitantem
1145 1994 1375 2048 Mamneae,
1403 2007 1523 2040 nocte
1534 1983 1699 2057 ffffifssttss‘

107 2050 344 2093 Thracibus
382 2052 642 2102 intromissis,
679 2052 795 2094 velut
829 2052 872 2092 in
911 2052 1022 2094 bello
1061 2062 1184 2109 capta
1216 2054 1334 2103 urbe,
1367 2055 1521 2095 caedem
1683 2049 1690 2057 ⁰

105 2108 216 2149 fecit.
275 2108 309 2132 ²⁹
319 2109 371 2150 Id
392 2109 506 2165 apud
529 2109 739 2150 Romanos
760 2109 919 2164 legatos
949 2119 1172 2164 querentes
1193 2118 1279 2151 tam
1300 2111 1524 2153 crudeliter

104 2164 304 2206 adversus
333 2167 523 2206 innoxios
555 2166 803 2215 Maronitas,
836 2174 921 2207 tam
953 2167 1130 2222 superbe
1160 2167 1359 2208 adversus
1391 2183 1526 2224 popu-

104 2220 192 2263 lum
222 2223 460 2263 Romanum
491 2223 666 2272 factum,
688 2230 752 2272 ut,
774 2222 931 2278 quibus
959 2223 1194 2265 libertatem
1224 2224 1525 2266 restituendam

145 2319 161 2336 ¹¹
176 2317 248 2346 anni
276 2316 310 2346 Ρ.
328 2317 463 2352 Claudio,
481 2316 517 2346 L.
544 2316 645 2346 Porcio
668 2316 841 2350 consulibus.
860 2316 896 2350 Q.
922 2316 1066 2351 Caecilius,
1092 2317 1136 2346 M.
1161 2319 1295 2353 Boehins,
1319 2324 1345 2348 et
1373 2319 1422 2349 Ti.
1445 2317 1523 2347 Sem-

103 2360 235 2396 pronius,
253 2361 303 2400 qui
317 2382 325 2390 .
345 2382 353 2390 .
369 2382 377 2389 .
392 2361 609 2390 renunciarunt
623 2365 678 2389 etc.
696 2359 795 2389 Gron.
807 2361 902 2389 Crev.
1015 2363 1032 2380 Χ
1048 2360 1169 2391 Rhodiis
1183 2368 1210 2392 et
1229 2361 1327 2391 Thess.
1339 2367 1367 2391 et
1385 2361 1422 2391 P.
1437 2360 1527 2390 Eaed.

107 2404 124 2427 Υ
142 2402 338 2433 Caswrmum
354 2402 446 2433 Crev.

145 2482 185 2511 27
223 2481 339 2513 Rhodiis
373 2490 400 2513 et
440 2483 595 2524 Thessalis]
642 2483 706 2514 Cur
740 2482 791 2513 hie
835 2488 945 2524 cetque
962 2484 1003 2520 Q.
1021 2483 1183 2514 Caecilium
1207 2493 1267 2514 non
1290 2483 1356 2514 sine
1378 2493 1523 2525 responso

105 2523 224 2554 Rhodii
239 2525 442 2561 nominentur,
457 2536 566 2567 parum
581 2525 690 2566 liquet.
724 2526 789 2556 Ne·
835 2526 996 2556 dimissum
1025 2526 1064 2556 ab
1096 2526 1232 2561 Achaeis,
1262 2527 1316 2557 sed
1345 2537 1522 2567 responsum

103 2577 164 2607 que
191 2567 272 2597 enim
294 2568 359 2598 ulla
386 2579 502 2604 eorum,
527 2568 560 2598 in
582 2566 790 2610 querelis'po-
836 2568 875 2598 ab
905 2568 1092 2599 Achaeorum
1123 2569 1354 2610 magistratibus
1385 2569 1523 2609 accipere

104 2609 245 2651 pulorum
269 2609 307 2639 de
330 2610 474 2653 Philippo
496 2611 713 2646 memorandis,
738 2617 791 2642 aut
836 2611 980 2647 noluissey
1007 2611 1202 2651 indignatum
1234 2611 1317 2652 quod
1344 2611 1401 2641 sibi
1427 2620 1522 2651 nega-

103 2662 197 2693 supra
213 2651 293 2694 apud
322 2651 455 2689 Livium,
475 2660 527 2684 aut
542 2655 574 2684 in
597 2654 758 2695 Excerptis
772 2665 788 2684 e
832 2659 895 2683 turn
913 2654 1019 2685 fuisset
1033 2654 1196 2685 concilium
1213 2655 1323 2694 gentis.

105 2695 236 2736 Polybio
251 2692 455 2734 legationibus
468 2702 567 2728 exstat
582 2697 708 2728 mentio.
748 2697 789 2727 Et
875 2698 916 2727 29
942 2697 977 2727 Id
1014 2699 1093 2736 apud
1132 2698 1275 2727 Romanos
1312 2698 1418 2737 legatos
1453 2706 1521 2735 qne-

104 2747 175 2767 vero
202 2738 244 2767 «ταὶ
273 2737 393 2767 Rhodiis
417 2744 443 2767 et
468 2748 529 2769 non
555 2746 733 2782 comparent
757 2740 789 2770 in
832 2740 941 2780 rentes]
988 2739 1137 2770 Notabile
1172 2739 1374 2780 hyperbaton.
1427 2738 1523 2779 Apud

102 2779 209 2810 codice
226 2779 309 2810 Vict.
835 2783 996 2813 Romanos
1022 2782 1140 2822 legatos
1161 2786 1323 2822 querentes
1350 2780 1381 2810 id
1407 2780 1522 2811 factum

145 2823 185 2852 28
230 2823 298 2852 Sine
332 2833 461 2860 responso
503 2825 626 2864 dimissi]
680 2825 792 2856 Fusius
834 2832 898 2856 tarn
912 2825 1095 2857 crudeliter.
1114 2846 1147 2854 ..

102 2875 166 2895 rem
191 2865 315 2906 exponit
343 2865 502 2905 Polybius,
526 2865 635 2905 Legat.
657 2867 707 2897 41.
737 2867 791 2897 do-
