1947 3222
516 114 640 152 LIB.
668 112 754 151 XL.
797 113 876 150 CA
891 111 933 149 Ρ.
963 112 1074 150 XXI.
1424 116 1499 154 473

87 225 268 281 petenda
296 232 427 266 esset:
460 221 719 279 speculatum
750 218 884 276 magis
912 219 1246 276 inquisitumque
1275 220 1387 262 missi
1408 220 1501 262 'nde
1515 228 1695 263 U.C.571.

90 283 154 333 iis,
190 297 371 338 quorum
414 282 590 322 Perseus
629 277 894 319 Demetrium
933 275 1211 318 insimulasset
1251 273 1556 327 sermonum,A·
1569 273 1607 304 C.
1622 272 1694 303 181.

88 354 183 380 cum
217 338 432 387 Romanis,
453 336 634 377 maxime
664 350 761 376 cum
791 335 845 374 T.
869 332 1080 384 QuinctiO,
1102 332 1302 374 adversus
1331 334 1504 376 fratrem

87 395 139 436 de
168 411 297 451 regno
326 394 578 436 habitorum.
640 393 748 442 Hos,
774 399 988 447 tamquam
1021 389 1195 439 medios,
1225 404 1299 430 nec
1331 391 1371 431 in
1404 391 1519 432 alte-'

85 453 174 493 rius
213 453 396 493 favorem
435 449 668 499 inclinatos,
703 449 871 489 miserat
911 462 999 488 rex.
1040 454 1157 488 erant
1197 454 1339 487 autem
1379 455 1420 488 et
1461 447 1505 488 hi

89 509 228 550 Persei
248 507 408 549 fraudis
427 506 470 548 in
490 507 663 548 fratrem
684 505 862 546 ministri
883 513 925 546 et
954 503 1190 560 participes.
1244 503 1502 554 Demetrius,

88 565 122 592 72
134 565 334 614 omnium,
355 572 639 621 praeterquam
660 562 834 603 fraterni
861 561 1039 611 sceleris,
1061 560 1177 617 quod
1206 575 1341 616 nuper
1361 574 1508 614 erupe-

89 633 169 672 rat,
190 622 375 677 ignarus,
396 621 533 678 primo
561 635 698 676 neque
719 633 928 674 magnam,
949 633 1087 673 neque
1116 617 1274 658 nullam
1297 631 1411 672 spem
1438 616 1511 656 ha-

90 679 231 728 bebat,
252 687 413 734 patrem
445 677 523 719 sibi
552 676 707 733 placari
737 691 868 732 posse.
900 674 1038 715 minus
1069 674 1219 715 deinde
1248 674 1290 714 in
1322 672 1410 714 dies
1438 688 1513 729 pa-

91 736 167 777 tris
201 736 339 776 animo
373 735 544 784 fidebat,
570 748 703 789 quum
733 731 913 773 obsideri
950 747 1070 773 aures
1100 747 1125 772 a
1153 732 1283 772 fratre
1313 737 1511 771 cerneret.

94 793 261 848 Itaque,
293 791 625 847 circumspiciens
659 791 772 832 dicta
800 789 997 844 factaque
1028 804 1116 839 sua,
1148 804 1199 829 ne
1229 788 1351 844 cujus
1381 786 1514 843 suspi-

92 849 228 890 ciones
268 857 455 904 augeret,
492 848 671 889 maxime
706 847 760 888 ab
795 845 904 887 omni
946 845 1154 887 mentione
1189 853 1231 887 et
1267 844 1513 900 contagione

94 907 380 947 Romanorum
427 905 689 952 abstinebat3
746 912 795 945 ut
844 918 982 959 neque
1027 902 1061 929 7³
1077 902 1200 944 scribi
1247 901 1324 943 sibi
1371 900 1511 951 vellet,

92 963 194 1018 quia
232 963 310 1003 hoc
351 962 561 1019 praecipue
598 961 818 1003 criminum
858 975 1010 1016 genere
1050 959 1286 1015 exasperari
1326 957 1511 999 animum

93 1019 308 1061 sentiebat.

151 1077 289 1116 XXI.
328 1076 563 1132 Philippus,
595 1075 718 1117 simul
748 1090 800 1116 ne
830 1074 915 1115 otio
945 1073 1062 1114 miles
1091 1073 1274 1114 deterior
1302 1072 1434 1122 fieret,
1461 1071 1512 1112 si-
1524 1077 1659 1126 ¹Philippi

92 1133 183 1174 mul
210 1133 448 1175 avertendae
479 1133 724 1188 suspicionis
754 1146 898 1172 caussa
918 1130 1152 1186 quidquam
1175 1145 1199 1170 a
1227 1145 1268 1171 se
1289 1128 1440 1185 agitari
1460 1128 1511 1169 de
1522 1127 1578 1152 ner
1588 1122 1627 1152 ad
1642 1123 1716 1152 Hae-

96 1191 287 1231 Romano
314 1190 440 1240 bello,
474 1190 624 1231 Stobos
657 1189 837 1229 Paeoniae
867 1187 1052 1228 exercitu
1088 1186 1260 1236 indicto,
1287 1186 1329 1226 in
1361 1185 1513 1226 Maedi-
1524 1175 1608 1240 ἔξω
1624 1175 1709 1196 ‘¹²⁰⁰‘

95 1262 185 1288 cam
206 1247 356 1287 ducere
376 1246 526 1302 pergit.
590 1245 758 1302 Cupido
779 1260 874 1286 eum
900 1252 1066 1300 ceperat
1086 1244 1128 1284 in
1150 1243 1348 1284 verticem
1371 1243 1513 1283 Haemi

96 1303 247 1345 montis
268 1303 562 1353 adscendendi,
584 1304 686 1358 quia
707 1302 889 1358 vulgatae
919 1300 1102 1357 opinioni
1133 1300 1382 1349 crediderat,
1405 1300 1516 1340 Pon-

97 1361 224 1402 ticum
258 1360 381 1401 simul
411 1368 452 1401 et
484 1359 778 1401 Hadriaticum
808 1374 936 1407 mare,
965 1367 1007 1399 et
1039 1358 1235 1399 Histrum
1267 1372 1446 1406 amnem,
1473 1364 1514 1397 et

96 1418 230 1474 Alpes
265 1416 445 1473 conspici
480 1432 625 1472 posse:
665 1417 853 1472 subjecta
885 1414 1016 1456 oculis
1051 1430 1100 1456 ea
1132 1413 1249 1456 haud
1282 1413 1401 1469 parvi
1438 1412 1516 1454 sibi

95 1474 294 1515 momenti
315 1474 462 1515 futura
481 1473 535 1514 ad
565 1474 859 1529 cogitationem
881 1472 1061 1513 Romani
1090 1471 1201 1512 belli.
1263 1472 1516 1511 Percuncta-

99 1540 168 1572 tus
203 1530 382 1587 regionis
416 1530 572 1586 peritos
604 1531 655 1571 de
686 1530 888 1571 adscensu
920 1528 1076 1578 Haemi,
1108 1544 1242 1584 quum
1273 1527 1372 1569 satis
1406 1526 1515 1568 inter

98 1602 239 1628 omnes
269 1596 490 1637 constaret,
513 1587 621 1628 viam
652 1586 855 1629 exercitui
888 1586 1047 1627 nullam
1077 1601 1179 1636 esse,
1200 1584 1345 1641 paucis
1375 1593 1416 1626 et
1445 1599 1516 1624 ex-

99 1644 252 1701 peditis
271 1644 304 1671 ⁷4
320 1644 711 1700 perdifficilljmumz
731 1644 910 1694 aditum,
932 1650 981 1684 ut
1003 1658 1188 1684 sermone
1217 1641 1413 1682 familiari
1441 1641 1518 1681 mi-

100 1717 241 1742 norem
277 1702 411 1742 filium
446 1701 737 1757 permulceret,
759 1716 885 1757 quem
922 1708 1124 1742 statuerat
1161 1713 1243 1740 non
1275 1698 1427 1739 ducere
1457 1713 1518 1738 se-

99 1774 209 1807 cum,
232 1759 415 1814 primum
442 1758 595 1815 quaerit
625 1759 678 1800 ab
709 1774 771 1808 eo,
799 1758 926 1806 Quum
958 1763 1077 1798 tanta
1107 1757 1325 1813 dgfficultas
1355 1755 1519 1796 itineris

94 1822 363 1870 proponatur,
385 1822 515 1856 utrum
540 1817 876 1869 perseverandum
897 1816 952 1856 sit
973 1815 1016 1855 in
1045 1816 1217 1867 incepto,
1238 1828 1293 1853 an
1314 1813 1520 1853 abstinen-

101 1875 221 1913 dum?
253 1874 299 1914 Si
326 1880 476 1927 pergat
511 1880 645 1914 tamen
676 1875 751 1924 ire,
772 1887 849 1913 non
880 1886 994 1922 posse
1023 1872 1204 1913 oblivisci
1229 1886 1270 1912 se
1297 1872 1341 1910 in
1370 1869 1522 1911 talibus

100 1930 215 1971 rebus
235 1929 268 1956 ⁷⁵
279 1931 498 1984 Antigoni:
531 1932 614 1984 qui,
635 1944 741 1972 sceva
772 1936 1006 1983 tempestate
1021 1929 1219 1982 jactatus,
1244 1942 1359 1982 quum
1391 1928 1435 1967 in
1453 1941 1522 1967 ea-

102 1989 186 2028 dem
209 2001 310 2027 nove
325 2002 450 2028 secum
470 2002 558 2028 suos
578 2002 709 2028 omnes
723 1987 940 2036 habuisset,
955 1988 1197 2040 prcecepisse
1211 1986 1351 2026 liberis
1370 1985 1523 2024 dicere-

102 2051 183 2094 tur,
205 2050 247 2083 nt
269 2051 306 2084 et
327 2045 409 2097 ipsi
437 2046 718 2094 =meminissent,
741 2051 779 2085 et
811 2046 871 2084 ita
894 2045 1074 2096 posteris
1097 2045 1332 2097 proderent,
1356 2056 1405 2082 ne
1435 2041 1525 2095 quis

102 2116 188 2141 cum
208 2108 295 2142 tota
311 2108 433 2155 gente
451 2102 568 2143 simul
588 2104 631 2142 in
652 2103 769 2143 rebus
789 2102 922 2142 dubiis
935 2102 1173 2154 periclitari
1193 2101 1371 2140 auderet.
1431 2099 1525 2140 Me-

103 2173 250 2199 morem
272 2173 365 2213 ergo
385 2173 426 2200 se
443 2160 643 2213 praecepti
673 2159 768 2213 ejus,
791 2160 888 2199 duos
916 2159 1031 2198 simul
1045 2159 1167 2211 filios
1199 2171 1277 2197 non
1306 2157 1526 2198 commissu-

602 2240 620 2258 Ζ
630 2247 684 2276 per
697 2236 908 2277 difficillimum
924 2235 1016 2266 Crev.

148 2307 187 2336 71
213 2307 260 2337 De
275 2308 310 2337 iis
332 2317 452 2347 quorum
470 2308 596 2337 Perseus
611 2307 793 2337 Demetrium

107 2350 296 2380 insimulasset
312 2350 490 2390 sermonum]
514 2350 566 2380 De
588 2348 626 2380 iis
644 2350 792 2380 sermoni-

107 2391 175 2425 bus,
193 2403 321 2433 quorum
337 2402 523 2428 sermonum,
540 2398 600 2423 etc.

163 2435 203 2464 72
238 2435 386 2471 Omnium,
427 2442 622 2475 proeterqumn
656 2434 793 2477 fraterni

110 2477 222 2507 sceleris
244 2498 253 2506 .
277 2501 284 2507 .
307 2478 446 2519 ignarus]
476 2479 576 2509 Vetus
599 2478 691 2508 lectio
717 2483 794 2514 erat,

110 2525 186 2549 teste
216 2520 382 2556 Gronovio‚
409 2523 458 2562 (et
485 2520 650 2552 assentitur
677 2519 796 2552 Victor.

112 2561 227 2599 codex)
270 2569 460 2604 proeterquam
491 2564 634 2605 srar‘erno
675 2564 794 2594 scelere:

113 2614 209 2646 quam
224 2604 306 2634 idem
325 2604 383 2636 hoe
405 2606 497 2637 modo
511 2606 655 2649 exponit3
679 2607 795 2638 Deme-

115 2647 206 2677 trium
229 2647 377 2682 omnium,
393 2658 464 2689 quae
485 2649 526 2680 de
540 2660 572 2681 se
589 2655 719 2692 patrem,
735 2649 796 2680 fra-

115 2696 204 2725 trem,
224 2695 320 2721 totam
343 2690 448 2720 aulam
470 2692 586 2732 agitare
606 2697 709 2734 posset
730 2702 796 2723 sus-

114 2732 221 2774 pican',
266 2732 394 2763 inscium
446 2732 549 2770 fuisse,
586 2741 797 2777 >prmterquarn

114 2781 263 2815 quantum
292 2785 329 2805 ex
357 2775 470 2806 scelere
499 2777 639 2809 fraternae
671 2787 796 2809 accusa-

113 2818 204 2849 tionis
216 2818 386 2856 colligeret.

161 2861 225 2892 73⁸
237 2861 345 2902 Scribi]
371 2860 503 2893 Litteras
519 2871 536 2892 a
551 2862 712 2898 Romanis,
729 2862 795 2904 qui·

836 2307 964 2338 buscum
979 2305 1008 2336 ei
1023 2306 1211 2337 consuetudo
1227 2310 1303 2336 erat.
1442 2311 1446 2315 '

880 2350 921 2380 74
944 2351 1008 2380 Per
1035 2348 1243 2390 difficillimum
1271 2348 1402 2389 aditum]
1440 2348 1524 2387 Lege

835 2403 905 2423 cum
928 2392 1096 2427 Gronoviu.
1119 2403 1170 2431 per
1191 2391 1377 2433 difficillima.
1422 2391 1525 2420 'Sen—

837 2444 888 2465 sus
902 2440 959 2471 est,
973 2445 1088 2476 paucos
1103 2441 1134 2465 et
1155 2434 1314 2476 expeditos
1328 2444 1364 2465 eo
1379 2432 1525 2464 accedere

838 2488 939 2520 posse,
955 2477 1009 2508 sed
1024 2487 1078 2519 per
1093 2477 1160 2507 loca
1177 2476 1368 2508 difficillima.

881 2520 1120 2561 75¹³Antigoni]
1155 2519 1349 2561 Antigonum
1375 2518 1418 2549 sic
1444 2515 1526 2547 nude

839 2563 1032 2594 nominatum
1067 2561 1267 2604 intelligimus
1298 2561 1450 2603 inclytum
1487 2557 1524 2588 il-

839 2606 903 2636 lum
933 2605 1106 2636 Alexandri
1133 2605 1244 2637 ducem
1270 2604 1323 2646 qui
1355 2601 1523 2634 maximam

840 2653 952 2690 praeter
973 2652 1089 2679 ceteros
1110 2658 1216 2679 omnes
1240 2646 1409 2690 potentiam
1427 2643 1523 2684 adep-

839 2698 899 2726 tus,
923 2691 955 2722 in
980 2702 1086 2734 pugna
1112 2691 1151 2722 ad
1178 2692 1285 2732 Ipsum
1310 2686 1524 2728 octogenarius

841 2734 972 2772 cecidit;
1006 2734 1094 2775 cujus
1127 2733 1240 2774 posteri
1273 2732 1305 2762 in
1335 2727 1523 2775 Macedonia

841 2784 1027 2818 regnarum3
1055 2786 1147 2817 quem
1175 2775 1224 2805 hic
1252 2773 1378 2816 proinde
1403 2771 1521 2812 Ph111p-

842 2831 899 2862 pus
915 2824 1070 2850 auctorem
1092 2817 1212 2858 generis
1228 2817 1274 2847 sui
1295 2827 1364 2847 cum
1385 2813 1477 2846 laude
1493 2818 1523 2844 et

841 2861 1037 2894 veneratione
1052 2860 1198 2891 nominat.
