1947 3222
468 154 586 190 LIB.
617 150 831 189 XXXVII.
871 150 948 187 CA
964 150 1004 186 P.
1033 150 1126 188 VII.
1448 154 1522 188 283

114 261 273 304 dictum
304 264 385 317 est)
408 261 558 303 deinde
585 260 640 301 ad
670 259 879 301 consulem
911 266 1130 309 venerunt,
1152 258 1421 314 deprecantes
1448 273 1525 317 pro
1540 271 1720 305 [Lassa

115 318 281 360 AEtolis.
344 318 599 360 Clementius
618 331 864 372 responsum
885 316 938 357 ab
966 315 1168 356 Africano
1189 316 1401 357 tulerunt:
1436 316 1582 372 qui‚A·
1596 316 1634 347 C·
1648 316 1720 346 190.

115 375 340 417 2‘¹caussam
361 373 622 430 relinquendi
646 373 818 414 honeste
840 371 1012 414 AEtolici
1032 372 1131 413 belli
1153 387 1358 428 quaerens,
1381 373 1527 413 Asiam

116 441 156 474 et
192 447 331 488 regem
368 431 627 473 Antiochum
665 430 894 486 spectabat,
926 430 1192 485 jusseratque
1233 428 1527 480 Athenienses,

116 505 199 530 non
229 487 427 530 Romanis
459 487 608 537 solum,
630 495 678 529 ut
704 502 849 543 pacem
877 485 988 527 bello
1017 486 1279 542 praeferrent,
1302 485 1374 526 sed
1405 485 1530 526 etiam

119 545 276 587 AEtolis
314 544 576 600 persuadere.
654 544 870 593 Celeriter,
907 543 1150 584 auctoribus
1185 541 1531 591 Atheniensibus,

118 603 314 658 frequens
343 602 396 643 ab
428 602 604 658 Hypata
634 601 787 657 legatio
818 599 1062 642 AEtolorum
1082 599 1220 641 venit:
1253 608 1294 641 et
1326 614 1441 655 spem
1461 611 1535 654 pan

120 659 177 701 cis
196 659 254 700 eis
275 673 408 700 sermo
428 659 554 700 etiam
575 658 783 707 Africani,
805 673 931 714 quem
961 657 1141 713 priorem
1167 656 1375 706 adierunt,
1398 656 1534 705 auxit,

120 715 492 766 commemorantis,
513 717 659 756 multas
675 722 814 769 gentes
834 716 1083 768 populosque
1104 716 1148 754 in
1170 715 1386 766 Hispania
1402 714 1535 765 prius,

120 773 265 813 deinde
286 773 329 812 in
351 773 518 826 Africa,
542 775 720 826 infidem
740 787 851 814 suam
873 774 1034 813 venisse.
1059 773 1102 812 in
1124 772 1301 812 omnihus
1321 786 1362 811 se
1382 769 1539 823 majora

119 830 337 871 clementia»
365 830 720 885 benignitatisque,
752 845 869 884 quam
900 831 1064 870 virtutis
1093 829 1258 875 henim,
1288 833 1540 868 monumenta

122 888 344 941 reliquisse.
426 888 618 929 Perfecta
656 887 881 928 videbatur
920 902 1000 936 res,
1042 901 1174 942 quum
1216 886 1357 926 aditus
1397 883 1541 926 consul

125 943 275 984 2²idem
306 943 413 984 illud
441 959 686 1001 responsum
716 944 876 993 retulit,
907 958 993 999 quo
1023 943 1160 997 fug-ati
1191 943 1243 983 ab
1275 949 1422 982 senatu
1452 941 1542 981 fue-

126 1009 233 1042 rant.
295 1002 361 1041 Eo
397 1008 610 1057 tamquam
646 1016 755 1042 novo
787 1016 920 1056 quum
952 1000 1023 1041 icti
1060 999 1196 1040 AEtoli
1232 1006 1385 1048 essent,
1419 997 1544 1049 (nihil

126 1058 235 1098 enim
256 1074 331 1099 nec
361 1058 565 1113 legatione
597 1058 935 1107 Atheniensium,
957 1072 1032 1097 nec
1062 1056 1228 1112 placido
1260 1055 1451 1095 Africani
1482 1070 1544 1095 re-

127 1130 277 1171 sponso
297 1115 533 1171 profectum
553 1115 773 1169 videbant)
795 1114 949 1155 referre
971 1113 1025 1154 ad
1047 1129 1142 1154 suos
1163 1112 1360 1153 dixerunt
1382 1111 1499 1152 velle.

185 1173 288 1213 VII.
323 1171 525 1212 Reditum
554 1171 652 1213 inde
674 1172 896 1228 Hypatam
918 1178 994 1219 est,
1016 1185 1091 1210 nec
1112 1169 1328 1210 consilium
1351 1168 1545 1224 expedie-

127 1229 265 1270 batur.
298 1243 392 1268 nam
423 1243 574 1284 neque,
602 1227 715 1269 unde
746 1228 859 1268 mille
887 1227 1092 1269 talentum
1123 1227 1310 1276 daretur,
1339 1234 1453 1273 erat3
1487 1233 1543 1275 et,

129 1285 329 1341 permisso
350 1285 479 1326 libero
501 1286 689 1335 arbitrio,
710 1300 762 1326 ne
783 1285 824 1325 in
847 1299 1021 1340 corpora
1051 1299 1126 1325 sua
1156 1283 1389 1332 saeviretur,
1411 1290 1546 1323 metu-

131 1342 270 1383 ebant.
332 1341 487 1382 Redire
517 1343 662 1398 itaque
683 1342 849 1383 eosdem
870 1342 1028 1397 legatos
1049 1341 1102 1382 ad
1124 1340 1334 1381 consulem
1357 1348 1398 1381 et
1430 1339 1547 1379 Afri-

131 1414 281 1440 canum
297 1400 528 1455 jusserunt,
553 1407 594 1440 et
614 1407 771 1455 petere,
793 1406 857 1448 ut,
881 1399 913 1439 si
936 1398 1034 1438 dare
1055 1413 1151 1438 vere
1172 1412 1331 1453 pacem,
1354 1412 1435 1437 non
1458 1404 1548 1437 tan-

133 1464 224 1497 tum
245 1456 477 1505 ostendere,
499 1456 751 1497 frustrantes
782 1470 896 1510 spem
917 1455 1180 1503 miserorum,
1202 1454 1371 1502 vellent,
1394 1461 1467 1493 aut
1495 1468 1547 1493 ex

134 1528 297 1553 summa
316 1513 504 1568 pecuniae
527 1513 757 1561 demerent,
779 1511 893 1552 ‘aaut
914 1511 1223 1566 permissionem
1253 1518 1372 1551 extra
1393 1510 1547 1551 civium

132 1584 306 1624 corpora
330 1569 419 1609 fieri
443 1569 654 1624 juberent.
717 1568 835 1609 Nihil
856 1568 1141 1623 impetratum,
1164 1575 1212 1607 ut
1242 1574 1425 1607 mutaret
1456 1581 1551 1607 con·

135 1626 227 1666 sul:
274 1634 316 1667 et
351 1641 399 1667 ea
433 1641 603 1682 quoque
638 1625 757 1666 irrita
790 1625 944 1680 legatio
979 1624 1148 1665 dimissa
1182 1631 1255 1665 est.
1334 1623 1473 1664 Secuti
1509 1634 1550 1664 et

138 1683 414 1724 Athenienses
436 1691 556 1723 sunt:
590 1689 631 1723 et
651 1682 843 1738 princeps
874 1680 1091 1736 legationis
1113 1695 1255 1721 eorum
1285 1680 1552 1721 Echedemus

135 1739 333 1794 fatigatos
356 1747 416 1780 tot
438 1739 613 1795 repulsis
636 1739 817 1788 AEtolos,
840 1746 881 1779 et
902 1738 1207 1794 complorantes
1227 1736 1366 1778 inutili
1396 1737 1550 1777 lamen-

134 1795 289 1837 tatione
311 1796 523 1837 fortunam
544 1797 696 1852 gentis,
714 1796 767 1837 ad
790 1810 904 1851 spem
924 1795 1160 1841 revocavit3
1195 1802 1340 1835 auctor
1360 1793 1551 1834 inducias

136 1868 207 1893 sex
237 1852 441 1894 mensium
471 1853 657 1909 petendi,
689 1861 738 1894 ut
768 1853 926 1908 legatos
958 1853 1137 1893 Romam
1173 1852 1340 1892 mittere
1370 1858 1550 1907 possent.

137 1911 394 1952 Dilationem
412 1911 520 1950 nihil
534 1912 590 1950 ad
598 1911 822 1964 praesentia
839 1911 962 1960 mala,
980 1911 1129 1963 quippe
1145 1922 1233 1962 qnoe
1248 1909 1391 1948 ultima
1413 1913 1552 1955 essent,

137 1966 396 2020 adjectarum.
429 1968 560 2008 levari
573 1982 652 2020 per
672 1969 812 2008 multos
834 1981 958 2013 casus,
981 1973 1157 2019 tempore
1177 1967 1429 2018 interposita,
1444 1978 1556 2018 prce-

137 2030 265 2065 sentes
294 2026 427 2064 clades
445 2039 578 2077 posse.
638 2027 827 2066 Auctore
854 2023 1097 2064 Echedemo
1123 2023 1248 2064 iidem
1278 2023 1407 2072 missi,
1435 2022 1555 2077 prius

141 2082 190 2121 P.
227 2081 418 2137 Scipione
457 2090 675 2131 convento,
717 2097 792 2138 per
841 2096 937 2122 eum
977 2080 1167 2121 inducias
1207 2079 1407 2135 temporis
1448 2078 1553 2134 ejus,
1570 2083 1720 2133 ⁸Inducias

141 2138 259 2193 quod
294 2139 508 2194 petebant,
545 2154 569 2179 a
603 2138 771 2180 consule
805 2138 1158 2194 impetraverunt:
1194 2143 1251 2187 et,
1283 2135 1420 2177 soluta
1448 2134 1557 2176 obsi-
1569 2131 1744 2168 impetrant.

142 2194 264 2236 dione
285 2195 540 2251 Amphissae,
565 2196 639 2235 Μ’.
663 2195 841 2245 Acilius,
864 2194 1020 2236 tradito
1049 2193 1209 2235 consuli
1239 2192 1441 2242 exercitu,
1462 2207 1558 2248 pro-

142 2252 278 2292 vincia
307 2252 505 2293 decessit:
539 2260 579 2293 et
600 2252 744 2293 consul
773 2253 827 2293 ab
859 2251 1087 2307 Amphissa
1109 2250 1368 2291 Thessaliam
1389 2249 1556 2305 repetit,

144 2316 193 2348 ut
213 2324 288 2364 per
309 2308 601 2351 Macedoniam
625 2310 935 2364 Thraciamque
956 2308 1127 2349 duceret
1147 2308 1191 2348 in
1212 2307 1374 2347 Asiam.
1442 2306 1557 2345 Tum
1572 2312 1642 2359 Cos.
1656 2309 1743 2357 <lucit

149 2365 374 2406 Africanus
403 2366 538 2416 fratri,
570 2367 669 2414 Iter,
702 2367 810 2419 quod
839 2367 1007 2415 insistis,
1039 2366 1093 2405 L.
1125 2365 1276 2418 Scipio,
1309 2378 1378 2418 ego
1408 2354 1738 2417 quoque¹¹¹A⁵¹a¹¹¹·

149 2422 348 2474 adprobo:
378 2425 448 2464 sed
467 2429 590 2463 totum
618 2425 663 2464 id
682 2424 855 2464 vertitur
884 2425 927 2463 z'n
958 2423 1163 2464 voluntate
1190 2422 1396 2474 Philippi.
1462 2419 1559 2470 Qui,

194 2558 233 2587 21
252 2559 375 2590 Causam
390 2561 573 2602 relinquendi
590 2562 700 2592 honeste
716 2562 835 2592 AEtolici
879 2561 1001 2591 Rursus
1023 2560 1121 2596 dedit,
1145 2558 1277 2590 iteravit.
1323 2559 1373 2590 Sic
1395 2558 1417 2588 l.
1437 2556 1562 2588 XXIV.

153 2601 235 2647 belli]
293 2602 448 2633 Nimirum
496 2605 593 2646 probe
642 2603 836 2644 intelligebat
879 2614 907 2634 c.
934 2605 986 2634 45.
1016 2603 1127 2633 Novam
1152 2602 1262 2644 referre
1283 2603 1473 2641 proditionem.
1495 2610 1563 2639 pro-

156 2642 331 2680 Africanus,
353 2645 451 2686 inquit
464 2647 614 2689 Polybius
635 2647 667 2677 in
690 2647 837 2689 Excerpt.
880 2648 949 2677 ditis
962 2647 1040 2677 olim.
1074 2645 1149 2677 Vid.
1166 2651 1197 2676 et
1212 2645 1279 2677 Cic.
1294 2655 1349 2686 pro
1365 2645 1450 2675 Caec.
1465 2653 1498 2673 n.
1512 2642 1564 2672 84.

158 2686 236 2726 Leg.
266 2687 314 2717 17.
343 2697 403 2718 non
432 2688 463 2718 in
492 2700 528 2720 eo
556 2689 632 2720 belli
661 2689 777 2720 exitum
807 2695 838 2720 et
881 2694 912 2720 et
927 2690 1026 2720 n.85.
1217 2714 1221 2716 Α

156 2728 293 2758 omnium
325 2740 393 2769 quae
426 2731 607 2762 moliebatur
639 2742 705 2763 esse
734 2733 837 2768 situm,
923 2733 1063 2762 23⁴'Anl
1087 2730 1313 2771 permissionem]
1346 2729 1412 2759 Aut
1433 2726 1567 2757 sinerent

158 2776 193 2800 ut
220 2771 394 2802 AEtolorum
417 2778 540 2813 gentem
563 2776 619 2805 sub
638 2774 750 2816 jugum
772 2776 838 2806 Ro-
884 2775 1018 2810 AEtoloS,
1035 2775 1107 2805 dum
1132 2774 1314 2816 permittunt
1326 2782 1358 2801 se
1381 2770 1476 2801 libero
1499 2769 1564 2800 Ro-

159 2813 243 2860 mani
268 2814 433 2848 mitterent,
459 2816 512 2846 sed
540 2817 571 2846 in
600 2828 636 2847 eo
663 2818 775 2859 potius,
806 2823 840 2849 ut
882 2828 1043 2848 manorum
1088 2816 1223 2852 arbitrio,
1268 2814 1408 2855 eXCiPefe
1453 2812 1566 2844 CiVium

158 2861 238 2886 victo
254 2856 406 2888 Antiocho
422 2857 529 2889 Asiam
544 2859 724 2891 obtinerent.

884 2871 1021 2902 corpora.

200 2900 241 2929 22
277 2898 355 2929 Idem
398 2900 474 2930 illud
517 2912 678 2941 responsam
720 2903 839 2942 retulit]
