1947 3222
423 194 546 230 LIB.
576 190 791 229 XXXVII.
833 190 963 227 CAP.
993 192 1183 228 XXXIV.
1454 199 1529 238 307

112 305 331 346 convenire
355 303 494 360 jubet,
519 317 570 343 ne
601 300 880 342 violarentur:
914 308 954 342 et
976 300 1018 340 in
1038 301 1247 351 omnibus,
1269 317 1365 357 qua>
1395 304 1582 360 ipsiusv.
1597 317 1634 350 C.
1648 317 1721 350 562.

114 360 333 417 potestatis
362 361 547 408 fuerunt,
575 358 678 399 fides
707 357 894 399 constitit
923 356 1126 413 praetoris.
1188 358 1363 410 Urbem,
1389 360 1630 416 agros-NC-
1651 362 1721 393 190.

114 434 213 473 que,
244 425 286 460 et
316 433 410 459 suas
439 417 550 471 leges
584 415 634 456 iis
668 414 875 456 restituit:
913 422 970 465 et,
1001 414 1101 470 quia
1124 414 1213 470 jam
1243 414 1374 457 hiems
1404 417 1529 473 adpe-

115 475 244 525 tebat,
268 475 457 515 Phocaeae
477 481 626 528 portus
646 472 700 513 ad
720 471 1026 512 hibernandum
1048 471 1167 512 classi
1188 471 1356 528 delegit.

172 531 413 578 XXXIII.
452 531 533 570 Per
568 529 677 570 idem
720 529 806 569 fere
849 537 1015 585 tempus
1056 528 1229 579 consuli,
1273 537 1528 585 transgresso

113 588 336 629 AEniorum
366 586 761 642 Maronitarumque
793 585 909 636 fines,
931 586 1169 636 nunciatur,
1190 585 1344 627 victam
1372 587 1528 642 regiam

113 645 283 686 classem
318 643 372 685 ad
408 645 707 698 Myonnesum,
741 642 1013 698 relictamque
1047 657 1072 683 a
1105 642 1300 698 praesidio
1337 643 1530 699 Lysima-

112 701 246 743 chiam
279 716 376 742 esse.
437 700 533 741 ⁹⁷1d
567 700 716 750 multo,
752 715 879 755 quam
913 699 964 740 de
999 699 1137 741 navali
1172 699 1359 751 victoria,
1391 700 1528 743 laetius

111 758 216 799 fuit:
250 758 399 814 utique
418 766 641 814 postquam
663 772 711 797 eo
731 764 950 807 venerunt,
967 757 1204 812 refertaque
1220 757 1321 798 urbs
1341 757 1528 799 omnium

111 830 251 856 rerum
279 815 593 863 commeatibus,
615 813 731 855 velut
761 813 803 854 in
824 813 1052 855 adventum
1083 814 1290 855 exercitus
1319 829 1530 871 praepara-

111 872 179 922 tis,
202 887 270 913 eos
298 872 487 928 excepit;
522 871 595 912 ubi
621 871 803 926 inopiam
832 870 1023 912 ultimam
1055 870 1324 926 laboremque
1351 871 1394 912 in
1420 872 1529 913 obsi-

111 928 248 970 denda
268 929 373 970 urbe
401 929 477 969 sibi
505 936 820 985 proposuerant.
883 927 951 968 Ibi
981 943 1136 984 paucos
1166 927 1253 969 dies
1284 928 1437 969 stativa
1456 929 1529 970 ha-

113 986 254 1035 buere,
276 994 324 1027 ut
354 986 639 1041 inpedimenta
667 985 855 1040 aegrique
885 992 1253 1039 consequerentur,
1276 985 1349 1039 qui
1374 985 1526 1040 passim

110 1057 184 1098 per
214 1043 353 1083 omnia
388 1042 584 1083 Thraciae
615 1042 796 1091 castella,
829 1041 923 1082 fessi
956 1040 1152 1082 ⁹⁸morbis
1186 1056 1233 1081 ac
1265 1041 1528 1096 longitudine

110 1099 203 1149 viae,
234 1099 367 1140 relicti
397 1108 525 1140 erant.
588 1099 785 1154 Receptis
820 1098 1028 1147 omnibus,
1059 1097 1232 1153 ingressi
1267 1113 1414 1139 rursus
1448 1098 1528 1140 iter

111 1171 185 1212 per
217 1156 535 1206 Chersonesum,
563 1155 886 1211 Hellespontum
916 1153 1177 1210 perveniunt.
1213 1154 1303 1204 ubi,
1334 1155 1528 1197 omnibus
1540 1167 1723 1210 Hellespon-

110 1227 211 1253 cura
245 1213 354 1268 regis
389 1212 592 1254 Eumenis
619 1212 672 1253 ad
707 1211 999 1267 trajiciendum
1031 1212 1293 1267 praeparatis,
1328 1211 1444 1253 velut
1484 1212 1525 1253 in
1538 1215 1603 1258 ,²an
1616 1216 1676 1241 tra-

110 1277 258 1325 pacata
292 1269 430 1321 litora,
463 1269 580 1310 nullo
611 1268 875 1325 prohibente,
911 1268 1001 1309 aliis
1036 1268 1117 1309 alio
1149 1268 1297 1309 delatis
1331 1259 1612 1321 navibus,·¹¹c¹t·

110 1326 196 1367 sine
217 1326 406 1368 tumultu
427 1327 638 1382 trajecere.
699 1326 766 1366 Ea
785 1341 884 1366 vero
904 1340 969 1366 res
991 1325 1192 1366 Romanis
1213 1325 1332 1367 auxit
1352 1325 1525 1377 animos,

110 1398 350 1425 concessum
381 1383 460 1425 sibi
492 1384 667 1424 transire
697 1383 962 1424 cernentibus
992 1382 1037 1423 in
1067 1382 1240 1430 Asiam3
1280 1398 1408 1438 quam
1438 1399 1527 1425 rem

109 1441 251 1496 magni
281 1440 517 1482 certaminis
546 1440 735 1481 futuram
766 1439 1040 1480 crediderant.
1105 1438 1265 1480 Stativa
1297 1439 1446 1480 deinde
1471 1441 1526 1482 ad

110 1497 435 1553 Hellespontum
456 1496 718 1552 aliquamdiu
738 1496 993 1546 habuerunt,
1015 1495 1116 1551 quia
1135 1495 1262 1536 9⁹dies
1286 1496 1409 1546 forte,
1432 1498 1527 1552 qui-

107 1555 188 1595 bus
208 1554 357 1595 ancilia
375 1562 612 1604 moventur,
633 1553 816 1607 religiosi
838 1553 892 1593 ad
911 1552 991 1594 iter
1015 1552 1258 1593 inciderant.
1290 1552 1416 1594 iidem
1437 1553 1525 1595 dies

110 1612 158 1652 P.
188 1610 422 1666 Scipionem
458 1610 651 1666 propiore
686 1606 810 1651 etiam
850 1609 1063 1665 religione,
1100 1609 1203 1664 quia
1226 1609 1379 1665 (Salius
1419 1619 1523 1661 erat,

108 1668 399 1723 disjunxerant
428 1668 481 1709 ab
511 1667 723 1709 exercitu:
758 1681 987 1722 caussaque
1008 1674 1050 1707 et
1079 1664 1114 1706 is
1143 1666 1232 1722 ipse
1261 1681 1389 1707 morae
1419 1676 1523 1719 erat,

107 1725 210 1766 dum
232 1732 566 1780 consequeretur.

166 1781 392 1822 XXXIV.
425 1782 508 1822 Per
528 1796 597 1822 eos
616 1780 725 1822 forte
755 1779 843 1822 dies
871 1780 1034 1835 legatus
1064 1780 1117 1821 ab
1138 1780 1352 1822 Antiocho
1373 1780 1415 1821 in
1437 1796 1521 1822 cas-
1533 1794 1669 1835 Legatus

106 1848 173 1881 tra
201 1846 372 1879 venerat
404 1838 637 1894 Byzantius
670 1837 931 1886 Heraclides,
966 1837 1019 1878 de
1050 1852 1151 1893 pace
1186 1837 1378 1878 adferens
1405 1853 1519 1879 man·
1530 1837 1679 1868 Antiochi

106 1895 230 1937 data:
274 1910 402 1952 quam
433 1894 739 1952 impetrabilem
773 1895 878 1945 fore,
913 1909 1108 1950 magnam
1141 1893 1180 1934 ei
1215 1909 1330 1950 spem
1365 1880 1568 1936 adtulitde
1583 1890 1669 1923 pace.

105 1966 222 1993 mora
250 1961 293 1994 et
322 1953 534 1994 cunctatio
566 1952 879 1999 Romanormn3
922 1966 1043 2007 quos,
1075 1949 1199 1992 simul
1234 1951 1382 1993 Asiam
1414 1951 1521 1993 adti-

105 2010 277 2065 gissent,
313 2009 444 2050 effuso
484 2008 648 2064 agmine
688 2009 743 2050 ad
781 2016 916 2049 castra
953 2008 1070 2063 regia
1107 2007 1241 2049 ituros
1273 2007 1517 2050 crediderat.

107 2066 267 2107 Statuit
296 2074 436 2107 tamen
464 2081 548 2107 non
577 2065 695 2122 prius
724 2064 841 2106 adire
872 2065 1098 2115 consulem,
1132 2079 1259 2119 quam
1295 2065 1338 2105 P.
1364 2064 1520 2121 Scipio-

103 2137 222 2163 nem:
255 2130 296 2164 et
318 2122 378 2163 ita
401 2122 645 2164 mandatum
675 2123 728 2164 ab
758 2137 856 2177 rege
883 2129 984 2162 erat.
1016 2121 1058 2162 in
1079 2136 1127 2162 eo
1148 2120 1373 2162 maximam
1403 2137 1519 2178 spem

103 2179 300 2229 habebat,
322 2178 625 2236 ¹praeterquam
655 2179 771 2235 quod
792 2187 832 2220 et
862 2177 1111 2234 magnitudo
1131 2178 1257 2218 animi
1279 2186 1320 2219 et
1351 2177 1519 2220 satietas

103 2236 248 2292 gloriae
281 2236 527 2292 placabilem
562 2252 657 2278 eum
697 2235 876 2277 maxime
910 2235 1116 2282 faciebat;
1162 2243 1396 2291 notumque
1427 2243 1517 2277 erat

104 2294 316 2347 gentibus,
338 2293 413 2349 qui
443 2294 577 2335 victor
606 2293 675 2334 ille
704 2293 747 2333 in
768 2292 988 2348 Hispania,
1010 2291 1085 2347 qui
1115 2290 1264 2334 deinde
1293 2292 1337 2333 in
1367 2292 1624 2334 AfricaFilius
1637 2303 1722 2334 Afri-

104 2349 274 2392 fuisset:
307 2351 433 2392 etiam
453 2350 571 2406 quod
586 2349 696 2391 filius
716 2350 807 2406 ejus
827 2357 975 2405 captus
993 2347 1037 2388 in
1056 2356 1263 2405 potestate
1283 2349 1393 2404 regis
1413 2358 1513 2391 erat.
1527 2347 1596 2377 cani
1609 2346 1707 2388 capti-

107 2405 152 2446 Is
180 2406 268 2457 ubi,
299 2415 340 2448 et
371 2407 556 2462 quando,
587 2415 629 2448 et
658 2422 745 2462 quo
774 2421 872 2448 casu
901 2413 1050 2461 captus
1080 2404 1147 2456 sit,
1179 2405 1285 2447 sicut
1315 2389 1726 2464 pleraquefflfftffifflm·

151 2512 193 2543 97
215 2512 254 2543 Id
273 2515 365 2544 multo
385 2526 472 2555 quam
493 2516 530 2545 de
550 2514 650 2544 navali
667 2514 789 2544 victoria
832 2513 899 2554 tur]
926 2512 1016 2548 Dies,
1029 2511 1142 2552 quibus
1154 2511 1229 2542 Salii
1245 2510 1370 2543 Ancilia
1385 2512 1519 2544 ferentes

110 2554 208 2584 loetius
224 2555 311 2597 fuit]
355 2557 486 2600 Supplet
514 2557 674 2599 Dujafius,
702 2567 789 2597 quam
832 2566 887 2597 per
901 2555 1008 2586 urbem
1029 2559 1105 2585 eunt
1127 2564 1198 2585 cum
1220 2554 1362 2595 tripudiis
1383 2555 1516 2586 solenni-

110 2597 242 2627 nuncius
263 2599 298 2628 de
318 2601 418 2630 navali
438 2602 571 2630 victoria.
615 2600 677 2630 Sed
699 2599 788 2641 ellip-
832 2609 892 2640 que
921 2600 1047 2628 saltatu.
1098 2597 1149 2628 De
1179 2597 1271 2628 Saliis
1296 2603 1327 2628 et
1354 2598 1519 2628 Ancilibus

109 2639 151 2669 sis
173 2639 306 2680 profecto
321 2648 367 2672 est
387 2642 501 2679 durior,
516 2652 610 2684 quam
623 2649 658 2674 ut
672 2652 710 2673 ea
723 2651 788 2673 cre·
833 2641 896 2672 vid.
918 2641 939 2671 l.
962 2641 992 2672 I.
1014 2650 1042 2671 e.
1060 2640 1113 2670 20.
1143 2639 1214 2670 Dies
1229 2662 1238 2671 .
1255 2661 1265 2672 0
1283 2662 1291 2671 .
1306 2662 1314 2670 .
1330 2641 1458 2682 religiosi
1479 2641 1518 2670 ad

112 2681 222 2712 damus
245 2682 292 2713 uti
312 2683 444 2716 voluisse
466 2686 602 2716 Livium.
647 2684 791 2727 Suspica-
835 2687 892 2715 iter
917 2689 990 2714 sunt
1015 2682 1091 2717 dies,
1118 2683 1230 2723 quibus
1257 2693 1313 2725 per
1340 2682 1519 2723 religionem

114 2734 182 2754 mur
193 2724 243 2755 hic
257 2724 374 2766 aliquid
386 2737 452 2758 esse
466 2728 610 2770 corrupti.
836 2738 897 2758 non
912 2726 985 2757 licet
999 2725 1056 2756 iter
1071 2724 1181 2756 faeere.
1347 2746 1350 2750 .

154 2768 196 2797 98
219 2767 346 2808 Morbis]
376 2769 460 2800 vict.
482 2770 590 2805 codex,
605 2776 640 2803 ut
661 2776 693 2802 et
706 2770 792 2801 Thu·
882 2769 1143 2809 1²¹*Proeterquam
1165 2769 1240 2808 quod
1259 2790 1268 2798 .
1289 2790 1296 2797 .
1320 2769 1407 2797 etiam
1427 2767 1517 2808 quod]

111 2820 228 2844 anaeus,
257 2811 367 2840 morbo:
404 2810 498 2852 idque
528 2813 695 2854 genuinum
724 2823 790 2845 esse
835 2813 913 2843 Haec
928 2812 1036 2843 eodem
1051 2811 1145 2853 plane
1164 2809 1315 2844 recidunt,
1333 2819 1369 2839 ac
1385 2808 1409 2839 si
1424 2809 1519 2851 scrip-

109 2851 191 2882 Livii
222 2853 294 2883 Jac.
323 2853 499 2885 Gronovius
528 2856 670 2887 affirmat.
723 2857 792 2888 Nos
834 2855 922 2886 sisset
946 2853 1064 2890 Livius,
1091 2860 1154 2884 tum
1176 2855 1245 2893 quia
1267 2873 1276 2882 .
1300 2873 1308 2882 .
1327 2874 1334 2881 .
1358 2858 1421 2882 tum
1443 2862 1518 2891 prce-

109 2894 194 2924 haud
208 2894 240 2925 in
254 2905 367 2936 magno
381 2896 522 2937 ponimus
537 2897 723 2929 discrimine.
834 2899 932 2928 sertim
945 2899 1015 2937 qnia
1035 2919 1042 2926 .
1058 2918 1066 2926 .
1082 2918 1090 2926 .

150 2938 192 2968 99
216 2937 285 2968 Dies
312 2961 318 2968 .
342 2961 348 2968 .
373 2962 379 2969 .
402 2941 505 2978 quibus
533 2941 649 2971 Ant-ilia
678 2952 789 2971 moven-

901 2996 927 3021 x
949 2983 976 3020 2
