1947 3222
469 145 534 183 LI
553 145 593 182 B.
622 143 837 182 XXXVII.
877 145 907 179 C
922 144 950 181 A
966 144 1007 180 P.
1038 144 1105 181 IV.
1429 151 1499 185 281

93 252 144 292 L.
169 252 410 308 Apustium,
435 255 481 295 C.
505 253 746 294 Fabricium
769 252 1016 303 Luscinum,
1038 252 1112 308 qui
1134 267 1184 293 ex
1206 268 1278 294 ora
1298 254 1557 297 maritimaU.
1574 265 1611 297 C.
1623 264 1698 297 562.

92 309 281 364 undique
311 325 434 351 naves
465 309 736 351 Brundisium
766 310 1080 351 contraherzent
1114 318 1170 359 et,
1200 310 1392 352 omnibus
1416 308 1564 380 jamA·
1574 308 1611 339 C·
1626 309 1696 339 190.

91 367 262 421 paratis,
280 367 504 422 paludatus
524 366 578 407 ab
599 366 702 407 urbe
723 376 784 407 est
805 366 1029 429 profectus.
1082 366 1153 407 Ad
1169 366 1356 430 quinque
1378 352 1704 435 11111113Ρῗξξέἑζεωοδ

92 423 420 464 voluntaiiorum
449 439 501 463 ex
523 423 723 464 Romanis
754 438 971 479 socnsque,
993 422 1066 479 qui
1097 423 1269 464 emerita
1299 423 1577 479 stipendiatur.

93 480 170 520 sub
191 480 436 536 imperatore
459 481 506 520 P.
531 479 732 520 Africano
760 480 984 530 habebant,
1006 488 1160 535 plaesto
1188 479 1306 520 fuere
1337 481 1507 521 exeunti

92 536 264 586 consuli,
285 544 326 577 et
350 536 518 577 nomina
547 536 765 577 dederunt.
830 536 910 577 Per
940 552 1007 577 eos
1029 537 1131 587 dies,
1154 537 1310 592 quibus
1330 545 1390 577 est
1413 552 1508 592 pro-

93 593 227 634 fectus
256 593 309 633 ad
343 593 500 634 bellurn
533 593 691 643 consul,
721 592 754 616 ¹3
767 594 878 634 ludis
908 593 1243 649 Apollinaribus,
1271 602 1367 634 ante
1398 593 1528 634 diem·

93 649 287 704 quintum
325 649 430 690 Idus
465 650 710 701 Quinctiles,
743 650 848 691 coelo
883 666 1026 691 sereno
1065 650 1248 692 interdiu
1288 650 1510 691 obscurata

93 705 167 746 lux
188 713 263 756 est,
286 722 419 761 quum
450 706 551 748 luna
580 708 658 748 sub
679 708 821 749 orbem
847 707 943 748 solis
965 708 1155 748 subisset.
1216 708 1276 747 Et
1298 707 1350 747 L.
1374 706 1509 747 AEmi-
1520 716 1599 748 Solis
1613 717 1690 748 deli-

89 762 171 802 lius
194 762 400 819 Regillus,
423 764 489 805 cui
511 764 668 805 navalis
689 779 793 820 prox
796 779 903 805 mela
925 772 1133 815 eve11er,at
1155 764 1300 805 eodem
1322 771 1508 820 tempore
1520 760 1638 801 quium.

89 797 303 874 profectus
330 829 403 862 est.
466 821 516 861 L
540 821 832 862 Aurunculeio
861 822 1076 877 negotium
1108 821 1161 862 ab
1193 829 1337 862 senatu
1360 820 1508 884 datum

90 883 166 924 est,
189 884 238 917 ut
259 878 434 933 triginta
454 877 789 934 quinqueremes,
811 856 960 933 viginti
988 878 1175 919 triremes
1195 878 1374 925 faceret3
1408 877 1509 933 quia

88 932 201 973 fama
221 942 324 984 erat,
315 912 600 976 ἒ31311111001111111
622 946 717 990 post
737 934 934 990 proelium
954 935 1100 975 navale
1121 935 1319 990 majorem
1336 910 1506 975 classem

88 989 304 1045 aliquanto
330 1007 374 1032 re
408 1007 534 1032 arare.
594 991 786 1056 1‘¹1Etoli,
809 1000 1033 1047 postquam
1064 991 1189 1046 legati
1211 991 1264 1031 ab
1287 991 1426 1038 Roma
1446 1006 1508 1031 1e-
1519 1000 1696 1032 AEtolorum

92 1046 294 1098 tulerunt,
315 1007 472 1089 1111113111
494 1063 608 1113 spem
638 1049 752 1104 pacis
772 1063 873 1098 esse,
897 1063 1154 1103 quamquam
1174 1047 1308 1088 omnis
1329 1063 1401 1087 ora
1422 1063 1508 1088 mar-
1518 1049 1657 1075 conatus.

90 1103 230 1144 ritima
261 1120 418 1155 eorum,
441 1120 538 1161 quae
572 1106 616 1146 in
638 1105 973 1160 Peloponnesum
1003 1120 1123 1145 νο153
1152 1113 1228 1154 est,
1251 1103 1508 1160 depopulata

89 1161 142 1201 ab
163 1161 332 1202 Achaeis
353 1170 455 1211 erat,
478 1161 510 1185 ¹⁵
523 1161 696 1225 periculi
716 1177 862 1217 magis,
885 1176 1014 1216 quam
1042 1161 1198 1211 damni,
1220 1176 1436 1211 memores,
1458 1170 1507 1203 ut

91 1217 291 1258 Romanis
310 1193 634 1260 intercluderent
655 1218 747 1268 iter,
767 1220 965 1259 Coracem
982 1226 1165 1259 montem
1180 1227 1506 1274 occupaverunt.

91 1289 226 1337 neque
261 1275 370 1315 enim
406 1275 673 1325 dubitabant,
707 1275 761 1316 ad
799 1275 1155 1330 obpugnationem
1192 1275 1402 1339 Naupacti
1439 1291 1507 1338 eos

90 1331 293 1395 princlpio
309 1332 417 1372 veris
437 1332 645 1374 redituros
666 1348 766 1374 esse.
827 1332 979 1382 Acilio,
995 1347 1069 1387 qul
1090 1331 1134 1372 id
1156 1331 1387 1387 exspectari
1409 1331 1508 1372 scie-

91 1388 178 1438 bat,
201 1388 329 1429 satius
349 1389 486 1430 visum
507 1398 583 1440 est,
605 1390 862 1445 inopinatam
883 1388 1056 1444 adgredi
1082 1403 1183 1439 rem,
1205 1397 1246 1430 et
1269 1388 1301 1412 ¹⁶
1315 1388 1503 1430 Lamiam
1518 1396 1628 1426 Lamia
1643 1396 1697 1427 ob-

90 1445 346 1501 obpugnare.
408 1447 517 1486 Nam
548 1457 589 1487 et
619 1462 644 1486 a
674 1446 872 1510 Philippo
901 1445 934 1471 ¹⁷
950 1461 1081 1508 prope
1110 1445 1165 1485 ad
1194 1445 1405 1486 excidium
1435 1445 1654 1513 ad-pxugssnata
1669 1439 1709 1469 ab

92 1501 241 1542 ductos
266 1518 376 1550 esse3
410 1510 451 1544 et
480 1511 580 1543 tunc
607 1518 655 1543 eo
682 1503 787 1558 ipso,
810 1502 926 1557 quod
955 1501 1059 1542 nihil
1093 1502 1173 1542 tale
1203 1502 1412 1551 timerent,
1434 1502 1506 1543 ob-
1549 1492 1565 1513 ⁰
1591 1492 1619 1512 ¹⁰

91 1558 214 1613 primi
244 1559 432 1599 incautos
461 1574 591 1615 posse.
653 1559 874 1599 Profectus
894 1559 947 1599 ab
969 1558 1111 1599 Elatia
1144 1558 1327 1614 primum
1348 1557 1390 1599 in
1411 1558 1505 1600 hos-

92 1614 197 1655 tium
220 1623 329 1656 terra
349 1616 457 1656 circa
475 1615 720 1672 Spei-chium
742 1630 903 1656 amnem
924 1615 1065 1671 posuit
1086 1623 1243 1656 casua:
1267 1615 1363 1656 inde
1383 1623 1504 1657 nocte

90 1671 212 1712 motis
234 1672 374 1727 signis,
395 1673 531 1729 prima
551 1673 642 1713 luce
663 1675 814 1713 corona
833 1672 987 1712 moenia
1006 1679 1068 1713 est
1089 1659 1321 1727 adgressus.

136 1781 174 1811 13
210 1781 304 1811 Ludis
339 1781 565 1821 Apollinaribus,
603 1794 631 1813 a.
668 1783 698 1812 d.
741 1782 774 1812 V.

92 1822 165 1853 Idus
200 1823 345 1857 Quintiles
447 1825 597 1855 obscurata
633 1825 684 1855 lux
718 1826 774 1866 est]

818 1791 886 1812 rum
905 1781 1052 1813 celebrari
1075 1792 1104 1813 a.
1125 1781 1156 1812 d.
1181 1781 1248 1812 111.
1272 1782 1391 1818 Nonas,
1415 1782 1504 1814 finie-

819 1825 931 1855 bantur
945 1835 973 1856 a.
988 1825 1019 1855 d.
1044 1825 1104 1855 IV.
1125 1823 1212 1854 Idus.
1255 1825 1369 1865 Itaque
1389 1826 1415 1856 is
1438 1826 1504 1857 dies

93 1865 174 1896 Vide
197 1877 288 1908 super
312 1866 370 1897 1130
395 1877 427 1898 re
448 1867 609 1909 epistolam
633 1868 776 1898 Ismaelis

92 1908 254 1946 Bullialdi,
270 1919 339 1951 quae
362 1909 504 1950 subjecta
525 1916 572 1941 est
594 1911 633 1941 ad
657 1911 775 1942 calcem

92 1951 172 1982 tertii
206 1952 281 1983 tomi
309 1952 432 1983 Liviani
467 1953 500 1983 in
534 1953 668 1984 editione
704 1954 774 1985 Jac-

93 1994 252 2027 Gronovii.
294 1996 411 2026 Probat
439 1995 639 2037 peritissimus
666 1996 774 2027 Astro-

91 2047 202 2068 nomus
222 2038 303 2069 hanc
324 2038 476 2080 eclipsim,
493 2038 532 2069 de
554 2049 617 2080 qua
638 2039 688 2070 hic
712 2039 776 2079 agit

93 2081 211 2117 Livius,
228 2092 289 2112 non
317 2081 451 2122 potuisse
478 2081 613 2112 incidere
634 2081 667 2112 in
690 2092 718 2112 a.
743 2082 774 2112 d.

92 2123 235 2164 quintum
270 2124 346 2155 Idus
372 2124 528 2161 Quintiles
562 2124 634 2155 anni
662 2125 775 2156 veteris

93 2166 241 2202 Romani,
264 2177 360 2208 quum
386 2177 423 2197 ex
448 2167 702 2203 Astronomorum
727 2173 774 2198 ta-

91 2208 172 2239 bulis
206 2210 353 2241 referatur
388 2209 427 2240 ad
464 2209 547 2240 diem
585 2211 633 2240 14.
667 2210 776 2241 Martii

94 2252 166 2282 anni
201 2253 338 2284 Juliani:
376 2257 527 2294 putatque
560 2263 690 2284 errorem
727 2253 776 2284 vel

95 2294 185 2331 Livii,
200 2296 249 2326 vel
272 2296 339 2338 ejus
360 2305 451 2344 quem
474 2296 634 2337 exscripsit
655 2295 773 2332 Livius,

94 2342 199 2367 natum
222 2348 287 2368 esse
311 2350 348 2370 ex
370 2338 527 2369 vicinitate
551 2338 675 2369 alterius
697 2338 774 2369 deli-

94 2379 158 2419 quii
186 2380 416 2422 solasis‚e11jus
444 2381 559 2412 mentio
582 2381 616 2411 fit
637 2382 727 2417 infra,
753 2381 775 2411 Ι.

95 2421 290 2454 XXXVIII.
316 2435 344 2455 0.
371 2425 424 2455 36.
457 2424 539 2465 quod
568 2435 674 2455 revera
699 2423 776 2455 inci-

96 2463 169 2494 dere
190 2466 287 2506 potuit
305 2467 336 2498 in
354 2467 444 2498 ludos
464 2466 673 2509 Apollinares,
690 2472 721 2497 et
742 2467 775 2497 in

95 2517 124 2537 a.
148 2507 178 2538 d.
201 2517 251 2548 qu·
244 2514 340 2540 mtum
370 2510 444 2541 Idus
472 2510 639 2558 Quintiles.
683 2510 774 2541 Cete-

96 2560 164 2579 rum
187 2555 218 2580 et
239 2551 301 2582 alia
320 2552 430 2583 diversi
452 2553 571 2594 generis
592 2553 640 2584 hie
663 2552 776 2594 reperi-

95 2598 144 2622 tur
160 2592 333 2630 difficultas,
349 2596 431 2635 quod
453 2606 564 2638 nempe
580 2595 632 2636 qui
648 2595 712 2626 ludi
729 2595 776 2625 di-

95 2640 204 2665 cuntur
227 2635 276 2666 hic
299 2637 441 2668 incidisse
465 2639 498 2668 in
525 2649 553 2669 a.
578 2638 607 2668 d.
633 2639 673 2668 V.
697 2638 774 2669 Idus

97 2677 262 2714 Quintiles,
279 2689 330 2709 eos
352 2680 456 2711 Livius
477 2692 570 2723 supra
591 2681 612 2711 l.
628 2682 721 2712 XXX
727 2682 774 2712 11.

95 2730 122 2750 0.
146 2721 198 2751 23.
221 2721 346 2752 tradidit
373 2722 438 2753 fieri
464 2724 568 2754 solitos
592 2734 621 2754 a.
651 2724 684 2754 d.
708 2724 774 2754 111.

95 2763 204 2794 Νο1135
219 2763 383 2801 Quintiles.
413 2765 474 2796 Sed
488 2765 512 2796 si
526 2766 593 2796 ludi
608 2766 773 2808 Apollina-

93 2814 140 2836 res
154 2812 252 2836 totum
274 2807 432 2854 octiduum
454 2813 589 2844 tenuere,
602 2815 638 2839 ut
652 2820 689 2839 ex
706 2810 773 2840 Ka-

93 2848 230 2879 lendario
270 2849 372 2891 colligi
415 2849 546 2887 videtur,
582 2851 671 2882 facile
711 2862 774 2882 rem

93 2861 372 2924 conciliabimus?
388 2891 584 2934 Incipiebant
611 2893 656 2925 illi
684 2893 775 2925 nimi-

818 1866 872 1908 qui
906 1867 963 1898 hoc
998 1868 1065 1898 loeo
1096 1872 1229 1902 notatur,
1260 1868 1408 1910 septimus
1437 1875 1505 1900 erat

818 1910 884 1942 dies
898 1911 1039 1941 ludorum
1054 1910 1293 1952 Apollinarium.

864 1954 903 1983 14
925 1955 1028 1990 AEtoli,
1059 1953 1224 1994 postquam]
1262 1953 1324 1983 Hic
1354 1954 1502 1985 recentio-

818 2006 866 2027 res
896 1996 969 2027 editi
998 1996 1158 2027 habebant
1186 1997 1368 2036 priusquam,
1397 2002 1504 2028 contra

818 2043 894 2069 vett.
930 2039 1082 2070 editorum
1116 2045 1147 2070 et
1182 2038 1362 2080 scriptorum
1398 2039 1504 2071 fidem.

819 2083 961 2112 Errorem
995 2080 1177 2112 monstravit
1213 2082 1284 2113 Jac.
1309 2082 1500 2114 Gronovius:

817 2124 941 2156 sustulit
957 2124 1107 2156 Clericus.

864 2168 1073 2198 15*Pericuti
1094 2169 1187 2208 magis
1209 2178 1297 2215 quom
1319 2169 1419 2198 domni
1443 2179 1502 2198 me-

818 2210 922 2250 mores]
979 2210 1031 2241 De
1072 2210 1209 2252 periculo
1247 2210 1426 2241 imminente
1463 2211 1503 2241 ab

819 2252 982 2288 Romanis,
1000 2263 1095 2294 quam
1118 2253 1157 2284 de
1183 2253 1297 2284 damno
1319 2253 1359 2284 ab
1377 2253 1504 2284 Achaeis

817 2306 871 2337 per
884 2295 1096 2338 populationes
1109 2295 1207 2332 illato,
1222 2296 1320 2337 magi
1334 2296 1467 2326 solliciti.

865 2340 903 2369 16
939 2339 1074 2369 Lamiam
1109 2340 1292 2381 oppugnare]
1336 2339 1409 2370 Jam
1448 2339 1504 2370 ob-

819 2380 1006 2412 servavimus
1029 2381 1069 2412 ad
1089 2392 1117 2412 0.
1140 2382 1233 2413 25.1.
1258 2382 1417 2412 XXXVI.
1441 2383 1503 2412 La-

820 2424 914 2453 miam
941 2424 1077 2455 deditam
1100 2435 1167 2455 esse
1193 2423 1356 2459 Romanis,
1379 2430 1504 2456 auctore

819 2466 907 2497 Livio
921 2466 1000 2497 infra
1016 2466 1036 2496 l.
1053 2467 1210 2498 XXXIX.
1223 2477 1252 2497 0.
1268 2468 1320 2497 23.
1340 2473 1503 2508 postquam

820 2510 859 2540 ab
897 2519 935 2540 ea
965 2509 1127 2551 Philippus
1156 2514 1334 2541 recesserat.
1390 2511 1504 2551 Itaque

819 2562 914 2592 quum
938 2552 986 2583 hic
1002 2552 1111 2582 eadem
1126 2552 1199 2582 urbs
1220 2562 1323 2582 rursus
1346 2563 1504 2594 oppugne-

821 2600 889 2634 tur3
912 2605 950 2625 ne
973 2600 1089 2636 pugnet
1111 2605 1216 2625 secum
1231 2594 1348 2631 Livius,
1365 2595 1504 2626 dicamus

817 2648 887 2668 earn
916 2638 1092 2669 rebellasse.
1138 2638 1212 2668 Non
1247 2648 1315 2669 raro
1341 2643 1505 2668 occurrunt

818 2680 901 2722 apud
924 2692 978 2712 nos
980 2686 1059 2711 trum
1082 2680 1233 2711 hiantes
1226 2691 1258 2710 111
1282 2680 1362 2710 hunc
1378 2679 1504 2710 modum

817 2724 937 2754 omissis
962 2723 1073 2754 mediis
1099 2723 1302 2754 narrationes.
1328 2722 1402 2752 Vid.
1437 2727 1501 2752 not.

818 2767 869 2797 40
886 2767 964 2797 ade.
983 2768 1033 2797 12.
1050 2766 1072 2796 l.
1088 2767 1153 2796 IX.

861 2810 899 2839 17
924 2810 1019 2848 Prope
1032 2810 1072 2839 ad
1088 2810 1243 2838 exscidium
1257 2806 1412 2846 adductos]
1436 2806 1503 2836 An-

817 2850 906 2882 dreas
932 2851 1045 2883 omittit
1072 2850 1108 2882 ‘rb
1133 2853 1189 2881 ad:
1227 2855 1257 2880 et
1284 2849 1327 2880 sic
1350 2848 1427 2880 solet
1449 2849 1501 2880 Li-

820 2904 896 2925 vius.
