1947 3222
496 121 617 159 LIB.
645 119 842 157 XXXIX.
883 121 1018 158 CAP.
1046 121 1195 159 XLIX.
1474 127 1547 161 443

138 229 416 286 disceptatum
448 229 562 286 apud
594 228 808 270 Caecilium
834 228 957 278 foret,
979 228 1231 285 indigneque
1253 229 1344 280 sibi,
1367 245 1440 272 nec
1461 231 1546 272 ullo
1562 242 1653 274 ωε.
1667 242 1740 273 569.

138 301 214 326 suo
243 287 405 338 merito,
427 286 673 328 insultatum
703 285 756 325 ab
785 284 979 325 omnibus
1009 296 1126 326 esset.
1190 287 1280 327 Has
1309 296 1427 329 notas
1456 288 1547 329 irri-
1560 284 1742 318 A.C.183.

138 342 214 383 tati
239 343 329 398 ejus
355 343 478 384 animi
508 341 684 397 conlegit
708 350 886 385 senatus.
918 349 1102 383 ceterum
1132 341 1212 382 alia
1240 345 1453 386 excusanti
1477 345 1547 400 ju-

137 400 246 450 veni,
268 400 349 441 alia
372 398 639 455 ⁸¹recipicnti,
661 399 808 440 futura
836 399 910 449 ita,
933 407 981 440 ut
1001 398 1181 439 maxime
1210 399 1335 443 vellet
1365 410 1545 451 senatuS,

135 457 373 513 responderi
394 456 573 512 placuit:
609 456 731 495 Nilzil
749 463 910 508 patrem
941 455 1023 509 ejus
1052 470 1177 510 neque
1195 457 1351 504 rectius,
1374 471 1442 498 nec
1462 473 1544 498 ma-,
1559 469 1753 511 Responsum

128 514 210 566 gis,
229 515 334 568 quod
352 528 400 553 ex
419 514 624 554 voluntate
643 519 804 554 senatus
824 519 934 563 esset,
941 513 1108 567 fecisse,
1129 527 1244 567 quam
1266 514 1382 566 quod,
1401 521 1546 555 utcum-
1557 518 1693 544 senatus.

133 584 210 623 qne
238 585 284 609 ea
309 577 425 624 gesta
446 577 584 618 essent,
599 584 679 623 per
710 570 959 611 Demetrium
970 571 1112 624 filium
1142 571 1334 624 satiffieri
1362 572 1547 611 voluisset

135 627 343 668 Romanis.
388 629 529 669 Muta
550 634 588 668 et
609 628 873 676 dissimulare,
896 633 934 667 et
953 628 1148 678 oblivisci,
1167 634 1203 668 et
1217 629 1316 680 pati
1328 630 1546 680 praeterita

130 691 308 724 senatum
321 699 451 737 posse,
468 691 507 725 et
526 687 686 725 credere
705 685 840 734 etiam,
860 686 1071 726 Demetrio
1091 686 1326 726 credendum
1342 700 1434 726 esse.
1470 685 1548 725 Ob-

131 741 250 782 sidem
266 743 368 782 enim
390 757 431 784 se
450 743 625 783 animum
647 741 727 796 ejus
747 742 906 791 habere,
924 742 997 784 etsi
1009 743 1127 796 patri
1146 757 1288 795 corpus
1303 742 1548 785 reddiderit:

131 804 171 839 et
190 800 306 848 scire,
329 805 519 853 quantum
540 801 654 842 salva
676 802 720 841 in
738 806 900 852 patrem
922 801 1083 853 pietate
1104 802 1252 853 possit,
1274 801 1442 840 amicum
1463 814 1548 840 eum

124 857 279 909 populo
295 858 481 899 Romano
502 872 592 898 esse.
643 858 907 911 Honor-isque
926 857 1010 911 ejus
1030 871 1169 898 caussa
1186 858 1370 898 missuros
1390 858 1432 897 in
1451 857 1549 897 Ma-

131 914 339 955 cedoniam
365 915 532 968 legatos,
555 914 651 963 82ut,
674 916 713 955 si
732 915 831 968 quid
850 916 978 956 minus
988 915 1154 969 factum
1177 915 1243 964 sit,
1266 929 1383 968 quam
1405 914 1547 954 debue-

130 972 201 1019 rit,
223 977 305 1011 tum
325 986 477 1025 quoque
495 973 583 1013 sine
594 973 762 1026 piaculo
782 987 913 1012 rerum
928 973 1292 1025 praetermissarum
1296 973 1398 1024 fiat.
1443 972 1550 1015 Velle

131 1029 254 1071 eliam
275 1030 424 1070 sentire
447 1030 699 1083 Philippum,
716 1029 917 1084 8⁵integra
939 1030 1073 1070 onmia
1094 1029 1173 1071 sibi
1192 1043 1275 1071 cum
1288 1030 1445 1083 populo
1464 1029 1548 1069 Ro,

131 1099 250 1127 mano
271 1087 477 1126 Demetrii
481 1086 574 1137 filii
592 1088 779 1140 beneficio
799 1102 889 1131 esse.

191 1143 414 1184 XLVIII.
448 1144 570 1195 Haec,
601 1160 698 1200 quae
727 1144 931 1199 augendae
966 1143 1254 1199 amplitudinis
1283 1143 1374 1198 ejus
1403 1159 1548 1185 caussa
1560 1153 1758 1200 Lacedaemo-

132 1199 245 1241 sacta
273 1208 405 1250 erant,
427 1200 637 1257 extemplo
663 1201 707 1241 in
731 1200 945 1251 invidiam,
967 1216 1063 1241 mox
1095 1201 1220 1242 etiam
1251 1200 1292 1241 in
1321 1201 1546 1256 perniciem
1560 1207 1678 1270 nulnum
1690 1207 1759 1238 1³⁰³·

132 1256 382 1299 adolescenti
403 1265 630 1299 verterunt.
685 1257 993 1299 Lacedaemonii
1015 1257 1164 1298 deinde
1184 1257 1413 1299 introducti
1435 1266 1545 1300 sunt.
1559 1245 1592 1271 tu
1607 1246 1667 1271 ata.

135 1312 281 1355 multae
311 1322 352 1355 et
383 1329 524 1370 parvae
555 1315 875 1371 disceptationes
898 1315 1193 1370 jactabantur:
1227 1314 1313 1365 sed,
1343 1330 1439 1370 quae
1463 1330 1550 1356 ma-

133 1369 244 1411 xime
273 1386 361 1411 rem
393 1372 665 1423 continerent,
702 1381 845 1420 erant3
890 1380 1034 1413 utrum
1070 1371 1406 1421 restituerentur,
1442 1388 1549 1428 quos

132 1427 283 1468 Achaei
313 1427 625 1480 damnaverant,
659 1444 733 1470 nec
763 1445 839 1477 ne3
883 1429 1040 1483 inique,
1076 1444 1128 1470 an
1157 1429 1254 1485 jure
1289 1428 1547 1480 occidissent,

131 1498 239 1538 quos
258 1484 505 1527 occiderant.
531 1485 564 1510 ⁸⁴¹
573 1486 813 1527 vertebatur
833 1494 889 1536 et,
907 1494 1051 1528 utrum
1068 1495 1281 1539 manerent
1301 1487 1343 1526 in
1361 1486 1549 1527 Achaico

133 1541 307 1582 concilio
343 1542 676 1591 Lacedaemonii3
720 1559 787 1593 an,
819 1551 866 1584 ut
903 1551 998 1584 ante
1033 1543 1186 1591 fuerat,
1223 1540 1426 1584 secretum
1458 1544 1549 1599 ejus

135 1596 259 1638 unius
288 1597 331 1638 in
362 1599 648 1656 Peloponneso
682 1599 862 1641 civitatis
886 1601 959 1655 jus
988 1607 1105 1641 esset.
1165 1599 1407 1649 ⁸⁵Restitui‚
1433 1600 1549 1655 judi-

133 1652 279 1709 ciaque
299 1655 411 1697 facta
430 1656 520 1697 tolli
541 1657 722 1713 placuit:
752 1657 1094 1698 Lacedaemonem
1111 1672 1276 1699 manere
1296 1656 1338 1697 in
1361 1657 1549 1698 Achaico

132 1711 328 1756 concilio:
373 1713 583 1769 scribique
617 1714 661 1755 id
696 1714 926 1763 decretum,
962 1722 1003 1755 et
1033 1713 1265 1769 consignari
1296 1729 1321 1755 a
1351 1714 1549 1755 Lacedae-

132 1767 280 1809 moniis
315 1778 356 1811 et
392 1770 574 1812 Achaeis.
641 1772 829 1827 Legatus
867 1772 910 1813 in
953 1771 1245 1812 Macedoniam
1282 1772 1331 1821 Q.
1360 1771 1549 1812 Marcius

133 1832 196 1865 est
217 1826 390 1868 missus:
417 1827 562 1883 jussus
583 1827 695 1869 idem
721 1828 763 1869 in
787 1828 1073 1884 Peloponneso
1101 1828 1305 1869 sociorum
1327 1843 1392 1869 res
1412 1827 1550 1884 adspi-

132 1895 236 1923 cere.
267 1899 363 1925 nam
384 1883 441 1925 ibi
463 1900 633 1941 quoque
654 1894 694 1927 et
716 1901 767 1925 ex
798 1885 1010 1927 veteribus
1039 1884 1257 1926 discordiis
1285 1884 1440 1934 residui
1464 1900 1551 1925 mo-

135 1945 204 1980 tus
234 1949 366 1991 erant,
388 1949 428 1982 et
458 1942 650 1996 Messene
675 1942 909 1995 ‚desciverat
939 1958 964 1983 a
993 1941 1166 1986 concilio
1193 1943 1396 1991 Achaico,
1428 1942 1551 1997 cujus

131 1993 235 2039 ‚belli
265 2005 306 2038 et
336 2006 522 2038 caussas‘*
552 2007 593 2040 et
620 1995 811 2051 ordinem
841 1999 874 2040 si
904 2014 1146 2055 expromere
1176 1999 1316 2049 velim,
1348 1999 1550 2040 inmemor

133 2054 214 2100 vsim
243 2054 467 2110 propositi,
487 2071 574 2110 quo
604 2056 732 2097 statui
763 2071 846 2096 non
876 2056 989 2098 ultra
1016 2056 1233 2111 adtingere
1262 2064 1449 2106 externa,
1471 2055 1549 2096 nisi

132 2126 221 2165 qua
242 2111 442 2152 Romanis
463 2112 735 2154 cohaererent‘
753 2114 891 2155 rebus.

193 2168 373 2209 XLIX.
407 2169 598 2210 Eventus
623 2170 901 2211 memorabilis
931 2178 1007 2221 est,
1030 2169 1162 2226 quod,
1183 2186 1316 2226 quum
1347 2169 1457 2210 bello
1483 2180 1717 2222 su-Philopoe-

134 2224 316 2282 periores
344 2233 479 2270 essent
507 2226 671 2277 Achaei,
694 2227 983 2284 Philopoemen
1013 2237 1170 2283 praetor
1199 2243 1342 2269 eorum
1368 2227 1548 2282 capitur,
1558 2224 1674 2297 ἓξὲξ
1673 2234 1709 2296 rru
1713 2276 1743 2296 m

1558 2314 1667 2351 captus
1682 2319 1700 2339 a

1557 2351 1737 2383 Messeniis.

178 2400 217 2429 81
244 2399 423 2442 Recipienti]
452 2400 657 2435 Prominenti.
905 2404 971 2435 83*
988 2403 1106 2445 Integra
1134 2403 1230 2434 omnia
1257 2403 1309 2432 sihi
1342 2411 1409 2431 cum
1437 2400 1548 2439 populo

180 2442 222 2472 82
248 2443 300 2479 Ut,
314 2445 422 2484 siquid
436 2445 532 2474 minus
540 2444 663 2485 factum
677 2445 730 2486 sit]
762 2446 818 2482 Ut,
864 2447 994 2478 Romano
1017 2469 1026 2477 .
1050 2469 1058 2477 .
1081 2446 1150 2486 esse]
1197 2445 1366 2485 Integram,
1395 2442 1548 2485 illibatam

139 2482 255 2530 siquid
273 2495 360 2516 secus
382 2486 498 2517 factum
522 2487 571 2522 sit,
587 2498 681 2528 quam
703 2488 820 2519 debue-
863 2489 920 2520 sibi
949 2499 1020 2520 cum
1057 2489 1171 2530 populo
1208 2487 1353 2518 Romano
1391 2495 1548 2517 remanere

138 2531 187 2561 rit,
204 2532 266 2556 tum
287 2539 405 2569 quoqne,
429 2529 461 2559 id
485 2535 541 2566 est,
566 2530 686 2560 etiamsi
708 2541 754 2562 res
776 2531 821 2562 ita
863 2532 993 2573 gratiam
1008 2537 1040 2562 et
1054 2531 1233 2562 amicitiam.

443 2318 459 2345 ‘1
474 2326 589 2346 causam
603 2316 701 2347 Gron.
714 2318 808 2348 Crev.
980 2321 992 2338 r
1006 2318 1146 2348 colzaerent
1161 2316 1251 2348 Eaed.

138 2567 188 2604 sit,
212 2573 387 2615 tamensim
410 2571 443 2602 id
466 2573 549 2613 quod
573 2573 636 2603 fieri
660 2573 819 2610 debuerat,

138 2617 232 2653 atque
267 2617 309 2642 ita
342 2614 496 2655 negotium
522 2622 724 2658 componatur
760 2619 821 2647 sine

134 2655 254 2693 piaculo
285 2665 384 2686 rerum
417 2661 687 2696 maetermissarum,
716 2659 760 2689 ita
785 2665 820 2690 ut

140 2703 335 2738 peccatorum
363 2709 382 2728 a
408 2709 477 2740 rege
512 2702 630 2732 nullum
662 2702 818 2743 piaculum

137 2738 289 2780 exigatur.
331 2739 394 2771 Rei
416 2742 597 2781 gravitatem
619 2746 718 2776 verbis
741 2745 817 2776 mol-

138 2781 217 2812 liunt
244 2782 392 2818 Romani,
417 2783 490 2814 dum
518 2789 613 2818 minus
638 2811 647 2818 .
669 2810 677 2818 .
701 2811 710 2819 .
733 2800 818 2829 quam.

136 2825 278 2860 debuerit,
320 2825 439 2862 dicunt,
484 2837 544 2858 non
582 2831 674 2866 male;
721 2843 817 2862 rerum

133 2869 404 2907 praetermissarum,
418 2879 477 2900 non
491 2879 684 2911 pcccatorum.

906 2577 947 2606 84
974 2575 1146 2605 Vertebatur
1166 2574 1214 2614 et}
1248 2573 1288 2603 In
1310 2569 1546 2602 controversiam

863 2617 957 2649 etiam
969 2617 1124 2654 veniebat,
1138 2621 1239 2648 utrum
1254 2616 1312 2646 ἃς.
1337 2615 1448 2644 Totum
1466 2613 1547 2643 hunc

862 2661 977 2695 locum,
1000 2666 1146 2691 revocata
1168 2664 1303 2690 veterum
1325 2657 1477 2687 editorum
1500 2656 1546 2686 in-

862 2703 1086 2746 terpunctione,
1102 2713 1171 2744 qum
1194 2702 1226 2731 in
1242 2699 1365 2742 nuperis
1379 2699 1548 2740 depravata

861 2753 917 2783 est,
935 2746 1095 2777 clariorem
1109 2744 1310 2776 reddidimus.

905 2792 946 2821 85
971 2790 1115 2830 Restilui]
1150 2786 1211 2818 Vel
1227 2783 1376 2825 intellige,
1392 2784 1439 2814 vel
1454 2782 1545 2819 adde,

862 2835 1021 2864 damnatos.
