1947 3222
526 173 649 212 LIB.
678 171 876 211 XXXIX.
918 172 1053 210 CAP.
1081 172 1196 210 XIX.
1482 178 1557 211 415

132 286 387 330 mittendum
416 289 682 332 censuerunt,
703 280 1106 337 magistratibusque
1127 281 1376 323 Ardeatium
1407 281 1560 339 praedi·
1574 289 1617 322 U.
1630 289 1667 322 C.
1680 287 1754 338 565.

136 344 331 394 cendum,
361 342 478 383 ⁷⁵ut¹¹
506 338 728 381 intentiore
768 353 864 380 eum
901 337 1091 379 custodia
1131 337 1424 388 adservarent3
1476 354 1559 380 non
1573 333 1755 365 A.C.18b.

137 402 272 443 solum
293 416 345 441 ne
366 400 582 454 effugeret,
605 395 677 437 sed
698 411 750 437 ne
770 396 918 437 mortis
946 394 1247 436 consciscendae
1268 394 1406 436 locum
1436 396 1561 437 habe-

137 468 213 501 ret.
277 459 347 514 Sp.
371 454 614 497 Postumius
641 453 858 509 aliquanto
887 459 982 509 post
1013 453 1194 493 Romam
1220 451 1342 492 venit.
1380 468 1428 493 eo
1458 454 1562 496 refe-

138 524 270 565 rente,
291 515 344 555 de
368 512 414 553 P.
438 510 609 552 AEbutii
630 518 671 552 et
695 510 886 566 Hispalae
919 509 1108 550 Feceniae
1138 509 1328 565 praemio,
1351 509 1467 564 quod
1497 523 1721 556 eO-Indicum

139 587 234 613 rum
267 585 395 627 opera
432 568 618 609 indicata
653 567 931 609 Bacchanalia
971 575 1120 617 essent,
1156 565 1561 607 senatusconsultum
1576 567 1713 610 praemia.

136 629 295 671 factum
325 635 402 677 est,
423 625 458 653 ⁷4
470 626 526 667 Ut
546 626 720 681 singulis
748 625 812 665 his
831 624 1038 664 ⁷⁵centena
1070 624 1202 664 millia
1233 624 1329 664 ceris
1349 628 1566 677 qucestores

137 685 286 727 urbani
305 699 354 725 ex
375 684 530 724 cerario
560 684 716 723 darent.
785 682 933 736 Utique
961 682 1099 727 consul
1125 695 1208 722 cum
1242 680 1413 721 tribunis
1434 680 1568 733 plebis

138 748 292 797 ageret,
314 748 360 782 ut
379 742 437 782 ad
447 740 603 794 plebem
620 741 757 794 primo
778 753 930 794 quoque
949 745 1127 792 tempore
1139 739 1324 793 ferrent,
1347 744 1391 778 ut
1411 738 1463 778 P.
1487 738 1569 778 AE-

135 800 246 841 butio
266 800 434 840 emerita
455 799 662 851 stipendia
684 804 823 846 essent,
849 812 898 838 ne
921 797 1068 838 invitus
1089 797 1300 844 militaret,
1323 795 1461 836 ⁷⁶neve
1482 809 1569 836 cen-

136 872 205 898 sor
226 858 265 897 ei
285 871 423 912 equum
438 856 638 909 publicum
661 856 917 910 adsignaret.
986 855 1139 907 Utique
1170 854 1354 894 Fecenice
1378 852 1571 906 Hispalae

136 915 308 965 ⁷⁷datio‚
342 914 576 961 deminutio,
609 915 746 967 gentis
785 913 963 966 enuptio,
1002 913 1145 952 tutoris
1178 912 1291 964 optio
1328 912 1421 951 item
1458 917 1569 959 esset,

138 974 257 1027 quasi
276 973 316 1013 ei
335 973 400 1013 vir
420 978 654 1012 testamento
675 971 859 1012 dedisset.
927 970 1079 1023 Utique
1099 970 1140 1009 ei
1161 970 1335 1023 ingenuo
1356 968 1502 1008 nubere
1522 969 1572 1008 li-

139 1036 266 1071 ceret.-
297 1043 374 1070 neu
395 1029 495 1083 quid
515 1029 565 1077 ei,
585 1029 656 1082 qni
676 1043 761 1068 eam
785 1028 974 1075 duxisset,
993 1027 1040 1066 ob
1063 1026 1271 1081 idfivudi
1291 1026 1574 1079 ignominiaeve

143 1093 254 1129 esset.
323 1087 472 1141 Utique
500 1087 679 1127 consules
708 1093 996 1138 praetoresque,
1030 1085 1101 1137 qui
1137 1098 1241 1123 nunc
1280 1089 1420 1131 essent,
1457 1083 1575 1136 quive

134 1152 277 1200 postea
282 1145 431 1200 flaturi
450 1150 591 1194 essent,
609 1148 814 1192 curarent,
834 1156 883 1182 ne
904 1142 1005 1195 quid
1024 1141 1060 1180 ei
1081 1141 1243 1181 viridiori
1264 1139 1572 1194 iry'ccricefieret‚

655 1229 671 1246 ¹²
687 1231 721 1256 ut
737 1227 769 1256 in
784 1227 840 1256 int.
857 1225 954 1256 Gron.
972 1224 1063 1255 Crev.

190 1315 231 1344 73
259 1313 300 1345 Ut
326 1314 357 1344 in
392 1314 545 1344 intentiore
577 1335 586 1344 .
615 1335 623 1343 .
654 1334 662 1343 .
692 1311 839 1352 custodia]

147 1357 230 1389 Dele
245 1366 467 1398 supervacuam
483 1355 744 1398 praepositionem.

191 1401 232 1431 74
260 1400 300 1430 Ut
329 1401 454 1441 singulis
483 1400 541 1440 his]
577 1398 683 1439 Magis
706 1398 844 1439 placeret

149 1453 221 1474 cum
238 1442 395 1474 Gronovio
411 1442 512 1483 legere
526 1466 531 1472 .
556 1447 591 1471 ut
606 1442 723 1482 singula
739 1442 791 1470 his.

193 1487 233 1517 75
259 1486 389 1517 Centena
404 1486 499 1515 millia
522 1484 604 1525 oeris]
629 1485 668 1515 Id
685 1490 741 1519 est,
759 1493 840 1514 mar-

153 1539 205 1559 cas·
221 1528 339 1569 argenti
354 1533 506 1559 nostrates
526 1528 595 1558 156.
610 1537 681 1558 cum
695 1526 794 1557 unciis
810 1528 841 1556 2.

194 1572 235 1602 76
260 1571 339 1602 Neve
374 1582 472 1601 censor
501 1573 527 1602 ei
555 1582 661 1611 equum
692 1571 842 1609 publicum

147 1615 325 1655 assignaret]
371 1614 490 1645 Mirum
520 1613 617 1644 videri
654 1613 749 1656 possit.
784 1612 842 1643 hoc

152 1657 220 1688 dari
237 1657 369 1688 ⁴Ebutio
391 1656 510 1699 praernii
532 1656 609 1691 loco,
625 1666 664 1687 ne
686 1666 794 1687 censor
815 1655 844 1686 ei

148 1710 264 1741 equum
303 1700 462 1742 publicum
500 1699 680 1740 assignaret,
716 1698 748 1730 id
785 1704 843 1735 est,

151 1754 223 1774 eum
252 1742 284 1774 in
312 1743 450 1774 ordinem
479 1747 653 1784 equestrem
689 1742 844 1783 allegeret.

153 1786 242 1817 Nihil
267 1785 352 1817 aliud
377 1786 526 1828 suspicari
552 1796 726 1827 possumus,
750 1795 844 1826 quam

151 1829 285 1861 voluisse
321 1830 442 1866 Patres,
478 1838 517 1859 ne
552 1828 677 1860 omnino
714 1827 846 1859 AEbutio

154 1872 286 1904 militare
321 1872 418 1904 invito
453 1881 578 1903 necesse
614 1878 704 1903 esset.
763 1871 847 1908 Quia

153 1921 268 1951 autem,
289 1916 401 1956 quibus
423 1926 520 1956 equus
541 1915 684 1957 publicus
708 1914 847 1955 assigna-

154 1964 204 1989 tus
227 1964 302 1993 erat,
327 1958 348 1988 ii
372 1958 529 1989 debebant
554 1957 709 2000 stipendia
733 1957 847 1993 facere,

152 2008 184 2032 et
213 2006 387 2042 equestrem
421 2000 564 2031 militiam
593 2001 760 2043 suscipere,
789 2001 847 2030 hoe

153 2043 199 2075 illi
228 2054 317 2079 onus,
339 2043 538 2086 splendidum
561 2043 645 2080 licet,
670 2048 848 2086 exemptum

154 2087 252 2118 voluit
267 2092 402 2117 senatus.
544 2090 552 2095 “

198 2131 239 2160 77
264 2130 365 2164 Dasio,
393 2131 560 2165 diminutio,
587 2131 682 2171 gentis
718 2131 846 2168 enuptio,

160 2174 266 2203 tutoris
302 2172 392 2213 0ptio]
440 2173 534 2203 Hunc
578 2173 680 2203 locum
715 2172 850 2214 explicat

157 2217 255 2248 Turn.
271 2216 291 2247 l.
308 2217 415 2247 XXX.
430 2215 564 2246 Advers.
586 2226 614 2246 c.
636 2217 688 2247 25.
711 2215 744 2245 in
768 2219 850 2246 hunc

156 2259 219 2290 fere
247 2259 385 2290 modum.
431 2257 618 2293 Decernitur
650 2263 850 2289 senatuscon-

158 2303 249 2338 sulto,
266 2308 300 2333 ut
316 2301 457 2344 Hispalae
476 2301 528 2342 jus
543 2307 623 2332 esset
646 2301 744 2332 dandi
759 2306 789 2332 et
805 2301 851 2331 di-

159 2345 331 2382 minuendi,
363 2344 447 2386 quod
482 2351 539 2380 est,
565 2344 604 2375 de
639 2354 694 2375 suo
727 2344 851 2386 peculio

156 2387 318 2429 largiendi,
348 2394 381 2419 et
408 2387 679 2420 diminuendarum
713 2387 850 2418 fortuna-

162 2441 240 2461 rum.
284 2431 379 2468 Quod
415 2429 504 2461 addit
538 2429 646 2461 Livius
681 2429 787 2461 datam
823 2429 851 2460 ei

160 2473 260 2514 gentis
289 2472 498 2516 emptionem,
526 2474 743 2516 interpretatur
772 2473 851 2503 Tur-

162 2516 261 2546 nebus
280 2515 331 2556 jus
351 2517 380 2547 ei
401 2517 521 2553 datum,
546 2522 579 2547 ut
602 2516 670 2547 aliis
692 2526 786 2557 quam
815 2516 852 2546 li-

161 2559 255 2589 bertis
283 2558 331 2589 sui
358 2560 490 2600 patroni,
519 2566 573 2591 aut
602 2558 702 2600 gentis
726 2570 765 2590 ex
791 2569 854 2600 qua

160 2607 310 2644 patronus
345 2607 422 2638 erat,
448 2608 553 2645 posset
580 2603 707 2633 nubere.
766 2602 853 2633 Gens

165 2643 247 2675 enim
273 2644 462 2682 libertorum,
486 2646 586 2687 inquit
610 2643 785 2677 Gronovius
812 2645 853 2676 ad

163 2687 246 2718 hunc
275 2688 389 2722 locum,
414 2697 475 2718 non
500 2694 566 2720 erat
590 2688 654 2720 alia
676 2698 769 2729 quam
797 2699 854 2730 pa-

164 2730 255 2765 troni,
293 2740 312 2761 a
348 2739 409 2769 quo
443 2740 554 2762 nomen
589 2730 795 2772 accipiebant,
824 2736 856 2762 et

164 2773 303 2814 ejusdem
329 2771 429 2813 gentis
451 2782 562 2804 novam
583 2773 734 2805 familiam
753 2773 855 2804 humi-

162 2815 269 2847 liorem
305 2813 513 2847 ordiebantur.
571 2817 718 2858 Denique
757 2827 854 2858 quum

159 2858 255 2898 ,datur
282 2858 311 2889 ei
337 2857 446 2888 tutoris
481 2857 574 2900 optio,
604 2859 793 2895 decernitur,
822 2865 856 2890 ut

161 2907 295 2933 tutorem
320 2900 391 2935 sibi,
419 2900 670 2942 quandoquidem
695 2902 760 2932 sine
783 2912 856 2933 auc-

162 2950 227 2976 tore
245 2944 322 2975 nihil
347 2952 440 2984 agere
457 2943 541 2986 apud
561 2942 721 2975 Romanos
736 2944 856 2975 feminae

885 1315 1039 1352 poterant,
1055 1320 1148 1351 quem
1165 1309 1257 1341 vellet
1279 1309 1408 1350 legeret.
1425 1320 1430 1327 ·
1454 1309 1501 1339 Ex
1516 1308 1576 1339 hac

886 1353 1086 1395 expositione,
1115 1363 1210 1393 quam
1247 1362 1369 1383 summa
1407 1351 1438 1382 vi
1473 1357 1577 1382 tuetur

888 1396 1074 1432 Gronovius,
1087 1402 1265 1436 sequeretur
1287 1405 1357 1425 eam
1381 1395 1475 1425 fuisse
1497 1395 1577 1426 anti-

887 1440 991 1480 quitus
1018 1440 1195 1470 libertorum
1221 1438 1439 1474 conditionem,
1468 1443 1502 1468 ut
1531 1438 1579 1468 ni-

885 1482 930 1512 hil
960 1483 998 1513 de
1028 1483 1091 1513 suis
1127 1482 1216 1512 bonis
1246 1480 1408 1512 detrahere
1442 1487 1578 1522 possent,

886 1525 944 1556 nisi
982 1535 1019 1556 ex
1050 1525 1247 1556 auctoritates
1263 1524 1398 1566 patroni,
1427 1530 1461 1554 ut
1492 1523 1580 1554 nulla

885 1574 1010 1610 possent
1030 1567 1161 1610 jungere
1188 1567 1397 1603 matrimonia,
1424 1566 1483 1597 nisi
1509 1577 1580 1597 cum

886 1611 1003 1642 libertis
1025 1611 1092 1651 ejus
1114 1611 1216 1652 gentis
1243 1620 1280 1641 ex
1305 1620 1369 1651 qua
1389 1614 1455 1640 erat
1477 1615 1581 1652 patro-

888 1665 956 1685 nus.
1024 1655 1199 1694 Utrumque
1235 1654 1366 1695 probare
1404 1653 1582 1693 aggreditur

889 1697 1074 1733 Gronovius,
1112 1697 1166 1727 sed
1202 1696 1239 1726 iis
1276 1697 1476 1736 argumentis,
1510 1706 1581 1737 quae

889 1751 953 1771 rem
990 1741 1118 1772 fortasse
1153 1739 1357 1781 probabilem,
1387 1749 1448 1769 non
1477 1744 1583 1770 tamen

889 1784 1014 1814 omnino
1042 1789 1159 1814 certam
1184 1793 1219 1813 ac
1249 1782 1401 1823 liquidam
1435 1782 1583 1813 efficiunt.

891 1826 1014 1858 Rursus
1035 1826 1067 1857 id
1089 1827 1204 1862 turbat,
1227 1825 1310 1866 quod
1333 1825 1480 1861 Fecenia,
1503 1835 1584 1856 mor-

889 1875 943 1901 tuo
981 1876 1120 1911 patrono,
1148 1868 1214 1910 jam
1243 1874 1375 1900 tutorem
1407 1878 1425 1898 a
1453 1873 1584 1910 praetore

891 1918 922 1944 et
949 1912 1079 1944 tribunis
1108 1913 1249 1954 petierat,
1271 1912 1339 1954 jam
1364 1916 1584 1943 testamentum

891 1956 1017 1989 fecerat.
1063 1955 1156 1987 Unde
1192 1954 1270 1985 nihil
1305 1955 1332 1985 ei
1357 1954 1435 1995 juris
1466 1954 1586 1984 videtur

891 1999 941 2030 hic
970 2010 989 2030 a
1018 2004 1128 2030 senatu
1156 1998 1277 2033 datum,
1306 1997 1389 2039 quod
1425 2007 1487 2027 non
1517 1997 1585 2037 jam

892 2042 1030 2078 haberet,
1076 2046 1187 2083 praeter
1231 2040 1331 2081 gentis
1375 2040 1585 2082 enuptionem.

893 2085 1079 2127 Respondet
1094 2083 1270 2115 Gronovius
1285 2083 1366 2114 hanc
1391 2082 1483 2113 fuisse
1499 2092 1586 2113 men-

891 2134 954 2159 tem
979 2126 1248 2161 senatusconsulti,
1274 2131 1309 2157 ut
1337 2125 1471 2156 Fecenia
1498 2124 1585 2166 inge-

893 2171 963 2201 nuis
986 2170 1166 2202 mulieribus
1188 2174 1411 2210 exaequaretur,
1436 2178 1472 2199 ac
1494 2171 1590 2210 plane

893 2224 947 2256 pro
970 2213 1105 2255 ingenua
1130 2213 1306 2244 haberetur.
1350 2213 1456 2243 Morte
1483 2217 1588 2242 autem

893 2258 1015 2304 patroni
1037 2256 1095 2288 etsi
1124 2256 1277 2298 aequisita
1305 2254 1365 2297 ipsi
1390 2255 1512 2286 fuerant
1533 2255 1589 2285 illa

891 2310 973 2340 jura,
989 2311 1050 2331 non
1073 2304 1178 2330 tamen
1202 2298 1320 2330 abolita
1341 2298 1443 2329 fuerat
1465 2297 1590 2328 macula

894 2344 1047 2374 libertinae
1086 2341 1283 2372 conditionis.
1350 2341 1429 2371 Ideo
1463 2345 1589 2371 cautum

895 2392 942 2417 est
969 2386 1246 2420 senatusconsulto,
1271 2390 1316 2419 ut,
1339 2384 1424 2425 quod
1444 2388 1516 2414 ante
1537 2383 1590 2425 jus

895 2429 1082 2470 acquisitum
1111 2434 1177 2459 erat
1207 2427 1348 2468 Hispalae
1379 2436 1433 2469 per
1460 2432 1590 2457 mortem

895 2472 1027 2513 patroni,
1057 2481 1152 2512 quum
1179 2474 1317 2501 maneret
1345 2468 1481 2500 libertini
1508 2469 1590 2500 ordi-

897 2515 954 2551 nis,
970 2515 1002 2545 id
1025 2514 1092 2556 jam
1115 2520 1147 2545 et
1170 2517 1359 2555 competeret
1375 2512 1444 2554 jure
1466 2511 1590 2553 privile-

896 2557 949 2598 gii,
973 2569 1034 2599 quo
1061 2556 1204 2598 ingenuis
1229 2556 1422 2597 aequabatur,
1440 2560 1590 2595 tanquam

896 2600 1018 2632 mulieri
1038 2610 1108 2642 quae
1123 2604 1243 2630 mortuo
1258 2599 1323 2629 viro
1346 2598 1378 2629 in
1392 2597 1507 2628 nullius
1522 2602 1589 2637 pot-

896 2649 993 2675 estate
1006 2648 1096 2675 esset.
1140 2643 1219 2673 Haec
1241 2641 1304 2673 fere
1318 2646 1387 2683 post
1409 2639 1590 2670 Turnebum

899 2686 1074 2718 Gronovius
1102 2685 1142 2716 ad
1178 2684 1270 2726 hujus
1297 2683 1357 2714 loci
1394 2681 1589 2723 explanatio-

898 2740 969 2760 nem
996 2729 1108 2761 affert:
1143 2738 1225 2770 quae,
1249 2726 1477 2768 qualiacunque
1506 2729 1589 2760 sunt,

898 2773 989 2814 longe
1026 2778 1131 2803 tamen
1175 2776 1247 2801 sunt
1294 2768 1333 2798 iis
1367 2765 1589 2801 verisimiliora,

896 2826 966 2857 quae
990 2813 1161 2846 Marcellus
1187 2813 1331 2843 Donatus
1363 2815 1394 2840 et
1420 2809 1591 2840 Gutherius

899 2859 939 2889 ad
975 2855 1258 2899 interpretationem
1296 2851 1494 2885 Livianorum
1521 2863 1589 2883 ver—

898 2902 1007 2932 borum
1022 2897 1186 2931 commenti
1198 2902 1280 2927 sunt.
1557 2899 1561 2903 ·
