1947 3222
359 124 433 157 344
860 114 999 152 TITI
1043 115 1218 152 LlVII

151 235 327 267 U.C.563.
360 225 582 268 succedens
625 232 808 274 murum,
848 239 997 280 parum
1036 225 1277 279 proficeret:
1330 232 1554 279 postremo,
1593 222 1775 265 consulis

149 279 241 310 A.C.
259 278 327 308 189.
360 283 564 340 permissu
588 281 802 338 ⁴Ingressus
823 281 984 330 urbem,
1006 281 1155 336 partim
1188 280 1371 330 consilio,
1393 280 1546 337 partim
1565 281 1788 336 precibus5.

150 351 352 384 Ambracien·
363 340 500 388 θνὶοἰῐ,
522 347 571 381 ut

643 337 878 380 rmitterent
899 353 940 378 se
963 337 1173 378 Romanis.
1234 339 1293 378 Et
1324 337 1490 378 AEtolos
1513 339 1561 378 C.
1586 336 1786 378 Valerius

152 406 201 426 ⁵²⁵
215 405 248 426 se
262 393 316 425 de·
367 396 530 438 Laevini
559 395 585 437 fi
604 395 683 445 ius,
704 394 817 450 ²⁸qui
848 409 941 434 cum
973 408 1022 433 ea
1049 402 1173 447 gente
1202 393 1383 449 primum
1414 393 1635 435 amicitiam
1662 393 1780 449 pepi-

152 438 241 469 dunt.

366 461 498 510 gerat,
519 452 698 494 consulis
716 452 860 500 frater,
882 457 1013 490 matre
1033 449 1200 504 genitus
1229 450 1386 501 eadem,
1408 451 1572 506 egregie
1599 450 1777 506 adjuvit.

367 509 698 558 Ambracienses,
739 507 856 562 prius
894 505 1021 561 pacti,
1057 514 1104 547 ut
1147 505 1387 548 AEtolorum
1429 507 1652 549 auxiliares
1693 507 1783 547 sine

158 571 350 614 Legespacis
367 566 515 608 fraude
554 565 805 612 emitterent,
846 570 1100 618 aperuerunt
1140 571 1292 618 portas.
1323 563 1459 605 ²⁹dein
1491 564 1706 617 (AEtofin')
1737 570 1782 603 ue

161 615 273 646 AEtolis
287 625 306 645 a

160 659 231 689 (30⁵.
245 657 347 689 dictae.

369 625 588 678 quingenta
609 620 832 661 ⁵⁰Euboica
863 621 1008 660 dorent
1027 620 1183 660 talenta
1191 642 1205 666 ;
1239 634 1287 659 ea:
1317 621 1456 674 quibus
1485 623 1655 663 ducenta
1670 635 1783 674 prce-

369 682 514 728 sentia,
537 684 711 720 trecenta
726 691 805 730 per
825 691 952 716 annos
971 691 1039 717 sex
1053 675 1315 729 pensionibus
1326 679 1470 732 oeqm's:
1492 681 1674 731 captivos
1688 693 1784 731 per-

354 739 564 793 fugasque
593 736 806 775 redderent
839 734 1054 774 Romanis:
1084 733 1252 775 ³¹urbem
1285 748 1335 774 ne
1363 749 1479 787 quom
1498 736 1695 790 formulae
1722 736 1788 776 sui

358 795 684 849 jurisfacerent,
707 805 793 844 qucc
805 797 901 844 post
922 792 966 830 id
988 797 1149 844 tempus,
1171 805 1248 844 quo
1275 791 1322 830 T.
1340 792 1548 839 Quinctius
1567 792 1789 845 trajecisset

373 854 416 893 in
451 850 668 897 Graeciam,
691 855 761 888 aul
793 850 833 888 vi
862 854 982 901 capta
1005 848 1055 888 ab
1078 849 1272 889 Romanis
1293 856 1402 897 esset,
1424 855 1495 889 aut
1516 850 1720 889 voluntate
1743 851 1789 890 in

373 908 596 948 amicitiam
627 907 816 947 venisset.-
860 906 1126 957 Cephallenia
1156 906 1290 946 insula
1318 913 1362 946 ut
1393 913 1508 946 extra
1525 905 1598 959 jus
1615 904 1792 959 saecleris

374 972 482 1006 esset.
543 965 650 1004 Haec
671 977 923 1018 quamquam
948 978 1019 1018 spe
1039 961 1222 1018 ipsorum
1246 962 1462 1018 aliquanto
1482 963 1636 1004 leviora
1655 973 1788 1013 erant,

373 1022 614 1078 petentibus
635 1019 800 1070 AEtolis‚
823 1028 871 1060 ut
892 1019 945 1059 ad
966 1019 1184 1060 concilium
1208 1019 1423 1070 referrent,
1445 1020 1691 1075 permissum
1712 1029 1787 1061 est.

377 1081 513 1120 Parva
533 1076 778 1133 disceptatio
807 1075 859 1116 de
892 1076 1066 1117 urbibus
1098 1076 1243 1118 tenuit.
1274 1075 1410 1132 ³²quae
1432 1091 1564 1132 quum
1593 1078 1657 1118 sui
1681 1077 1793 1132 juris

375 1135 600 1191 aliquando
619 1134 809 1182 fuissent,
830 1132 952 1173 avelli
974 1133 1089 1174 velut
1110 1148 1134 1173 a
1154 1148 1324 1188 corpore
1355 1149 1430 1174 suo
1450 1149 1559 1188 aegre
1578 1133 1794 1189 patieban-

377 1202 458 1234 tur.
487 1191 540 1232 ad
570 1205 701 1232 unum
733 1186 869 1230 tame'n
900 1204 1041 1230 omnes
1070 1189 1200 1246 accipi
1230 1205 1373 1245 pacem
1399 1191 1626 1245 jusserunt.
1687 1191 1793 1231 Am-

375 1248 606 1290 bracienses
640 1261 829 1288 coronam
867 1261 1033 1286 auream
1070 1246 1228 1287 consuli
1261 1245 1469 1288 35centum
1504 1255 1544 1289 et
1585 1247 1794 1303 quinqua-

925 1337 941 1354 ¹¹
960 1335 1050 1365 AEtnli
1065 1334 1126 1365 del.
1143 1335 1240 1366 Gron.

380 1424 469 1455 posse
493 1411 626 1446 retineri,
654 1416 800 1452 tanquam
826 1421 886 1441 non
909 1409 1066 1450 inelegan-

1113 1419 1216 1440 vocem
1248 1411 1351 1445 AEtoli,
1379 1410 1565 1451 gravissimis
1594 1421 1629 1442 ac
1665 1409 1795 1442 certissi-

382 1466 442 1486 tem
466 1455 695 1497 pleonasmum:
719 1459 750 1484 et
773 1453 804 1483 in
829 1464 897 1484 eam
923 1463 986 1484 rem
1011 1452 1067 1482 ali—

1111 1452 1169 1482 mis
1192 1453 1354 1483 momentis
1378 1453 1547 1484 adductus:
1573 1463 1694 1496 nempe,
1713 1453 1797 1494 quod

1113 1496 1160 1526 hae
1195 1495 1388 1527 conditiones
1422 1506 1491 1537 quae
1527 1502 1706 1537 sequuntur,
1735 1507 1798 1527 non

1114 1538 1264 1580 ejusmodi
1284 1546 1365 1575 sunt,
1381 1549 1450 1580 quae
1473 1539 1513 1570 ab
1536 1549 1598 1570 una
1619 1540 1694 1571 urbe
1716 1539 1799 1580 exigi

1113 1587 1237 1623 possent
1262 1587 1293 1612 et
1316 1582 1473 1623 praestari3
1508 1582 1591 1623 quod
1612 1588 1680 1624 post
1703 1593 1798 1625 expo·

1114 1624 1188 1655 sitas
1209 1624 1266 1655 has
1287 1625 1371 1665 leges
1395 1624 1537 1655 dicantur
1558 1625 1653 1665 legati
1677 1625 1801 1656 AEtolo-

1115 1677 1180 1699 rum
1197 1667 1332 1708 petiisse,
1349 1674 1383 1698 ut
1399 1668 1439 1698 ad
1455 1667 1618 1699 concilium
1642 1668 1801 1704 referrent,

1117 1720 1153 1740 ac
1176 1709 1298 1746 deinde,
1321 1720 1348 1740 e.
1373 1712 1422 1742 10.
1443 1721 1504 1753 pax
1526 1711 1656 1742 concilio
1679 1711 1801 1742 AEtolo—

1116 1763 1183 1783 rum
1214 1753 1402 1794 approbata;
1439 1754 1521 1795 quod
1548 1764 1576 1784 c.
1605 1755 1653 1784 11.
1682 1754 1801 1784 eaedem

1116 1805 1238 1837 prorsus
1264 1795 1387 1825 foederis
1413 1806 1483 1826 cum
1508 1796 1623 1827 AEtolis
1647 1796 1730 1837 leges
1752 1807 1799 1827 re-

1118 1844 1281 1879 petuntur,
1304 1838 1385 1878 quod
1401 1838 1534 1879 denique
1557 1839 1600 1869 ita
1622 1839 1717 1870 habet
1740 1840 1803 1870 Po-

1119 1881 1230 1923 lybius,
1245 1891 1337 1921 quem
1351 1881 1401 1912 hic
1416 1881 1505 1912 vertit
1520 1888 1632 1912 noster.

1160 1924 1200 1954 30
1227 1924 1352 1954 Euboica
1379 1947 1387 1954 .
1416 1947 1424 1954 .
1448 1947 1455 1954 .
1479 1924 1603 1965 talentu]
1638 1923 1710 1955 Yid.
1739 1930 1804 1956 nol.

1119 1968 1170 1996 34.
1186 1965 1482 1998 ad1i1›.xxxvll.
1499 1978 1527 1998 c.
1540 1968 1590 1998 45.

1162 2010 1200 2039 31
1231 2009 1333 2040 Urbem
1348 2021 1383 2040 rte
1404 2022 1488 2050 quam
1503 2010 1645 2052 jin-mula:
1663 2012 1808 2050 suijuris

1110 2052 1265 2093 §time-vent]
1299 2053 1349 2083 Ne
1378 2063 1470 2093 quam
1499 2054 1605 2084 urbem
1634 2053 1806 2085 contribue-

1122 2100 1188 2125 rcnt
1210 2095 1278 2130 sibi,
1296 2102 1326 2125 et
1349 2095 1388 2125 ad
1412 2096 1572 2126 formulam
1596 2096 1697 2137 legum
1713 2097 1805 2128 AEto-

1122 2138 1248 2168 licarum
1278 2138 1450 2179 alligarent.
1498 2140 1565 2169 Hoc
1588 2138 1678 2169 vortit
1701 2139 1806 2169 Livius

1123 2191 1161 2211 ex
1178 2181 1287 2211 Grmco
1303 2181 1435 2222 Polybii‚
1449 2182 1532 2213 π’ἑλη
1541 2179 1717 2222 Σέμηδεμῖαν
1729 2181 1809 2222 ’ἔχει-

1124 2224 1148 2253 ἒν
1166 2226 1203 2266 τῇ
1222 2224 1426 2266 συμπολιτεῖᾳ-
1474 2226 1512 2255 In
1534 2225 1587 2255 illo
1610 2224 1733 2254 soederis
1755 2235 1806 2255 ca—

1123 2265 1185 2307 pite
1214 2267 1347 2308 respexit
1376 2268 1482 2309 procul
1511 2267 1604 2298 dubio
1632 2267 1737 2297 consul
1765 2267 1806 2298 ad

1124 2309 1193 2340 illas
1219 2309 1385 2340 Thessalia:
1414 2310 1515 2346 urbes,
1541 2309 1737 2345 Pharsalum,
1764 2311 1804 2340 E-

1125 2352 1262 2387 chinum,
1281 2353 1468 2389 Leucadem,
1485 2363 1562 2394 quas
1577 2352 1632 2382 sibi
1658 2362 1718 2382 non
1736 2352 1805 2383 red-

1126 2394 1206 2425 ditas
1232 2395 1323 2425 fuisse
1340 2395 1416 2426 adeo
1430 2394 1582 2436 indignati
1604 2394 1725 2426 fuerant
1749 2396 1808 2426 AE-

1123 2438 1187 2474 toli,
1218 2444 1252 2469 ut
1287 2437 1345 2468 hac
1382 2439 1425 2469 ira
1453 2438 1586 2468 maxime
1617 2438 1807 2468 Antiochum

1122 2480 1153 2510 in
1192 2481 1345 2511 Grzeciam
1382 2486 1537 2511 vocarent.
1602 2480 1676 2511 Yid.
1715 2491 1807 2522 supra

384 1504 459 1540 quot
483 1497 627 1539 exempla
653 1497 778 1537 allegat,
807 1495 837 1525 in
868 1495 981 1536 quibus
1006 1495 1069 1525 sive

384 1545 426 1577 id,
441 1541 505 1572 sive
527 1542 600 1582 quod
624 1539 774 1582 παςὲλκει.
819 1539 880 1569 Sed
896 1549 957 1569 non
972 1538 1069 1568 anim-

386 1583 518 1615 advertit
552 1583 598 1613 vir
638 1582 844 1616 doctissimus,
882 1581 907 1612 si
945 1580 1069 1622 quando

386 1628 433 1657 hae
457 1636 547 1657 voces
567 1625 621 1656 illo
644 1625 734 1656 modo
757 1630 952 1665 usurpantur,
973 1623 1005 1654 id
1027 1623 1071 1653 ita

387 1670 461 1704 fieri,
499 1675 533 1699 ut
568 1673 716 1709 sequatur
760 1667 884 1707 aliquod
927 1665 1073 1698 orationis

387 1713 568 1746 membrum,
585 1721 646 1751 quo
663 1709 832 1752 explicetur
854 1709 885 1740 id
909 1709 988 1750 quod
1013 1708 1073 1739 illis

389 1756 473 1785 velut
497 1754 667 1784 involutum
691 1755 799 1783 fuerat.
845 1753 896 1783 Sic
922 1753 953 1783 in
975 1751 1072 1794 primo

389 1798 484 1828 allato
510 1796 650 1839 exemplo
675 1807 711 1826 ex
736 1795 757 1825 l.
783 1796 940 1826 xxxvl.
967 1806 994 1826 c.
1020 1795 1074 1825 26.

392 1841 427 1870 Id
456 1852 545 1880 quum
577 1842 614 1869 ad
644 1840 818 1881 dignitatem
846 1840 908 1877 ejus
928 1839 1075 1880 fidemque

387 1885 544 1922 palium-e,
574 1893 630 1912 nnn
659 1883 741 1921 prodi
770 1882 866 1916 socios,
897 1887 958 1910 tum
988 1882 1075 1910 etiam

389 1928 427 1956 ad
473 1926 697 1955 incolumitatem
742 1925 837 1965 regui,
882 1935 939 1953 non
982 1924 1075 1953 sinere

394 1969 535 1997 Romanos
580 1969 655 1997 omm'
699 1978 772 1997 cura.
818 1977 935 1996 vacuos:
991 1971 1076 2007 patet

394 2013 451 2044 ταῖς
476 2022 529 2040 mm
554 2011 636 2049 prodi
662 2012 746 2040 sacivs
771 2014 802 2039 et
824 2021 880 2039 uon
902 2010 995 2039 sinere
1020 2008 1075 2037 [1³0-

392 2065 500 2089 manos,
526 2053 557 2083 id
586 2053 684 2083 evolvi
714 2052 796 2093 quod
823 2052 974 2082 inclusum
1001 2051 1076 2082 late-

392 2097 447 2127 bat
476 2096 507 2126 in
539 2098 581 2135 τῷ
609 2097 656 2125 ἑά.-
694 2101 727 2125 ut
758 2095 803 2125 vis
836 2095 928 2125 totius
962 2093 1077 2136 periodi

394 2140 459 2169 haec
485 2139 541 2169 sit:
579 2138 626 2173 ld,
651 2147 761 2179 nempe
788 2149 845 2167 nnn
872 2139 955 2177 procli
982 2139 1077 2172 sacius,

393 2183 537 2221 pertinere
564 2183 603 2211 ad
629 2181 801 2221 (lignitatem
821 2181 970 2220 fidemque
999 2182 1078 2219 ejus:

395 2230 426 2255 et
453 2223 591 2254 similiter
617 2224 658 2259 id,
684 2233 795 2264 nempe
823 2235 877 2253 nvn
901 2226 993 2253 sinere
1021 2223 1078 2252 Ro-

395 2277 493 2297 manos
517 2267 594 2296 omni
623 2276 695 2295 cura
724 2277 836 2301 vacuos,
865 2268 1009 2304 pertinere
1041 2267 1079 2297 ud

398 2310 624 2340 incolumitatem
650 2310 742 2347 regni.
789 2308 832 2338 At
860 2308 916 2339 hoc
943 2309 1012 2340 loco
1034 2309 1079 2339 ni-

397 2352 440 2382 hil
462 2357 508 2383 est
533 2362 592 2392 quo
620 2351 790 2392 explicetur
813 2357 844 2382 et
865 2352 1024 2382 evolvatur
1047 2351 1081 2382 τὸ

397 2396 436 2424 id.
490 2395 589 2424 Recte
617 2393 708 2433 igitur
731 2394 807 2424 illud
832 2394 1010 2425 mendosum
1030 2394 1079 2434 ju-

397 2437 547 2467 dicamus.
592 2436 670 2467 liaec
694 2435 762 2466 ideo
781 2437 919 2477 pluribus
941 2437 1077 2479 disputa-

396 2480 506 2515 vimus,
524 2483 557 2509 ut
572 2484 731 2521 appareret
746 2489 805 2509 non
820 2479 885 2509 sine
907 2490 1002 2510 causa
1024 2490 1079 2510 nos

397 2532 415 2552 a
440 2522 516 2552 tanti
539 2522 593 2551 vin
617 2521 797 2552 auctoritate
820 2522 987 2553 discedere.
1032 2523 1079 2553 Ex

396 2564 516 2606 scriptis
551 2569 582 2594 et
619 2564 770 2595 veteribus
804 2565 894 2595 editis
925 2564 1079 2595 revocavi-

397 2617 475 2642 mus,
503 2608 654 2638 succedens
682 2618 810 2641 murum,
842 2613 965 2638 auctore
1000 2609 1079 2638 Gro-

397 2650 497 2685 novio,
519 2648 601 2690 quod
626 2649 691 2680 sine
715 2650 778 2680 ulla
800 2650 916 2681 ratione
938 2650 1080 2691 Sigonius

399 2698 570 2723 mutaverat
585 2691 615 2722 in
631 2694 781 2722 succedens
795 2704 841 2722 mu
848 2694 896 2723 ris.

438 2735 580 2769 28⁴·Qm·
602 2746 668 2766 cum
690 2747 721 2766 ea
741 2741 826 2776 gente
847 2735 989 2775 primum]
1016 2736 1079 2766 Rc-

397 2777 440 2808 ser
457 2778 490 2808 ml
505 2780 554 2818 (μα’
577 2778 615 2808 ad
639 2788 749 2808 nomen
774 2778 894 2808 hreini.
942 2778 991 2808 De
1014 2778 1080 2820 ipsa

396 2831 426 2850 n:
442 2820 501 2850 vid.
518 2831 609 2861 supra
624 2821 748 2852 XXVI.
762 2822 814 2851 24.

437 2863 478 2892 25)
504 2863 579 2894 Dein
613 2864 718 2903 AEtoei]
753 2863 874 2904 Adjecit
902 2862 1080 2895 Perizonius

1124 2524 1286 2555 XXXIII.
1317 2524 1362 2554 13.
1390 2529 1420 2555 et
1445 2525 1497 2554 34.
1519 2529 1549 2554 et
1576 2524 1733 2555 XXXIV.
1755 2525 1809 2555 23.

1124 2572 1206 2639 Οωὲἳ
1232 2608 1303 2643 Qua·
1325 2619 1413 2648 quum
1436 2610 1482 2638 sui
1501 2610 1600 2650 juris]
1631 2609 1714 2650 Lege
1737 2619 1808 2639 cum

1125 2652 1250 2681 Mureto
1271 2662 1350 2691 qems,
1366 2662 1464 2691 quum.
1510 2652 1590 2682 *Sui
1604 2653 1688 2691 juris
1702 2658 1805 2682 autem

1124 2693 1260 2734 intellige
1278 2694 1404 2724 AEtolici.

1166 2737 1206 2766 :33
1231 2737 1353 2766 Ceut-um
1387 2742 1414 2766 cc
1451 2738 1665 2778 qninquaginta
1698 2737 1808 2777 pondo]

1126 2779 1302 2852 R.I³‘{³¹um
1334 2779 1512 2811 nostratium
1541 2781 1614 2812 234.
1651 2789 1721 2810 cum
1751 2789 1808 2811 un-

1124 2832 1178 2852 cus
1216 2844 1223 2852 .
