1947 3222
185 218 229 254 U.
238 218 277 251 C.
291 219 365 250 554.

185 261 229 293 Α.
243 261 282 293 C.
296 262 367 294 198.

185 554 302 586 Classis
316 555 374 585 At-

181 598 237 628 tali
252 603 283 628 et
299 598 385 629 Rho-

182 640 314 673 diorum.

182 1116 303 1150 Eretria
316 1117 372 1150 ob-

181 1166 329 1203 pugnata.

180 2083 320 2126 Capitur.

397 100 448 145 6⁶3
923 100 1069 139 T1T1
1112 99 1285 139 L1V11

397 207 586 249 insulam'
595 208 820 251 adsecutus
838 217 960 260 esset,
976 209 1145 252 dimisso
1166 210 1218 251 L.
1233 209 1431 267 Apustio,
1452 209 1520 251 cui
1541 220 1805 263 successerat,

397 264 517 306 tarde
530 264 628 306 inde
640 265 695 307 ad
712 266 910 316 Maleam,
924 266 1137 308 trahendis
1152 266 1401 323 plerumque
1416 266 1600 308 remulco
1615 267 1806 319 navibus,

396 336 494 377 quae
514 337 609 363 cum
630 332 864 364 commeatu
885 323 1182 378 sequebantur,
1194 323 1404 403 cpervenit.
1449 326 1488 365 A
1511 324 1667 374 Malea,
1677 325 1806 380 jussis

396 378 557 428 ceteris,
578 387 785 434 quantum
807 379 986 419 maxime
1006 387 1174 434 possent
1204 379 1456 431 ·4maturate,
1475 380 1607 436 sequi,
1628 381 1716 437 ipse
1737 381 1809 423 tri-

395 434 476 476 bus
495 435 867 490 quinqueremibus
893 435 1098 490 expeditis
1119 435 1151 459 ⁶⁵
1160 436 1367 478 Piraeeum
1396 438 1611 493 praecepst,
1632 438 1809 493 accepit-

396 507 480 547 que
510 506 635 532 naves
662 491 720 532 ibi
744 491 909 532 relictas
938 492 991 532 ab
1023 492 1074 532 L.
1097 493 1283 548 Apustio
1312 493 1450 548 legato
1479 494 1534 535 ad
1562 493 1806 550 praesidium

397 548 675 589 Athenarum.
727 547 890 589 Eodem
911 555 993 589 tem
1028 563 1096 589 ore
1112 549 1208 590 duae
1229 564 1279 591 ex
1302 550 1407 591 Asia
1426 551 1572 592 classes
1592 551 1806 607 profectae,

396 603 429 628 ⁶⁶
439 619 524 645 una
542 619 638 645 cum
661 604 808 646 Attalo
837 620 960 660 rege3
1015 621 1074 648 eae
1094 614 1278 661 quatuor
1307 614 1349 648 et
1378 607 1527 663 viginti
1557 607 1808 663 quinquere-

394 676 482 702 mes
510 664 648 716 erant)
676 661 845 705 Rhodia
873 661 1018 712 altera,
1048 662 1197 718 viginti
1225 662 1396 704 navium
1426 672 1655 706 tectarum:
1693 665 1808 720 Age-

394 717 629 760 simbrotus
641 726 830 774 praeerat.
893 719 977 759 Hae
996 718 1104 760 circa
1123 719 1321 760 Andrum
1345 720 1525 767 insulam
1544 721 1692 762 classes
1711 735 1808 770 con-

387 774 549 830 junctae
578 775 804 823 Euboeam,
824 775 922 820 inde
950 775 1106 831 exiguo
1135 775 1359 817 distantem
1387 777 1511 828 freto,
1539 778 1804 834 trajecerunt.

395 831 686 888 Carystiorum
714 832 899 888 primum
928 847 1050 888 agros
1078 840 1320 874 vastarunt:
1357 831 1523 884 deinde,
1549 834 1624 875 ubi
1656 835 1807 890 Carys-

394 895 478 939 tus,
509 888 706 944 praesidio
737 904 762 930 a
795 889 995 930 Chalcide
1026 888 1179 945 raptim
1209 889 1348 939 misso,
1378 889 1499 930 firma
1528 889 1616 931 visa
1644 898 1721 941 est,
1751 891 1806 932 ad

393 944 606 987 Eretriam
634 954 907 987 accesserunt.
969 945 1133 988 Eodem
1153 953 1209 987 etr
1223 946 1275 986 L.
1299 945 1521 996 Quinctius
1549 960 1646 987 cum
1665 946 1716 988 iis
1734 962 1807 989 na-

393 1001 533 1051 vibus,
553 1017 651 1058 quae
675 1001 823 1044 Piraeei
851 1003 1034 1053 fuerant,
1057 1002 1194 1044 Attali
1223 1002 1333 1058 regis
1352 1002 1537 1044 adventu
1557 1002 1719 1054 audito,
1740 1018 1809 1044 ve-

394 1058 472 1108 nit,
493 1058 529 1086 ⁶⁷
527 1058 756 1115 jussitque,
778 1066 842 1109 ut,
865 1073 961 1115 quae
982 1074 1033 1100 ex
1061 1074 1138 1101 sua
1165 1059 1293 1100 classe
1322 1059 1529 1101 venissent
1557 1074 1697 1110 naveS,
1719 1060 1810 1102 Eu-

393 1114 544 1157 boeam'
561 1123 762 1172 peterent.
823 1116 993 1158 Eretria
1021 1131 1184 1158 summa
1211 1115 1252 1157 vi
1279 1116 1617 1173 obpugnabatur.
1647 1130 1747 1158 nam
1765 1125 1807 1159 et

394 1171 523 1214 triu-m
557 1174 803 1229 junctarum
838 1172 1031 1214 classium
1072 1188 1196 1214 naves
1234 1173 1368 1214 omnis
1401 1173 1564 1229 generis
1598 1181 1808 1216 tormenta

392 1229 689 1285 machinasque
721 1230 777 1271 ad
806 1229 975 1275 urbium
1008 1229 1170 1271 excidia
1201 1244 1340 1271 secum
1374 1230 1613 1286 portabant,
1644 1237 1686 1271 et
1716 1230 1806 1286 agri

391 1285 567 1329 adfatim
588 1287 773 1328 materiae
824 1287 1039 1328 raebebant
1060 1286 1113 1327 ad
1134 1301 1242 1328 nova
1260 1285 1468 1327 molienda
1486 1301 1624 1342 opera.
1676 1286 1809 1343 Oppi-

393 1342 491 1384 dani
525 1343 661 1399 primo
694 1303 822 1384 haud)
844 1343 1006 1399 inpigre
1045 1343 1273 1384 tuebantur
1303 1342 1480 1384 moenia:
1526 1342 1678 1384 deinde
1711 1343 1809 1386 fessi

393 1399 687 1456 vulneratique
718 1400 895 1456 aliquot,
917 1415 1052 1456 quum
1072 1408 1114 1442 et
1133 1400 1243 1441 muri
1273 1408 1436 1456 partem
1461 1414 1646 1441 eversam
1671 1400 1809 1456 operi-

392 1455 474 1498 bus
493 1456 679 1498 hostium
706 1457 1010 1507 cernerent‚=ad
1030 1456 1283 1498 deditionem
1313 1456 1578 1498 inclinarunt.
1610 1456 1681 1497 sed
1702 1472 1809 1513 prae-

392 1512 547 1554 sidium
575 1521 664 1555 erat
686 1514 984 1564 Macedonum,
1006 1528 1113 1569 quos
1139 1528 1222 1554 non
1246 1512 1397 1563 minus,
1419 1529 1547 1569 quam
1578 1514 1806 1565 Romanos,

391 1570 662 1617 metuebant;
697 1578 738 1612 et
767 1570 975 1611 Philocles
1004 1570 1145 1626 regius
1171 1570 1396 1626 praefectus
1423 1584 1448 1610 a
1476 1569 1676 1611 Chalcide
1701 1585 1809 1611 nun-

392 1625 477 1667 cios
496 1627 705 1677 mittebat,
728 1642 770 1668 se
790 1626 832 1667 in
861 1635 1048 1682 tempore
1077 1626 1343 1677 adfuturum,
1365 1626 1398 1667 si
1419 1626 1669 1668 sustinerent
1698 1626 1807 1668 obsi-

392 1682 571 1724 dionem.
638 1684 745 1724 Haec
775 1683 908 1724 mixta
937 1691 1052 1725 metu
1087 1698 1180 1739 spes
1210 1682 1336 1734 ultra,
1372 1698 1501 1738 quam
1530 1682 1699 1734 vellent,
1730 1692 1806 1726 aut

391 1754 520 1795 quam
550 1748 733 1796 possent,
766 1740 930 1782 trahere
964 1755 1033 1780 eos
1068 1747 1234 1796 tempus
1268 1739 1456 1795 cogebat.
1498 1739 1662 1790 deinde,
1693 1749 1806 1796 post-

391 1811 518 1851 quam
541 1797 768 1838 Philoclem
790 1796 1004 1853 repulsum
1036 1796 1398 1853 trepidantemque
1419 1795 1620 1851 refugisse
1643 1796 1807 1838 Chalci-

391 1853 487 1894 dem
527 1862 791 1910 acceperunt,
827 1861 1011 1895 oratores
1049 1852 1260 1909 extemplo
1300 1853 1355 1893 ad
1396 1853 1605 1903 Attalum,
1642 1853 1805 1894 veniam

391 1909 603 1966 fidemque
641 1911 733 1966 ejus
773 1918 974 1966 petentes,
1016 1909 1230 1951 miserunt.
1296 1910 1411 1950 Dum
1452 1910 1494 1950 in
1536 1925 1651 1966 spem
1690 1910 1804 1965 pacis

391 1967 541 2009 intenti
572 1968 738 2023 segnius
758 1982 932 2008 munera
957 1967 1056 2009 belli
1085 1967 1258 2016 obeunt,
1279 1976 1321 2008 et
1342 1982 1390 2007 ea
1409 1966 1534 2008 modo
1563 1974 1696 2023 parte,
1718 1982 1806 2023 qua

391 2038 538 2065 murus
567 2024 734 2066 dirutus
764 2032 867 2075 erat,
889 2025 1035 2065 ceteris
1065 2023 1276 2079 neglectis,
1300 2020 1501 2065 stationes
1524 2032 1705 2064 armatas
1730 2023 1804 2065 ob-

390 2088 579 2136 ponunt;
626 2081 861 2131 Quinctius,
894 2089 1020 2122 noctu
1055 2081 1108 2121 ab
1141 2096 1189 2121 ea
1222 2088 1354 2136 parte,
1387 2096 1483 2136 quae
1513 2079 1682 2121 minime
1716 2095 1803 2121 sus-

390 2145 512 2193 pecta
532 2146 635 2187 erat,
657 2138 803 2194 inpetu
833 2138 959 2188 facto,
982 2137 1099 2180 scalis
1128 2138 1275 2178 urbem
1298 2136 1419 2194 cepit.
1482 2136 1801 2194 Oppidanorum

390 2193 523 2235 omnis
552 2194 781 2236 multitudo
809 2210 904 2236 cum
930 2194 1180 2251 conjugibus
1199 2209 1247 2235 ac
1268 2193 1408 2235 liberis
1428 2194 1471 2235 in
1492 2208 1628 2235 arcem
1657 2193 1800 2234 confu-

389 2250 477 2306 git:
516 2250 665 2292 deinde
694 2252 737 2292 in
767 2251 1020 2293 deditionem
1051 2250 1176 2293 venit.
1238 2251 1432 2292 Pecuniae
1462 2250 1638 2306 aurique
1667 2258 1709 2291 et
1739 2265 1803 2291 ar-

389 2307 504 2363 genti
536 2307 652 2350 haud
684 2323 779 2350 sane
807 2308 988 2350 multum
1015 2309 1122 2350 fuit:
1166 2308 1298 2364 signa,
1325 2307 1482 2350 tabulae
1506 2307 1653 2363 priscae
1682 2307 1799 2365 artiS,

432 2427 473 2458 64
496 2428 657 2458 ,Maturate
678 2429 772 2468 sequi]
807 2428 913 2469 Magis
935 2429 1072 2471 placeret
1115 2438 1197 2459 more
1213 2426 1493 2468 Romanosjuvare
1514 2427 1623 2457 classe.
1662 2425 1737 2457 vid.
1751 2437 1804 2457 su-

388 2475 539 2501 maturare
570 2472 660 2511 sequi,
689 2471 771 2511 quod
800 2471 915 2502 habent
953 2471 1071 2513 antiqui
1116 2482 1173 2513 pra
1187 2481 1215 2501 c.
1231 2471 1260 2501 8.

387 2513 473 2549 editi,
503 2518 580 2544 teste
618 2514 774 2544 Gronovio
809 2514 841 2544 in
878 2519 950 2545 nota
980 2515 1019 2546 ad
1049 2515 1071 2545 l.
1158 2514 1198 2543 67
1221 2513 1369 2554 Jussitque
1398 2513 1448 2552 ut]
1496 2511 1645 2542 Notanda
1672 2510 1798 2543 locutio.

390 2556 546 2587 XXXIX.
560 2567 587 2586 c.
603 2557 653 2587 45.
1116 2556 1220 2588 Verbo
1257 2556 1337 2586 enim
1366 2557 1472 2594 jubere
1507 2553 1702 2595 subjungitur
1737 2555 1798 2585 fere

432 2599 660 2630 65‘Piraeenm
687 2601 839 2641 proeeepit]
875 2600 1072 2631 Antecedens
1116 2600 1242 2630 verbum
1267 2597 1377 2628 infiniti
1402 2597 1496 2628 modi.
1541 2599 1559 2618 '⁴
1574 2596 1679 2637 Magis
1703 2602 1733 2627 et
1757 2597 1797 2627 ad

389 2641 537 2683 reliquam
552 2641 692 2676 classem,
711 2642 862 2673 Pirmeum
879 2643 988 2673 tenuit.
1117 2643 1276 2682 vulgatum
1300 2640 1444 2681 loquendi
1468 2650 1594 2674 morem,
1618 2645 1649 2670 et
1671 2639 1710 2670 ad
1734 2650 1797 2670 rem

430 2685 472 2716 66
499 2685 567 2715 Umt
579 2696 647 2715 cum
662 2686 766 2715 Attalo
787 2685 868 2725 rege]
905 2686 1005 2715 Docet
1022 2686 1072 2715 Li·
1116 2694 1239 2725 quoque
1273 2689 1453 2726 praesentem
1482 2687 1663 2723 congrueret
1689 2682 1797 2719 oratio,

387 2727 455 2758 vius
471 2728 549 2758 infra
564 2737 594 2758 c.
607 2729 660 2758 27.
694 2727 881 2758 Antiochum
899 2728 1067 2768 legatorum
1113 2728 1137 2757 si
1161 2728 1297 2768 legeres:
1317 2729 1474 2767 jussitque,
1495 2733 1526 2755 ue
1550 2736 1669 2766 querque
1690 2736 1720 2756 es.
1744 2735 1797 2755 sua

388 2770 601 2801 Romanorum
637 2771 817 2802 auctoritate
852 2777 980 2806 motum,
1011 2771 1068 2800 At-
1113 2771 1199 2801 classe
1243 2771 1381 2801 reniswnt
1426 2781 1521 2803 τιιιιίκκ,
1566 2769 1706 2799 Ιζιιὺιιαιη
1747 2778 1796 2807 pe-

387 2813 442 2843 tali
458 2814 570 2844 finibus
591 2813 756 2844 exercitum
779 2813 953 2844 deduxisse.
1002 2813 1069 2843 lloc.
1114 2820 1184 2845 rere.

388 2855 490 2897 itaque
517 2861 600 2888 metu
627 2857 703 2888 liber
734 2856 859 2888 Attalus
890 2855 986 2898 potuit
1016 2866 1069 2897 pro
