1947 3222
373 125 418 157 12
910 115 1041 155 T1T1
1084 117 1246 155 LIVII

156 237 197 268 U.
210 237 247 268 C.
262 236 337 267 552.
367 226 668 281 augendumque
697 240 861 280 regnum
891 240 988 279 opus
1017 241 1097 267 esse
1116 226 1357 280 judicasset,
1389 226 1497 267 enise
1525 227 1573 266 id
1597 228 1786 280 populum

155 279 335 326 A.C.·200.
373 283 598 324 Romanum
628 284 770 323 merito
800 282 882 336 ejus
904 290 1208 335 praestaturum.
1274 283 1479 324 Verminae
1510 298 1679 339 quoque
1711 285 1787 340 Sy-

157 323 312 352 Verminae

155 363 306 406 Syphacis

366 340 510 397 phacis
530 339 604 381 filii
625 339 751 394 legati
772 354 848 395 per
878 354 945 380 eos
975 339 1063 380 dies
1094 348 1283 380 senatum
1312 339 1520 390 adierunt,
1543 349 1787 382 excusantes

154 407 208 436 filii
224 404 328 447 legati.
368 411 548 438 errorem
583 396 1003 451 adolescentiamque,
1039 404 1081 437 et
1122 395 1288 451 culpam
1322 411 1486 437 omnem
1517 396 1558 437 in
1594 397 1787 438 fraudem

162 1437 293 1469 Sublata
301 1448 354 1479 pe—

370 452 786 508 Karthaginiensium
816 461 1062 493 avertentes.
1122 453 1182 493 Et
1217 453 1484 493 Masinissam
1514 454 1711 494 Romanis
1742 468 1791 494 ea:

366 511 478 551 hoste
497 510 854 562 amicumfactum:
891 508 1120 549 Verminam
1141 523 1295 563 quoque
1309 511 1556 558 adnisurum,
1579 526 1629 551 ne
1648 511 1792 567 officiis

368 569 414 608 in
426 567 619 620 populum
641 568 865 608 Romanum
886 572 958 606 aut
985 580 1011 606 α
1034 566 1276 614 Masinissa,
1300 572 1371 607 aut
1401 567 1452 607 ab
1481 569 1564 608 ullo
1592 570 1676 608 alio
1705 568 1791 608 vin-

368 630 496 665 catur.
555 624 717 672 Petere,
739 629 783 664 ut
803 638 887 671 rex,
909 623 1124 677 sociusque,
1148 630 1185 664 et
1207 624 1355 663 amicus
1375 624 1426 664 ab
1446 631 1586 665 senatu
1607 626 1792 678 adpella-

369 687 493 722 retur.
554 681 821 736 Responsum
852 679 1000 735 legatis
1035 688 1124 721 est:
1171 682 1230 720 Et
1263 687 1424 733 patrem
1459 680 1541 735 ejus
1572 682 1791 737 Syphacem

370 739 457 780 sine
471 752 610 779 caussa
631 752 680 777 ex
691 737 796 778 socio
811 743 849 777 et
863 737 992 777 amico
1007 737 1152 777 hostem
1168 744 1331 789 repente
1343 740 1492 790 populi
1510 739 1687 780 Romani
1689 739 1791 793 fac-

371 803 474 836 tum:
506 801 545 835 et
565 809 648 834 eum
670 794 798 847 ipsum
819 795 1084 834 rudimentum
1106 795 1386 834 adolescentia?
1414 795 1516 836 hello
1540 797 1792 838 lacessentem

371 853 578 893 Romanos
589 852 784 905 posuisse.
823 851 971 905 Itaque
983 865 1126 904 pacem
1148 852 1214 891 illi
1226 852 1349 903 prius
1363 854 1581 903 petendam
1603 868 1629 894 α
1641 855 1795 907 populo

371 910 560 950 Romano
587 923 682 958 esse,
706 922 823 962 quam
853 915 898 948 ut
929 908 1033 958 Rex,
1063 909 1280 962 sociusque,
1308 914 1346 948 et
1376 910 1526 951 amicus
1553 911 1793 964 adpelletur.

373 966 564 1007 Nominis
583 965 666 1020 ejus
685 966 875 1006 honorem
888 979 970 1018 pro
990 967 1148 1020 magnis
1178 979 1274 1019 erga
1296 979 1337 1006 se
1366 980 1500 1020 regum
1521 968 1677 1009 meritis
1697 970 1797 1009 dare

363 1024 559 1077 populum
592 1023 816 1063 Romanum
845 1037 1059 1063 consuesse.
1123 1023 1303 1076 Legatos
1339 1022 1539 1064 Romanos
1569 1025 1612 1064 in
1642 1025 1793 1080 Africa

355 1080 471 1135 sbre,
493 1080 635 1133 quibus
663 1081 947 1120 mandaturum
972 1086 1167 1129 senatum,
1188 1086 1232 1119 ut
1258 1079 1299 1120 V
1294 1081 1458 1120 ermina»
1478 1083 1599 1134 pacis
1628 1083 1724 1124 dent
1743 1085 1798 1124 le-

367 1152 452 1192 ges,
474 1137 681 1178 ⁵⁴¹lil>erum
712 1137 924 1177 arbitrium
946 1137 1004 1177 eis
1026 1138 1180 1190 populo
1213 1137 1396 1177 Romano
1418 1139 1691 1190 permittente.
1751 1142 1800 1184 Si

374 1195 475 1249 quid
502 1195 558 1235 ad
586 1208 655 1235 eas
683 1195 799 1243 addi,
821 1195 940 1245 demi,
962 1195 1161 1235 mutarive
1189 1195 1319 1243 vellet,
1342 1209 1479 1236 rursus
1506 1195 1559 1235 ab
1586 1204 1729 1238 senatu
1759 1200 1799 1239 ei

367 1253 655 1305 postulandum
681 1252 796 1306 fore.
858 1251 1010 1307 Legati
1050 1266 1144 1292 cum
1186 1251 1234 1291 iis
1274 1250 1482 1293 mandatis
1521 1252 1564 1293 in
1605 1254 1796 1296 Africam

374 1309 503 1360 missi,
546 1310 594 1350 C.
628 1308 854 1350 Terentius
891 1309 1038 1358 Varro,
1078 1309 1171 1364 Sp.g
1192 1307 1431 1359 Lucretius,
1470 1310 1546 1350 Cn.
1580 1311 1794 1353 Octavius.

374 1366 697 1422 quinqueremes
718 1364 892 1421 singulis
912 1364 1037 1406 datae.

433 1423 548 1464 XII.
582 1422 739 1464 Literae
769 1421 920 1462 deinde
944 1422 987 1462 in
1019 1430 1165 1463 senatu
1197 1423 1380 1465 recitatae
1412 1431 1508 1466 sunt
1542 1425 1590 1475 Q.
1615 1426 1796 1468 Minucii

120 1523 121 1527 Ἰ
162 1480 364 1530 ῡυῡὶᾶθξὸηῡ
374 1480 580 1536 praetoris,
617 1479 684 1520 cui
721 1479 881 1520 Bruttii
913 1478 1128 1534 provincia
1159 1488 1273 1527 erat;
1324 1482 1543 1522 Pecuniam
1574 1483 1721 1524 Locris
1750 1499 1800 1524 ea:

162 1524 366 1566 P¹⁰⁵erP¹¹¹ae‘
378 1537 643 1590 Proserpinae
658 1536 857 1576 thesauris
878 1542 992 1576 nocte
1007 1537 1108 1575 clam
1124 1536 1320 1577 sublatam
1336 1555 1348 1577 .·
1380 1552 1463 1586 nec,
1481 1540 1538 1578 ad
1556 1554 1652 1593 quos
1665 1542 1800 1593 perti-

167 2116 323 2158 Prodigia.

375 1600 472 1635 neat
483 1594 673 1648 facinus,
695 1594 866 1646 vestigia
890 1594 975 1632 ulla
997 1599 1167 1633 exstare.
1231 1594 1410 1649 Indigne
1440 1610 1587 1650 passus
1617 1605 1799 1649 senatus,

375 1666 458 1692 non
479 1649 627 1691 cessari
647 1650 700 1690 ab
722 1649 960 1704 sacrilegiis,
982 1657 1023 1690 et
1043 1664 1094 1689 ne
1127 1649 1379 1690 Pleminium
1400 1652 1588 1707 quidem,
1610 1662 1696 1695 tam
1718 1653 1801 1695 cla-

376 1723 471 1749 rum
506 1722 732 1762 recensque
763 1721 885 1746 noxae
918 1705 1041 1746 simul
1072 1721 1120 1746 ac
1154 1721 1290 1761 poenae
1321 1708 1575 1763 exemplum,
1612 1710 1800 1752 homines

376 1765 597 1806 deterrere.
660 1764 729 1804 C.¹¹
751 1762 928 1803 Aurelio
949 1762 1108 1803 consuli
1128 1763 1344 1818 negotium
1365 1763 1528 1816 datum,
1550 1775 1600 1808 ut
1620 1767 1674 1808 ad
1694 1783 1801 1823 prae-

377 1830 509 1863 torem
540 1820 582 1861 in
613 1818 804 1861 Bruttios
834 1819 1054 1861 scriberet:
1087 1821 1248 1860 senatui
1269 1822 1448 1873 placere,
1470 1825 1726 1876 quaestionenz
1752 1827 1802 1866 de

377 1879 572 1932 expilatis
601 1877 802 1918 thesauris
830 1878 962 1917 eodem
983 1879 1161 1930 exemplo
1180 1877 1335 1926 haberi,
1359 1892 1436 1932 quo
1467 1879 1533 1922 M.
1554 1882 1803 1934 Pomponius

370 1943 533 1989 praetor
550 1934 772 1976 ⁵⁵triennio
793 1940 888 1974 ante
908 1934 1124 1975 habuisset.
1186 1935 1285 1982 Quae
1307 1936 1471 1976 inventa
1488 1940 1667 1990 pecunia
1689 1947 1802 1991 esset,

377 1993 532 2046 reponi.
554 1993 591 2033 si
611 2006 688 2046 quo
707 1992 837 2032 minus
858 1992 1061 2032 inventum
1064 1991 1200 2046 foret,
1220 1993 1396 2045 expleri:
1427 2008 1476 2034 ac
1487 1996 1743 2047 piacularia,
1765 1999 1804 2039 si

377 2051 595 2098 videretur,
617 2050 720 2090 sicut
740 2055 836 2089 ante
849 2049 1060 2101 pontifices
1088 2051 1340 2099 censuissent,
1350 2051 1453 2104 fieri
1471 2066 1610 2094 caussa
1632 2055 1803 2107 expian-

379 2109 443 2148 dae
462 2107 699 2148 violationis
719 2105 801 2160 ejus
820 2107 973 2159 templi.
1034 2106 1235 2162 Prodigia
1254 2107 1379 2148 etiam
1401 2109 1480 2149 sub
1505 2108 1615 2151 idem
1636 2118 1803 2167 tempus

380 2164 574 2221 pluribus
608 2163 708 2205 locis
741 2162 980 2204 ⁵⁶nunciata
1014 2162 1265 2205 acciderunt.
1342 2165 1394 2204 In
1431 2165 1614 2208 Lucanis
1649 2168 1801 2209 coelum

381 2220 526 2262 arsisse
546 2220 803 2262 adferebant.
865 2219 1055 2261 Priverni
1077 2235 1219 2261 sereno
1241 2235 1317 2284 per
1338 2220 1447 2263 diem
1469 2231 1605 2265 totum
1626 2224 1803 2266 rubrum

383 2277 509 2319 solem
529 2277 669 2319 fuisse.
731 2276 913 2318 Lanuvii
944 2277 1101 2333 templo
1134 2279 1311 2334 Sospltae
1341 2279 1371 2318 J
1375 2278 1522 2321 unonis
1551 2289 1672 2323 nocte
1702 2290 1804 2323 stre-

752 2379 767 2404 ἕ
789 2376 825 2406 P.
844 2376 942 2407 Gron.
958 2376 1050 2407 Crev.
1223 2377 1238 2400 h
1256 2377 1312 2407 Cn.
1329 2377 1425 2408 Gron.

426 2474 466 2504 54
509 2472 643 2502 Liberum
687 2473 842 2501 arbitrium
886 2474 925 2502 eis
966 2473 1071 2511 populo
1114 2472 1216 2512 mina)
1248 2494 1255 2501 .
1284 2494 1292 2501 .
1324 2495 1331 2503 .
1361 2473 1462 2513 legatis
1490 2475 1597 2503 obviam
1624 2484 1799 2516 progressus,

385 2516 516 2546 Romano
542 2515 740 2556 permittente]
780 2516 854 2545 Duo
881 2514 986 2556 scripti
1014 2514 1069 2544 ha-
1113 2522 1148 2545 ut
1190 2516 1344 2545 scriberent
1388 2516 1441 2553 ipsi
1477 2526 1549 2555 quas
1584 2517 1687 2547 vellent
1721 2521 1802 2556 pacis

384 2560 460 2589 bent
484 2563 560 2589 teste
586 2558 752 2589 Gronovio.
776 2559 854 2596 ejus:
888 2558 999 2598 quibus
1022 2568 1073 2587 ac·
1118 2559 1292 2588 conditiones
1306 2559 1444 2597 permisit.

385 2601 502 2632 cedunt
529 2611 608 2631 unus
632 2600 762 2631 Ilearnii
788 2600 896 2635 codex,
922 2606 953 2630 et
976 2605 1075 2630 noster
1162 2602 1202 2631 55
1229 2600 1460 2641 'I'rienniuanteJ
1487 2601 1555 2632 Hoc
1579 2612 1682 2633 verum
1705 2610 1761 2639 est,
1779 2605 1803 2635 si

388 2645 506 2675 Victor.
531 2649 562 2675 et
578 2643 713 2674 Andreae
736 2642 839 2673 editio.
886 2643 979 2674 Unde
1004 2643 1072 2674 Ru-
1117 2653 1177 2673 non
1213 2650 1411 2674 numerentur
1446 2650 1591 2675 extrema.
1650 2645 1800 2688 Alioquin

388 2687 498 2717 bonius
534 2692 636 2718 censet
679 2685 846 2726 legendum
882 2687 1072 2724 γιϊυιιίιεηιί,
1116 2685 1282 2726 legendum
1307 2686 1363 2716 erit
1389 2688 1582 2726 quinquennio
1604 2694 1680 2718 ante.
1727 2689 1801 2720 Yid.

389 2730 470 2769 quod
494 2729 595 2760 referri
618 2729 730 2760 debeat
753 2730 792 2759 ad
807 2728 997 2759 Verminam.
1042 2729 1074 2758 Si
1117 2739 1208 2770 supra
1225 2728 1246 2758 l.
1260 2730 1382 2759 xxlx.
1397 2739 1424 2759 c.
1440 2730 1492 2760 21.

390 2782 499 2813 nempe
527 2772 678 2804 Vermina.
697 2771 783 2814 pacis
807 2771 917 2802 dandae
944 2772 1072 2801 liberum
1159 2773 1201 2802 56
1226 2771 1377 2802 Nanctum
1413 2774 1599 2814 acciderunt]
1646 2774 1803 2806 Nunciata

391 2815 547 2845 aibitriuni
571 2815 685 2857 populo
711 2815 854 2846 Romano
878 2815 1075 2856 permitteret.
1118 2821 1319 2855 pervenerunt
1349 2815 1388 2846 ad
1417 2826 1505 2847 aures
1534 2817 1661 2848 Patrum
1689 2824 1720 2849 et
1748 2828 1803 2860 po—

392 2857 479 2888 Nihil
502 2864 625 2889 centius,
670 2857 755 2890 Infra
781 2869 808 2889 c,
835 2858 883 2889 19.
932 2858 958 2889 ls
979 2858 1074 2899 (Yer-
1120 2857 1196 2900 puli.
