1947 3222
413 132 486 173 1⁷⁸
917 130 1089 189 *T1T1
1129 129 1290 168 LIVII

205 245 242 276 u.
256 245 293 278 c.
307 246 379 277 558.
411 243 510 279 tuor
529 237 657 279 millia
674 237 791 280 fuere
807 238 1070 280 Atticorum:
1099 238 1428 281 tetradrachma¹
1449 245 1620 279 vocant:
1647 237 1815 279 ⁸⁰trium

205 287 295 319 A.c.
312 288 381 320 194.
413 292 499 335 fere
538 293 799 336 denariorum
839 295 882 336 in
923 295 1096 351 singulis
1134 295 1294 352 argenti
1329 303 1390 336 est
1430 294 1605 351 pondus.
1665 294 1816 335 ⁸¹Auri

199 1024 337 1057 Coloniae

200 1067 320 1098 Latin-'2
335 1068 387 1099 de-

199 1108 311 1141 ductae.

412 349 553 406 pondo
581 351 663 393 fuit
685 351 765 393 tria
792 351 920 392 millia
941 352 1202 407 septingenta
1221 351 1553 408 quatuordecim,
1575 359 1616 392 et
1636 350 1815 408 clipeum

412 421 544 447 unum
564 422 616 448 ex
637 423 739 449 auro
759 416 893 449 totum
910 424 918 448 :
952 417 993 449 et
1013 407 1045 431 ³²
1056 408 1266 464 Philippei
1296 408 1454 449 nummi
1484 407 1599 448 aurei
1619 416 1819 463 quatuor-

412 461 545 504 decim
575 464 717 514 millia,
746 464 963 518 quingenti
995 464 1323 519 quatuordecim.
1385 464 1531 506 Tertio
1560 463 1628 504 die
1657 478 1818 504 coronae

412 533 563 569 aureae,
587 519 694 560 dona
709 520 965 569 civitatium,
988 520 1197 562 translatae
1217 530 1382 562 centum
1403 520 1743 576 quatuordecim:
1776 529 1818 561 et

411 574 559 616 hostiae
579 575 741 617 ductae:
774 584 815 616 et
835 584 929 617 ante
949 591 1118 616 currum
1146 576 1267 617 multi
1289 576 1445 618 nobiles
1466 577 1617 633 captivi
1638 575 1819 617 obsides-

411 646 510 687 que,
531 633 639 673 inter
654 637 774 687 *quos
802 632 1042 673 Demetrius
1072 633 1180 688 regis
1202 632 1387 688 Philippi
1416 632 1526 674 filius
1554 633 1652 681 fuit,
1674 641 1716 674 et
1737 634 1819 673 Ar-

411 701 563 737 menes,
587 687 764 729 Nabidis
794 689 958 744 tyranni
990 688 1115 738 filius,
1139 689 1490 730 Lacedaemonius.
1553 690 1649 746 Ipse
1670 688 1818 730 deinde

413 742 639 791 Quinctius
668 744 709 785 in
734 745 875 786 urbem
898 753 960 786 est
989 745 1188 786 invectus.
1221 745 1370 786 milites
1399 746 1528 786 secuti
1549 761 1719 787 currum
1739 745 1819 786 fre·

411 808 600 879 guenta&
636 810 682 843 ut
723 801 833 842 omni
873 816 924 842 ex
970 802 1183 858 provincia
1221 801 1405 843 exercitu
1445 801 1675 858 deportato.
1736 802 1817 843 His

456 854 606 897 duceni
640 857 922 914 quinquageni
959 858 1052 899 aeris
1083 859 1123 899 in
1160 858 1319 914 pedites
1349 857 1492 899 divisi:
1535 857 1692 915 duplex
1727 873 1819 899 cen-

411 911 580 964 turioni,
602 914 755 971 triplex
776 914 920 971 equiti.
984 915 1261 956 Praebuerunt
1287 915 1462 971 speciem
1483 915 1698 971 triumpho
1717 914 1820 956 3403-

410 968 571 1025 pitibus
590 971 692 1012 rasis
713 972 858 1020 secuti,
880 973 953 1027 qui
976 972 1174 1026 servitute
1194 972 1348 1013 exemti
1368 971 1548 1012 fuerant.

469 1025 603 1067 LIII.
635 1027 770 1070 Exitu
792 1028 920 1084 hujus
941 1028 1035 1070 anni
1059 1030 1106 1079 Q.
1124 1028 1262 1068 AElius
1280 1028 1453 1069 Tubero
1475 1027 1668 1070 tribunus
1687 1025 1820 1084 plebis

410 1096 461 1123 ex
492 1084 848 1126 senatusconsulto
878 1085 976 1127 tulit
1006 1085 1060 1126 ad
1088 1085 1266 1141 plebem,
1297 1083 1522 1140 plebesque
1553 1084 1686 1135 scivit,
1717 1083 1820 1125 ⁸⁵Ut

410 1138 581 1180 Latinae
609 1141 699 1181 duae
731 1142 911 1192 coloniae,
942 1156 1022 1182 una
1055 1143 1096 1181 in
1128 1142 1330 1191 Bruttios,
1357 1143 1490 1182 altera
1519 1142 1564 1182 in
1599 1142 1821 1183 Thurinum

864 1240 882 1264 k
897 1241 1142 1272 tetradrachmum
1160 1240 1257 1271 Gron.
1274 1239 1365 1270 Crev.

451 1333 493 1363 80
519 1332 619 1363 Trium
635 1335 706 1376 fere
728 1336 916 1365 denariorum
938 1337 969 1365 in
990 1337 1092 1377 singu-

409 1374 444 1405 lis
471 1377 587 1416 argenti
613 1384 653 1408 est
677 1377 804 1418 pondus]
840 1378 950 1419 Supra,
985 1387 1011 1408 c.
1041 1378 1093 1409 50.

408 1416 640 1449 observavimus
668 1428 705 1449 ex
730 1419 796 1462 ipso
820 1420 907 1451 Livio
933 1419 1092 1451 denarium

408 1459 525 1491 censeri
562 1461 714 1504 aequalem
750 1462 916 1493 drachmae.
969 1464 1092 1504 Itaque,

408 1500 468 1533 nisi
491 1502 598 1534 Livius
618 1513 724 1535 secum
744 1504 810 1546 ipse
834 1511 962 1547 pugnat,
990 1505 1093 1546 legen-

409 1543 483 1576 dum
498 1545 549 1576 hic
566 1545 648 1577 1111.
662 1547 733 1589 fere
754 1549 950 1578 denariorum.
995 1547 1094 1578 Addit

399 1586 482 1628 fere,
498 1587 531 1618 id
553 1594 611 1625 est,
632 1589 761 1625 circiter,
780 1590 853 1631 quia
875 1591 975 1632 reipsa
997 1589 1092 1621 dena-

409 1629 488 1661 rium
515 1631 650 1672 pondere
675 1632 824 1664 drachma
848 1633 941 1674 paulo
967 1643 1091 1674 supera-

409 1671 482 1704 bat:
507 1683 570 1714 qua
589 1673 628 1704 de
649 1684 681 1705 re
704 1676 828 1706 consule
849 1675 1092 1706 dissertationem

411 1714 462 1745 cl.
479 1715 625 1747 Labarrei
647 1727 666 1747 a
691 1717 778 1747 nobis
801 1717 961 1749 laudatam
984 1718 1016 1748 in
1031 1718 1092 1748 dis-

431 1757 569 1789 utatione
599 1758 638 1789 de
665 1759 849 1801 ponderibus
876 1767 907 1791 et
934 1761 1092 1791 mensuris.

429 1799 511 1840 gitur
534 1801 691 1842 octoginta
720 1808 850 1843 quatuor
877 1803 975 1834 millia
1002 1809 1093 1833 tetra-

409 1841 590 1874 drachmam
619 1844 756 1875 efficiunt
785 1845 926 1876 denarios
955 1846 1092 1876 336000.

409 1884 504 1915 libras
528 1885 646 1926 argenti
672 1886 831 1919 Romanas
858 1888 952 1920 3360.
975 1898 1093 1919 marcas

411 1932 560 1959 nostrates
575 1929 669 1960 5250.

453 1970 490 2000 81
517 1972 594 2001 Auri
614 1971 707 2010 pondo
721 1994 730 2002 .
746 1995 754 2002 .
771 1995 779 2003 .
795 1974 852 2002 tria
875 1973 967 2003 millia
985 1974 1090 2012 septin-

407 2018 498 2053 genta
526 2015 758 2055 quatuordecim]
797 2016 916 2047 Marcae
944 2022 1094 2047 nostrates

411 2056 507 2087 5803.
521 2066 591 2087 cum
607 2067 671 2088 una
685 2058 788 2088 uncia.

452 2098 493 2128 82
521 2099 667 2138 Philippei
700 2101 812 2130 nummi
847 2101 946 2142 aurei]
993 2101 1092 2132 Num-

409 2147 493 2170 mum
527 2151 654 2173 aureum
684 2143 767 2185 apud
802 2142 928 2174 Graecos
959 2155 1014 2186 pro
1048 2143 1094 2174 di-

409 2181 555 2214 drachmo
584 2185 662 2216 sumi
696 2186 826 2216 affirmat
863 2196 901 2216 ex
937 2187 1090 2218 communi

408 2223 472 2256 fere
498 2225 657 2258 doctorum
681 2238 829 2259 consensu
854 2229 1028 2261 Gronovius
1053 2229 1090 2260 de

409 2267 484 2299 Pec.
499 2269 570 2300 Vet.
587 2270 606 2299 l.
625 2271 671 2301 11.
685 2280 712 2300 c.
727 2272 758 2302 8.
790 2271 882 2308 Quod
898 2271 922 2302 si
938 2271 980 2303 ita
995 2282 1090 2314 pona·

407 2314 468 2345 tur,
505 2321 601 2351 quum
640 2312 724 2344 mina
763 2313 929 2345 aestimetur
967 2321 1089 2346 centurn

408 2351 574 2390 drachmis,
598 2355 681 2386 aurei
703 2356 816 2387 14514.
839 2357 975 2388 efficiunt
997 2358 1089 2399 paulo

409 2395 480 2437 plus
493 2396 566 2427 290.
581 2397 691 2429 minas.
736 2398 828 2430 Libra
852 2406 955 2431 autem
972 2401 1088 2432 Roma-

409 2447 451 2468 na
474 2445 613 2470 censetur
637 2451 692 2483 par
718 2441 819 2472 minae.
866 2442 976 2484 Itaque
999 2453 1087 2474 exur-

407 2486 482 2527 gent
509 2491 619 2513 marcae
646 2489 795 2515 nostrates
826 2485 896 2515 453.
928 2496 997 2517 cum
1028 2497 1089 2517 una

407 2532 509 2554 uncia.

450 2566 491 2597 83
515 2566 631 2596 Duceni
644 2570 841 2610 quinquageni
860 2571 941 2611 aerisl
971 2570 1009 2601 Id
1031 2576 1087 2606 est,

407 2607 526 2640 denarii
545 2609 599 2641 25.
622 2611 719 2641 uncie
747 2612 862 2652 argenti
887 2619 1037 2644 nostrates
1056 2614 1087 2644 3.

406 2660 479 2683 cum
501 2661 573 2689 uuo,
600 2656 634 2683 ut
661 2659 781 2688 vocant,
809 2664 923 2695 grosso.
967 2657 1088 2686 Grono-

406 2692 506 2724 vianne
527 2693 674 2726 editiones
687 2697 816 2726 ducenti.
859 2697 920 2727 Sed
941 2698 1086 2729 vetustio-

407 2745 455 2766 res
477 2741 509 2768 et
530 2736 616 2769 vict.
637 2736 734 2769 codex
761 2737 927 2780 prefer-unt
953 2739 982 2770 id
1006 2739 1087 2780 quod

406 2777 570 2816 edidimus,
585 2785 616 2812 et
638 2785 721 2812 recta
743 2780 888 2822 loquendi
913 2781 1007 2812 forma
1034 2793 1087 2824 po-

407 2821 554 2852 ntulabat.

449 2864 488 2894 84
515 2865 664 2904 Capitibus
685 2867 774 2908 rasis]
799 2866 858 2898 Pro
881 2876 962 2898 more
986 2876 1088 2898 eorum

1135 1334 1189 1375 qui
1208 1334 1350 1366 libertate
1372 1333 1478 1364 donati
1500 1333 1630 1364 fuerant.
1673 1334 1724 1365 Sic
1740 1334 1817 1364 Prn-

1135 1376 1212 1407 siam
1235 1377 1325 1413 infra,
1341 1377 1362 1407 l.
1377 1377 1479 1407 XLV.
1494 1387 1521 1407 c.
1538 1377 1593 1406 ult.
1608 1387 1703 1417 quum
1725 1386 1757 1407 se
1780 1376 1816 1408 li-

1135 1419 1256 1451 bertum
1280 1419 1386 1462 populi
1409 1418 1545 1449 Romani
1570 1418 1695 1453 diceret.
1718 1418 1817 1467 pilea-

1137 1469 1212 1498 tum,
1232 1462 1333 1504 capite
1359 1472 1438 1496 raso,
1459 1460 1569 1502 legatis
1591 1461 1742 1492 Romanis
1762 1461 1816 1492 ob-

1138 1504 1217 1536 viam
1233 1505 1357 1536 solitum
1372 1504 1415 1535 ire
1429 1509 1625 1534 memoratur.

1179 1549 1220 1580 85
1247 1547 1287 1578 Ut
1311 1547 1429 1577 Latinoe
1449 1548 1520 1577 duoe
1540 1546 1673 1587 colonioe]
1710 1545 1818 1578 Credi-

1138 1589 1198 1621 bile
1228 1596 1274 1621 est
1304 1589 1433 1620 Latinas
1467 1588 1603 1620 colonias
1638 1589 1730 1620 fuisse
1755 1599 1818 1625 eas,

1135 1633 1166 1662 in
1190 1643 1266 1675 quas
1291 1632 1403 1667 Latini,
1420 1643 1482 1663 non
1504 1631 1640 1663 Romani
1661 1632 1818 1662 mitteren-

1138 1681 1196 1706 tur.
1242 1675 1363 1706 Latinae
1385 1675 1466 1705 enim
1482 1675 1609 1706 coloniae
1627 1674 1679 1715 jus
1702 1681 1822 1705 tantum

1136 1718 1292 1749 habebant
1325 1717 1422 1748 Latii:
1459 1728 1495 1748 eo
1529 1724 1631 1748 autem
1663 1716 1733 1758 jure
1765 1718 1818 1759 qui

1136 1766 1233 1795 erant,
1249 1760 1330 1791 cives
1345 1759 1479 1790 Romani
1501 1770 1563 1790 non
1581 1766 1680 1791 erant.
1724 1760 1818 1791 Porro

1137 1803 1299 1834 verisimile
1315 1813 1375 1834 non
1397 1808 1444 1832 est
1458 1802 1618 1833 Romanos
1639 1802 1671 1832 in
1684 1801 1815 1842 ejusmo-

1136 1845 1166 1875 di
1188 1845 1323 1877 colonias
1345 1845 1437 1876 fuisse
1459 1844 1620 1881 deductos,
1634 1844 1746 1886 quibus
1762 1845 1817 1876 ad-

1135 1888 1239 1930 scripti
1260 1887 1416 1919 civitatem
1439 1888 1622 1919 amitterent„
1668 1888 1736 1918 Hoc
1759 1887 1816 1929 igi-

1135 1937 1184 1961 tur
1206 1932 1244 1962 sit
1266 1931 1430 1962 discrimen
1454 1930 1533 1961 inter
1549 1931 1677 1962 Latinas
1697 1930 1814 1961 Roma-

1136 1983 1251 2014 nasque
1277 1973 1422 2009 colonias,
1446 1973 1529 2015 quod
1556 1973 1686 2008 Latinae,
1709 1978 1814 2015 utpote

1135 2027 1153 2048 e
1173 2016 1287 2048 Latinis
1305 2017 1459 2052 deductae,
1473 2016 1524 2057 jus
1547 2015 1693 2051 haberent
1715 2015 1815 2053 Latii;

1137 2061 1295 2095 Romanae,
1311 2069 1327 2090 e
1344 2059 1506 2094 Romanis,
1517 2058 1569 2100 jus
1590 2058 1737 2090 haberent
1751 2058 1816 2090 Ro-

1136 2112 1237 2133 manae
1252 2102 1395 2133 civitatis.
1440 2102 1490 2133 De
1498 2101 1568 2142 jure
1581 2101 1662 2132 Latii
1677 2101 1742 2132 fuse
1754 2099 1816 2132 dis-

1137 2144 1209 2176 serit
1222 2144 1374 2186 Sigonius,
1391 2144 1413 2175 l.
1430 2145 1457 2175 1.
1472 2144 1510 2175 de
1524 2144 1650 2185 antiquo
1663 2143 1733 2184 jure
1749 2143 1813 2175 Ita-

1135 2187 1194 2223 liae,
1219 2198 1247 2218 c.
1272 2189 1303 2218 4.
1325 2188 1379 2219 ubi
1403 2197 1464 2218 non
1488 2186 1592 2217 omnia
1613 2186 1738 2217 fortasse
1763 2196 1815 2217 ac-

1134 2235 1239 2261 curate
1253 2240 1335 2261 vera.
1378 2229 1441 2261 Sed
1455 2229 1533 2261 illud
1548 2234 1679 2265 constat,
1694 2238 1746 2260 eos
1760 2229 1813 2269 qui

1134 2273 1166 2304 in
1189 2272 1324 2309 civitate,
1339 2283 1407 2314 quae
1427 2271 1478 2313 jus
1492 2271 1572 2303 Latii
1593 2271 1731 2306 haberet,
1746 2281 1811 2301 ma-

1134 2315 1293 2357 gistratum
1327 2325 1463 2346 annnurn
1498 2314 1671 2355 gessissent,
1705 2312 1812 2348 civita-

1133 2364 1194 2388 tem
1210 2359 1385 2389 Romanam
1408 2357 1535 2398 adeptos
1556 2366 1632 2388 esse.
1677 2355 1727 2387 De
1745 2355 1812 2389 Ro-

1132 2401 1230 2432 manis
1251 2399 1378 2431 coloniis
1400 2405 1504 2430 censet
1525 2399 1608 2431 idem
1621 2398 1775 2440 SigoniuS,
1792 2399 1813 2433 l.

1133 2443 1178 2474 ΙΙ.
1195 2443 1233 2474 de
1248 2441 1452 2484 antiquojure
1469 2441 1579 2476 Italiae.
1595 2451 1621 2473 c.
1636 2443 1666 2472 3.
1682 2451 1735 2471 eas
1751 2451 1812 2472 non

1133 2485 1275 2516 habuisse
1292 2485 1343 2527 jus
1366 2485 1492 2527 plenum
1511 2491 1541 2515 et
1562 2484 1713 2524 integrum
1736 2484 1810 2516 civi-

1132 2528 1213 2563 tatis,
1237 2528 1291 2558 sed
1317 2534 1437 2558 tantum
1460 2527 1512 2568 jus
1535 2526 1713 2564 Quiritium,
1737 2533 1812 2568 puta

1131 2570 1292 2604 libertatis,
1338 2569 1442 2612 patriae
1487 2569 1657 2612 potestatis,
1699 2569 1810 2600 tutela-

1132 2623 1215 2644 rum:
1240 2612 1371 2654 denique
1397 2612 1427 2642 in
1458 2612 1600 2643 omnibus
1627 2613 1717 2644 rebus
1738 2622 1810 2653 quae

1130 2661 1201 2686 sunt
1225 2654 1302 2695 juris
1328 2655 1449 2696 privati,
1476 2655 1584 2686 eodem
1613 2655 1705 2687 fuisse
1728 2655 1810 2695 jure,

1129 2708 1191 2738 quo
1227 2698 1402 2735 Romanos;
1442 2697 1510 2738 jure
1549 2703 1651 2729 autem
1687 2697 1812 2740 publico

1132 2739 1355 2781 suffragiorum,
1401 2740 1549 2771 honorum
1599 2739 1812 2782 adipiscendo-

1133 2793 1208 2816 rum.
1224 2782 1369 2814 caruisse.
1414 2784 1523 2814 Utrum
1550 2782 1581 2814 id
1603 2782 1721 2824 liquido
1744 2791 1812 2824 pro-

1133 2826 1195 2859 bot,
1211 2836 1314 2856 eorum
1337 2826 1376 2856 sit
1393 2825 1554 2867 judicium.
1572 2825 1623 2867 qui
1650 2834 1810 2866 argumen-

1134 2874 1164 2899 ta
1181 2867 1246 2908 ejus
1261 2868 1447 2910 perpendere
1463 2869 1625 2900 voluerim.
