1947 3222
584 119 700 157 ΜΒ.
731 115 943 156 xxxvu.
987 117 1062 153 CA
1078 117 1118 153 P.
1149 116 1236 153 xx.
1539 121 1613 161 295

209 234 249 267 et
271 227 394 282 periti
423 226 520 269 belli
541 234 671 276 erant,
692 235 732 268 et
762 226 851 281 ipse
880 224 969 266 dux
991 223 1327 279 Philopoemenis,
1350 224 1498 266 summi
1520 232 1610 267 tum
1629 233 1666 265 U.
1677 233 1714 264 c.
1728 234 1801 265 562.

208 284 393 325 omnium
417 285 659 325 Graecorum
688 282 961 339 imperatoris,
984 279 1224 336 discipulus.
1256 280 1329 335 qui
1358 281 1534 323 biduum
1557 283 1610 323 si·
1623 276 1716 308 ΑΟ·
1732 277 1802 308 ¹9⁰·

206 339 294 380 mul
315 340 367 380 ad
388 340 568 396 quietem
597 339 812 380 hominum
833 352 1136 394 equorumque,
1158 344 1199 376 et
1221 335 1274 376 ad
1303 336 1490 379 visendas
1518 339 1610 380 hos-

207 396 313 436 tium
343 396 550 446 stationes,
573 395 728 451 quibus
757 396 857 436 locis
886 394 1227 451 temporibusque
1247 392 1486 436 accederent
1511 396 1610 436 reci-

206 461 436 508 perentque
464 467 562 502 sese,
586 461 833 493 sumserunt.
897 451 967 491 Ad
995 450 1152 491 radices
1181 449 1266 489 fere
1297 449 1426 499 collis,
1451 451 1493 491 in
1524 467 1609 507 quo

205 509 339 562 posita
353 517 414 550 est
434 509 548 558 urbs,
570 510 673 564 regii
701 509 988 550 succedebant.
1020 509 1079 549 ita
1108 506 1237 547 libera
1256 506 1309 547 ab
1329 514 1447 561 tergo
1476 522 1609 563 popu-

204 564 303 605 latio
329 573 431 615 erat,
452 565 567 606 nullo
587 566 640 607 ab
661 566 779 617 urbe,
803 581 852 606 ne
882 566 925 605 in
956 564 1150 606 stationes
1170 562 1340 618 quidem
1361 562 1434 618 qui
1463 566 1608 619 procul

197 620 468 676 jacularetur,
504 631 759 663 excurrente.
824 622 1051 678 Postquam
1093 619 1217 661 semel
1256 619 1455 675 compulsi
1494 619 1608 662 metu

202 692 243 717 se
263 678 469 719 moenibus
488 679 760 729 incluserunt,
783 687 1014 721 contemtus
1036 692 1193 725 eorum,
1215 684 1255 718 et
1276 676 1371 717 inde
1391 676 1609 733 neglegen-

202 732 272 783 tia,
294 735 407 789 apud
433 736 566 790 regios
586 737 745 783 oritur;
778 751 860 777 non
882 744 1046 784 stratos,
1067 749 1149 774 non
1169 733 1200 757 ⁶¹
1215 733 1438 774 infrenatos
1458 749 1610 789 magna

200 804 295 844 pars
330 791 537 834 habebant
574 808 713 849 equos.
756 792 899 848 paucis
933 792 986 833 ad
1021 806 1134 831 arina
1169 798 1210 832 et
1244 789 1406 830 ordines
1440 790 1606 840 relictis,

200 845 349 902 dilapsi
370 849 493 889 ceteri
515 858 747 904 sparserant
769 865 810 890 se
832 856 920 890 toto
950 848 1102 905 passim
1122 863 1283 903 campo,
1304 861 1400 902 pars
1421 845 1461 887 in
1486 848 1607 903 juve-

199 903 330 943 nalesz
359 904 476 946 lusus
505 905 797 962 lasciviamque
826 907 948 955 versi,
969 921 1066 960 pars
1095 912 1304 946 vescentes
1334 903 1412 944 sub
1442 904 1605 954 umbra,

199 959 371 1014 quidam
402 977 543 1003 somno
573 963 696 1004 etiam
727 962 856 1004 strati.
918 963 1025 1003 Haec
1047 961 1288 1017 Diophanes
1315 975 1366 1000 ex
1397 960 1483 1001 alta
1503 961 1606 1001 urbe

201 1017 405 1072 Pergamo
444 1019 761 1075 contemplatus,
802 1035 916 1059 arma
956 1033 1051 1059 suos
1090 1033 1250 1073 capere,
1291 1024 1331 1057 et
1372 1016 1426 1056 ad
1463 1017 1606 1072 jussa³

198 1082 351 1128 praesto
371 1090 456 1115 esse
480 1076 626 1131 jubet:
660 1076 746 1131 ipse
768 1076 963 1116 Attalum
985 1074 1102 1123 adiit,
1125 1082 1165 1115 et
1195 1074 1237 1114 in
1260 1072 1396 1113 animo
1423 1072 1500 1114 sibi
1520 1089 1606 1114 esse

197 1129 319 1180 dixit,
350 1131 532 1172 hostium
568 1132 785 1174 stationem
820 1139 991 1173 tentare.
1053 1131 1184 1186 AEgre
1218 1129 1263 1170 id
1293 1129 1326 1153 ⁶²
1339 1130 1605 1185 permittente

198 1187 359 1238 Attalo,
395 1187 552 1244 quippe
587 1189 661 1244 qui
701 1197 867 1230 centum
902 1187 1116 1243 equitibus
1147 1186 1345 1227 adversus
1385 1194 1603 1237 trecentos,

194 1243 305 1283 mille
325 1244 536 1299 peditibus
556 1260 651 1286 cum
672 1254 854 1300 quatuor
883 1245 1068 1285 millibus
1095 1251 1383 1299 pugnaturum
1404 1251 1602 1293 cerneret,

195 1308 316 1355 porta
347 1316 549 1356 egressuS,
579 1302 695 1342 haud
735 1302 880 1357 procul
913 1301 1088 1342 statione
1121 1300 1320 1350 hostium,
1350 1299 1603 1340 occasionem

194 1357 425 1411 opperiens,
447 1358 643 1400 consedit.
703 1360 761 1400 Et
791 1358 865 1414 qui
887 1357 1081 1413 Pergami
1111 1365 1242 1407 erant,
1267 1357 1490 1397 amentiam
1519 1363 1815 1397 ma-AchaeiPer-

192 1414 274 1468 gis,
296 1429 422 1469 quam
457 1415 672 1456 audaciam
707 1416 873 1456 credere
907 1431 1016 1456 esse:
1049 1423 1090 1455 et
1119 1414 1272 1463 hostes,
1300 1413 1527 1469 paullisper
1561 1413 1604 1454 in
1616 1417 1707 1447 gamo

193 1485 262 1510 eos
291 1471 413 1520 versi,
435 1480 483 1513 ut
512 1472 615 1512 nihil
645 1472 801 1512 moveri
836 1471 1046 1521 viderunt,
1068 1486 1142 1511 nec
1177 1470 1255 1526 ipsi
1287 1470 1520 1526 quidquam
1550 1487 1601 1512 ex
1616 1457 1788 1492 erumpunt.

194 1526 314 1568 solita
343 1528 616 1583 neglegentia,
638 1528 808 1584 insuper
833 1528 954 1569 etiam
977 1527 1191 1568 eludentes
1217 1527 1486 1582 paucitatem,
1507 1542 1601 1567 mu-

194 1591 348 1625 tarunt.
410 1584 650 1639 Diophanes
671 1585 834 1640 quietos
863 1584 1122 1639 aliquamdiu
1145 1599 1255 1633 suos,
1278 1583 1391 1623 velut
1414 1583 1467 1623 ad
1489 1599 1600 1639 spec-

193 1640 379 1680 taculum
413 1641 538 1682 modo
576 1641 763 1692 eductos,
799 1641 1026 1682 continuit:
1069 1649 1289 1695 postquam
1327 1639 1507 1695 dilapsos
1546 1641 1599 1682 ab

191 1696 406 1737 ordinibus
435 1697 574 1738 hostes
603 1697 723 1748 vidit,
754 1698 980 1753 peditibus,
1007 1705 1213 1753 quantum
1245 1696 1477 1737 adcelerare
1507 1712 1600 1752 pos-

191 1761 294 1803 sent,
309 1753 425 1809 sequi
440 1754 582 1809 jussis,
603 1755 691 1810 ipse
711 1754 902 1810 princeps
922 1754 1029 1795 inter
1050 1754 1211 1809 equites
1233 1768 1328 1794 cum
1350 1761 1488 1794 turma
1509 1769 1597 1803 sua,

190 1824 314 1864 quam
350 1819 488 1866 posset
523 1810 776 1852 effusissimis
811 1811 997 1860 habenis,
1033 1810 1210 1851 clamore
1242 1810 1295 1850 ab
1329 1809 1439 1850 omni
1474 1811 1598 1851 simul

187 1865 328 1920 pedite
361 1875 490 1922 atque
524 1867 664 1923 equite
701 1867 879 1918 sublato,
913 1867 1130 1908 stationem
1170 1867 1354 1907 hostium
1385 1866 1598 1922 inproviso

186 1921 357 1964 invadit.
419 1925 515 1964 Non
539 1924 724 1965 homines
746 1924 893 1973 solum,
917 1924 988 1964 sed
1018 1923 1116 1980 equi
1137 1923 1262 1964 etiam
1292 1922 1440 1972 territi,
1462 1938 1595 1978 quum

186 1979 353 2020 vincula
381 1981 658 2036 abrupissent,
681 1981 998 2036 trepidationem
1028 1989 1070 2022 et
1101 1980 1331 2021 tumultum
1361 1980 1469 2020 inter
1500 1995 1595 2021 suos

185 2036 397 2084 fecerunt;
430 2038 552 2092 pauci
583 2037 746 2078 stabant
777 2037 960 2093 inpavidi
993 2036 1116 2092 equi:
1150 2052 1217 2077 eos
1247 2037 1358 2092 ipsos
1386 2051 1469 2076 non
1494 2045 1594 2077 ster-

185 2107 294 2142 nere,
315 2108 398 2133 non
430 2094 651 2144 infrenare,
679 2102 753 2135 aut
787 2093 1035 2135 adscendere
1069 2092 1188 2133 facile
1219 2100 1426 2148 poterant,
1458 2093 1594 2134 multo

185 2150 398 2205 majorem,
420 2165 546 2205 quam
567 2166 644 2206 pro
663 2165 836 2191 numero
857 2151 1064 2205 equitum,
1082 2157 1279 2190 terrorem
1302 2149 1470 2190 Achaeis
1491 2149 1593 2190 infe-

183 2206 382 2247 rentibus.
446 2206 612 2248 Pedites
646 2222 744 2248 vero
778 2206 958 2247 ordinati
988 2215 1029 2248 et
1064 2205 1286 2262 praeparati
1322 2221 1483 2261 sparsos
1517 2221 1591 2262 per

183 2263 500 2318 neglegentiam,
542 2273 583 2304 et
623 2263 905 2305 semisomnosb
944 2278 1075 2319 prope
1114 2262 1250 2304 adorti
1290 2270 1410 2303 sunt:
1457 2263 1590 2305 caedes

182 2319 333 2373 passim
362 2320 550 2376 fugaque
578 2336 653 2376 per
680 2336 846 2376 campos
874 2320 984 2361 facta
1008 2328 1081 2361 est.
1142 2319 1399 2375 Diophanes,
1422 2327 1589 2360 secutus

184 2375 348 2427 effusos,
370 2376 550 2432 65quoad
570 2385 711 2418 tutum
731 2377 828 2427 fuit,
850 2392 1001 2433 magno
1022 2376 1277 2417 Achaeorum
1306 2375 1421 2431 genti
1442 2376 1587 2417 decore

328 2452 347 2469 2
351 2450 500 2489 juveniles
515 2449 610 2480 Gron.
627 2451 716 2480 Crev.
801 2452 817 2469 a
828 2456 943 2489 partam
958 2448 1045 2480 Eaed.
1132 2448 1149 2471 b
1162 2450 1336 2478 semisomnes
1352 2447 1439 2478 Eaed.

226 2517 264 2546 61
289 2517 469 2559 Infrenatos]
506 2517 592 2549 Nota
623 2517 672 2548 hic
701 2517 862 2559 infrenatos
905 2517 990 2548 Plin.
1004 2518 1026 2547 1.
1041 2518 1101 2547 ΙΧ.
1117 2527 1144 2547 c.
1157 2517 1207 2546 31.
1225 2522 1256 2547 et
1269 2517 1289 2547 1.
1306 2517 1450 2547 XXXII.
1464 2527 1490 2546 c.
1509 2518 1538 2548 l.

184 2559 290 2589 eodem
312 2570 414 2597 sensu,
436 2571 496 2601 quo
512 2560 660 2602 frenatos,
678 2560 819 2601 quamvis
838 2561 860 2591 l.
947 2561 987 2590 62
1012 2560 1202 2590 Permittente
1219 2561 1333 2601 Attalo]
1357 2559 1499 2589 Andreas
1519 2571 1585 2597 pcr-

187 2601 278 2631 XXI.
291 2612 318 2632 c.
334 2603 386 2633 44.
400 2603 573 2645 opposuerit
594 2605 700 2644 equites
711 2604 860 2644 frenatos,
903 2604 1016 2632 mittere
1046 2604 1183 2633 Attalus.-
1222 2602 1305 2643 quod
1337 2612 1398 2632 non
1434 2601 1584 2632 immerito

183 2648 215 2672 et
242 2643 410 2683 insi-enatos.
453 2646 520 2677 Nec
546 2646 687 2677 vitiosam
715 2645 764 2676 hic
793 2656 858 2677 esse
903 2645 1020 2687 placuit
1035 2644 1201 2676 Gronovio.

187 2695 290 2716 vocem
316 2687 446 2727 probant
465 2688 530 2719 haec
550 2690 644 2720 verba
664 2689 792 2730 hujusce
813 2688 859 2730 ip·
946 2689 986 2719 63
1012 2688 1094 2722 Quod
1121 2687 1234 2728 tutum]
1265 2687 1344 2717 Haec
1363 2686 1428 2726 ipsa
1452 2691 1498 2716 est
1514 2686 1582 2717 cod.

185 2727 246 2758 sius
263 2729 371 2769 capitis
392 2729 486 2760 infra:
509 2743 566 2762 non
588 2739 714 2763 sternere
730 2731 859 2772 (equos)
906 2730 1066 2767 Victorini,
1089 2737 1119 2761 et
1144 2729 1276 2760 Andreae
1302 2729 1411 2759 lectio:
1439 2734 1472 2758 ut
1497 2739 1581 2769 repo-

185 2781 241 2799 non
266 2771 414 2812 infrenare
435 2779 486 2803 aut
509 2777 657 2806 ascendere
673 2774 770 2815 facile
797 2780 858 2814 pot-
903 2780 1006 2804 suerat
1024 2773 1090 2814 jam
1113 2772 1265 2814 SigoniuS,
1289 2780 1382 2812 quum
1407 2770 1512 2802 vitiose
1538 2771 1581 2802 le-

182 2819 291 2858 ‘'¹'‘.‘¹¹².·.
321 2813 422 2844 Verbo
457 2815 607 2856 infrenare
638 2827 710 2848 usus
739 2827 860 2858 quoque
903 2822 1023 2858 geretur
1039 2817 1131 2857 quoad
1147 2822 1248 2847 totum.

186 2854 332 2896 Virgilius
354 2861 412 2892 est,
438 2858 512 2890 AEn.
535 2858 556 2889 l.
581 2860 660 2892 XII.
686 2870 714 2891 v.
737 2860 809 2891 287.
831 2866 862 2892 et

972 2916 995 2941 U
1018 2903 1044 2940 4
