1947 3222
460 108 583 148 LIB.
611 108 808 146 XXXIII.
851 107 983 144 CAP.
1013 107 1182 145 XLVII.
1452 113 1523 152 129

103 218 259 272 legatos
280 218 440 258 venisse.
491 211 545 258 Ut
548 217 672 271 seras
692 217 884 269 quasdam
906 229 1115 268 numquam
1137 216 1335 256 mitescere
1342 239 1355 262 ;
1379 218 1435 257 sic
1456 219 1520 258 itz-
1538 224 1575 255 U.
1591 224 1628 255 C.
1638 218 1713 255 557.

100 277 252 322 mitem,
275 273 555 327 inplacabilem
577 273 658 327 ejus
677 274 762 313 viri
787 273 962 312 animum
984 285 1075 312 esse.
1107 285 1342 312 marcescere
1362 276 1445 314 otio
1463 276 1519 316 si·
1532 267 1574 298 A·
1587 268 1625 299 C.
1641 267 1709 298 195.

106 339 226 386 tuque
244 332 461 380 civitatem,
483 332 599 384 queri
619 345 718 379 eum,
740 336 778 370 et
797 328 990 369 ²²⁷z'nertia
1011 329 1143 380 operis
1149 343 1165 375 ;
1197 341 1266 367 nec
1285 330 1371 369 sine
1391 345 1519 371 armo-

104 404 191 429 rum
219 389 353 428 sonitu
373 388 548 428 excitari
569 401 698 440 posse.
760 388 865 427 Haec
895 384 1127 442 probabilia
1147 384 1343 425 memoria
1371 387 1519 440 prioris

105 445 218 494 belli,
240 460 314 500 per
335 459 465 484 unum
485 443 603 484 illum
625 459 706 485 non
727 443 858 499 magis
888 443 1009 498 gesti,
1032 456 1158 497 quam
1188 441 1305 490 moti,
1327 441 1515 484 faciebat.

107 502 349 543 Irritaverat
371 501 495 542 etiam
517 501 672 542 recenti
692 500 803 542 facto
824 499 1053 540 multorum
1074 497 1306 554 potentium
1329 498 1496 540 animos.

162 557 328 598 XLVI.
361 558 389 597 J
394 557 565 598 udicum
586 557 689 598 ordo
712 557 972 612 Karthagine
993 571 1041 596 ea
1068 562 1313 610 tempestate
1334 554 1518 596 domina-
1529 564 1656 596 Judices

102 615 252 661 batur3
285 629 333 654 eo
353 614 546 663 maxime,
569 614 685 670 quod
706 613 830 654 iidem
852 612 1043 670 perpetui
1058 611 1223 668 judices
1244 619 1372 652 erant.
1419 611 1517 662 Res,
1533 608 1724 655 Karthagine

102 671 227 720 fama,
250 670 419 726 vitaque
440 671 625 711 omnium
657 671 698 711 in
728 670 891 711 illorum
923 676 1128 725 potestate
1149 675 1250 709 erat.
1283 669 1354 724 qui
1387 656 1734 728 ununiffiffijrfs'ssfflf

102 728 192 784 ejus
222 727 393 776 ordinis,
425 727 534 768 idem
565 743 706 768 omnes
735 727 929 768 adversos
959 725 1164 771 habebat3
1201 740 1275 766 nec
1305 734 1518 767 accusator
1532 735 1717 766 Hannibalis

101 784 215 840 apud
250 784 415 840 judices
454 785 635 825 infensos
675 784 828 824 deerat.
890 784 1056 823 Horum
1101 782 1143 822 in
1183 790 1268 823 tam
1313 782 1518 838 inpotenti
1529 788 1633 821 opera.

101 856 230 897 regno
254 840 306 892 (²⁸
319 856 455 895 neque
476 841 583 881 enim
611 840 785 882 civiliter
816 839 952 880 nimiis
972 839 1123 894 opibus
1144 839 1390 893 utebantur)
1413 854 1519 895 prae-

102 906 168 938 tor
197 897 334 938 faetus
356 897 569 939 Hannibal
597 912 742 938 vocare
771 896 825 937 ad
856 911 897 936 se
927 903 1190 950 quaestorem.
1249 894 1409 936 2⁹1dem
1442 911 1519 951 pro

101 954 233 994 nihilo
261 954 422 995 habuit.
459 969 554 994 nam
589 962 630 995 et
665 954 849 994 adversae
884 951 1073 992 factionis
1109 958 1220 992 erat:
1254 960 1309 1000 et,
1332 951 1432 1006 quia
1466 968 1516 993 ex

101 1018 317 1065 quaestura
345 1010 386 1050 in
410 1011 589 1066 judices,
621 1009 954 1066 potentissimum
984 1007 1185 1057 ordinem,
1216 1008 1516 1058 referebantur,

100 1066 135 1091 3⁰
142 1067 231 1122 jam
261 1082 337 1123 pro
371 1067 526 1108 futuris
552 1082 649 1108 mox
682 1066 832 1122 opibus
861 1064 1018 1106 animos
1047 1064 1230 1119 gerebat.
1291 1063 1518 1105 Enimvero

101 1123 320 1179 indignum
355 1122 400 1163 id
434 1131 551 1164 ratus
587 1122 815 1172 Hannibal,
850 1122 1052 1162 viatorem
1085 1120 1139 1161 ad
1174 1120 1517 1176 prehendendum

101 1188 350 1235 quaestorem
378 1179 516 1220 misit:
550 1180 891 1234 subductumque
921 1177 963 1219 in
994 1178 1246 1227 concionem,
1268 1192 1350 1217 non
1379 1176 1514 1233 ipsum

99 1236 246 1291 magis,
269 1251 396 1292 quam
417 1235 603 1277 ordinem
629 1236 839 1292 judicum,
860 1250 948 1291 prae
969 1249 1150 1290 quorum
1174 1234 1369 1289 superbia
1389 1242 1517 1290 atquc

99 1292 250 1348 opibus
274 1308 348 1333 nec
379 1292 489 1348 leges
510 1293 744 1349 quidquam
774 1299 922 1341 essent,
944 1307 1019 1332 nec
1050 1291 1332 1346 magistratuS,
1355 1305 1519 1331 accusa-

101 1350 174 1390 vit.
206 1357 262 1399 et,
288 1358 336 1391 ut
368 1349 557 1391 secundis
587 1350 760 1390 auribus
790 1348 920 1405 accipi
950 1348 1176 1389 orationem
1207 1347 1517 1397 animadvertit,

99 1414 141 1447 et
174 1405 410 1447 infimorum
441 1421 611 1462 quoque
646 1405 838 1447 libertati.
863 1419 1032 1461 gravem
1067 1420 1153 1445 esse
1189 1404 1425 1459 superbiam
1453 1420 1518 1444 eo-

99 1477 209 1512 rum,
227 1463 359 1518 legem
382 1463 591 1519 extemplo
611 1463 910 1518 promulgavit,
932 1461 1208 1517 pertulitque,
1238 1461 1291 1501 Ut
1321 1462 1365 1500 in
1385 1461 1518 1514 singu-

99 1520 156 1559 los
176 1534 304 1560 annos
311 1519 471 1573 judices
490 1521 729 1573 legerentur,
753 1533 802 1558 ne
822 1521 910 1571 quis
930 1519 1130 1558 biennium
1151 1519 1377 1557 continuum
1385 1516 1519 1570 judea*

100 1582 208 1616 esset.
271 1577 469 1616 Ceterum
500 1585 700 1631 quantam
733 1591 781 1616 eo
813 1576 924 1616 facto
959 1574 1011 1615 ad
1048 1574 1211 1630 plebem
1244 1573 1391 1614 inierat
1425 1589 1518 1628 gra-

101 1631 216 1681 tiam,
239 1640 401 1673 tantum
439 1647 601 1688 magnae
633 1631 764 1688 partis
795 1632 1033 1687 principum
1063 1630 1315 1671 obfendebat
1346 1631 1515 1670 animos.

101 1688 273 1745 Adjecit
294 1688 424 1738 aliud,
446 1689 561 1743 quod
573 1696 600 1738 e,
621 1689 731 1729 bono
760 1687 944 1743 publico,
967 1687 1045 1728 sibi
1074 1687 1265 1743 proprias
1287 1686 1518 1728 simultates

99 1744 291 1786 irritavit.
353 1745 582 1800 Vectigalia
608 1744 777 1801 publica
806 1744 958 1800 partini
988 1743 1249 1799 neglegentia
1279 1743 1518 1784 dilabeban-
1532 1752 1726 1799 AErariiiu0-·

99 1809 196 1850 tur;
229 1801 382 1857 partim
409 1801 564 1857 praedae
586 1817 633 1842 ac
654 1801 806 1842 divisui
835 1800 1072 1856 principum
1093 1800 1348 1856 quibusdam
1369 1807 1409 1840 et
1430 1815 1515 1840 ma-
1531 1796 1708 1868 Plaeffeder

98 1858 345 1914 gistratibus
366 1866 509 1899 erant:
543 1858 646 1915 quin
672 1866 713 1899 et
743 1858 933 1914 pecunia,
957 1873 1053 1913 quae
1084 1858 1125 1898 in
1157 1856 1408 1913 stipendium
1433 1857 1517 1897 Ro-
1530 1842 1594 1911 {¹22⁴
1629 1848 1716 1869 anm-

98 1914 230 1955 manis
258 1914 374 1955 ³¹suo
405 1930 575 1971 quoque
606 1930 714 1955 anno
748 1914 1016 1970 penderetur,
1042 1915 1199 1964 deerat,
1222 1913 1516 1968 tributumque

98 1986 226 2026 grave
246 1971 421 2027 privatis
436 1971 635 2012 inminere
651 1971 884 2012 videbatur.

158 2028 354 2068 XLVII.
387 2028 599 2070 Hannibal
627 2037 865 2084 postquam,
890 2027 1106 2083 vectigalia
1126 2035 1284 2082 quanta
1303 2028 1517 2068 terrestria

99 2084 390 2140 maritimaque
411 2093 559 2134 essent,
577 2093 617 2126 et
638 2085 680 2125 in
701 2100 806 2140 quas
826 2100 891 2124 res
907 2091 1192 2140 erogarentur,
1207 2083 1514 2133 animadvertit,

99 2150 141 2182 et
162 2141 267 2196 quid
288 2156 431 2181 eorum
451 2141 647 2182 ordinarii
677 2141 919 2195 reipublicae
940 2157 1040 2182 usus
1061 2148 1363 2188 consumerent,
1386 2155 1516 2195 quan-

99 2206 191 2239 tum
223 2197 441 2253 peculatus
462 2206 665 2240 averteret
680 2215 699 2246 ς.
723 2197 756 2222 ⁵²
769 2198 961 2240 omnibus
982 2197 1157 2238 residuis
1186 2196 1372 2253 pecuniis
1399 2212 1516 2237 exac-

652 2301 666 2318 e
683 2309 736 2338 quo
757 2298 853 2329 Gron.
870 2299 962 2330 Crev-

143 2382 184 2412 27
210 2382 322 2413 Inertia
347 2384 453 2425 operis]
486 2382 649 2423 Ingeniose
677 2383 786 2413 Rube-
829 2382 985 2424 potentiae.

105 2423 184 2460 nius,
209 2426 316 2456 inertia
339 2427 441 2465 sopiri:
468 2426 517 2456 cui
541 2426 633 2456 verbo
658 2426 786 2468 opponi·
872 2426 910 2455 31
936 2426 995 2455 Suo
1029 2436 1138 2465 quoque
1176 2423 1269 2464 anno]
1316 2423 1391 2464 Legi
1424 2423 1511 2465 jubet

101 2472 150 2496 tur
163 2467 195 2497 in
209 2467 246 2498 iis
263 2478 332 2508 quae
347 2474 516 2509 sequuntur
528 2470 659 2499 excitari.
832 2467 1007 2499 Gronovius
1021 2479 1072 2497 suo
1092 2477 1213 2508 quaeque
1232 2477 1326 2496 anno:
1348 2466 1442 2507 idque
1459 2477 1510 2497 no-

123 2550 128 2553 ·
145 2510 324 2551 28⁷⁸*Neqne
355 2513 431 2542 enim
465 2512 606 2552 civiliter]
652 2512 725 2541 Non
754 2515 788 2540 ut
831 2511 878 2541 bis
893 2521 955 2541 non
967 2519 1046 2551 aegre
1060 2511 1179 2551 probat.
1194 2507 1268 2540 vid.
1281 2514 1343 2539 not.
1359 2509 1400 2539 ad
1416 2509 1436 2539 l.
1448 2509 1513 2540 ΙΙΙ.

103 2561 184 2582 cives
197 2552 229 2582 in
244 2553 341 2584 libera
357 2554 516 2596 republica
527 2554 581 2585 sed
593 2554 685 2597 plane
698 2554 785 2595 quasi
829 2564 856 2584 c.
870 2555 922 2584 22.
938 2559 969 2584 et
983 2553 1005 2583 l.
1020 2553 1126 2583 XXV.
1143 2563 1170 2583 c.
1189 2553 1239 2582 17.

105 2604 191 2633 reges
204 2600 259 2626 aut
272 2597 406 2638 tyranni.
872 2598 913 2627 32
938 2597 1077 2626 Omnibus
1098 2596 1222 2626 residuis
1240 2594 1386 2633 pecuniis]
1411 2595 1510 2624 Pecu-

145 2637 187 2667 29
211 2637 290 2669 Idem
320 2650 372 2678 pro
401 2641 492 2670 nihilo
525 2640 640 2680 habuit]
687 2639 786 2670 Recte
829 2639 888 2669 niis
915 2638 1068 2674 omnibus,
1092 2648 1161 2679 quae
1189 2647 1282 2679 quum
1306 2636 1437 2677 publicae
1464 2646 1511 2666 es«

104 2679 280 2711 Perizonius
294 2681 450 2714 existimat
471 2682 655 2723 legendum:
681 2682 710 2712 Is
726 2692 787 2711 rem
829 2687 908 2718 sent,
933 2681 1016 2722 apud
1044 2681 1177 2723 privatos
1202 2679 1388 2713 resederant,
1411 2688 1429 2708 a
1451 2677 1507 2718 pri-

99 2732 154 2761 pro
169 2722 258 2752 nihilo
272 2724 380 2755 habuit.
826 2725 905 2756 vatis
919 2729 1044 2755 retentae
1060 2724 1189 2755 fuerant.
1234 2725 1253 2743 ’ἒ
1266 2720 1437 2764 Πευτρῆνίῐ-
1453 2720 1511 2751 hoc

145 2764 292 2794 30*Jam
305 2766 480 2808 profuturis
492 2779 554 2798 mox
565 2768 664 2807 opibus
674 2768 783 2798 animos
826 2767 908 2798 idem
935 2767 1116 2798 vocabulum
1147 2766 1253 2798 eodem
1282 2774 1371 2794 sensu
1403 2764 1511 2794 Cicero

101 2808 235 2854 gerebat]
258 2808 330 2838 Jam
353 2819 406 2839 eos
428 2810 553 2849 gerebat
569 2810 698 2846 animos,
714 2820 783 2841 eam
828 2821 880 2852 pro
896 2810 947 2840 Cl.
963 2820 993 2840 n.
1009 2810 1059 2840 94.

104 2853 260 2884 ferociam,
280 2860 348 2890 quae
376 2858 553 2892 cong-rueret
580 2853 686 2884 suturae
713 2862 782 2883 mox

160 2907 253 2933 YOL.
279 2906 346 2933 111.
882 2909 909 2934 K
