1947 3222
522 137 639 174 LlB.
670 135 864 173 XXXIX.
904 136 1034 174 CAP.
1066 138 1133 177 LI.
1455 145 1529 179 445

113 258 227 289 tunae
261 247 535 302 virtutisque:
587 253 628 286 et
664 259 799 300 neque
838 243 917 300 ipsi
958 245 1129 286 domum
1171 247 1352 304 recipere
1391 259 1526 291 custo-
1542 262 1580 293 U.
1598 261 1720 294 c.569.

113 304 312 345 diendum
349 304 574 352 audebant,
607 316 681 342 nec
717 301 915 356 cuiquam
951 302 1024 342 uni
1064 304 1295 345 custodiam
1336 306 1427 361 ejus
1466 305 1580 348 εει-Α·
1596 306 1634 337 C.
1653 305 1723 335 183.

113 361 166 402 tis
196 361 430 402 credebant.
489 359 733 400 Admonent
763 358 914 399 deinde
944 357 1133 414 quidam,
1163 375 1250 401 esse
1284 363 1528 407 thesaurum

112 418 328 473 publicum
370 417 447 458 sub
492 424 617 467 terra,
658 430 759 457 saxo
798 415 1007 472 quadrato
1054 424 1235 472 septum.
1278 433 1326 458 eo
1365 420 1530 462 vinctus

113 474 365 525 demittitur,
386 482 427 515 et
447 472 481 497 ⁸9
491 488 639 514 saxum
659 472 819 528 ingenS,
841 488 927 528 quo
954 472 1157 529 operitur,
1178 474 1370 515 machina
1390 491 1545 532 super-·

112 532 338 588 inpositum
369 538 443 571 est.
475 530 535 572 ita
562 530 652 571 loco
681 529 837 585 potius,
868 545 993 586 quam
1023 529 1181 571 homini
1213 531 1426 587 cuiquam,
1448 548 1532 574 cre-

113 588 292 629 dendam
321 586 554 628 custodiam
574 587 670 637 rati,
692 586 827 627 lucem
854 586 1141 643 insequentem
1171 596 1530 644 exspectaverunt.

117 645 284 686 Postero
304 643 371 684 die
391 643 663 686 ⁹⁰multitudo
681 642 853 699 quidem
883 644 1061 699 integra,
1083 659 1240 686 memor
1260 645 1532 702 pristinorum

111 703 202 757 ejus
221 701 262 741 in
283 700 495 742 civitatem
525 700 783 749 meritorum,
805 701 1078 756 parcendum,
1099 716 1146 742 ac
1176 717 1251 757 per
1277 717 1373 744 eum
1403 718 1535 744 reme-

112 758 181 799 dia
201 758 428 814 quaerenda
454 773 541 799 esse
567 757 837 814 praesentium
865 757 1086 808 malorum,
1108 759 1364 801 censebant¹z
1397 759 1534 801 defec-

114 815 236 857 tionis
257 823 461 866 auctores,
483 830 664 871 quorum
694 813 737 855 in
758 829 884 856 manu
912 815 1148 871 respublica
1176 824 1279 865 erat,
1301 816 1344 857 in
1376 825 1534 859 secreto

114 872 410 922 consultantes,
451 887 593 913 omnes
641 871 694 913 ad
730 886 871 912 necem
921 872 1013 928 ejus
1047 873 1381 915 consentiebant:
1443 873 1530 924 sed,

115 937 256 970 utrum
286 937 559 979 maturarent,
581 944 634 969 an
664 928 894 979 differrent,
925 929 1231 984 ambigebatur.
1295 929 1405 972 Vicit
1435 946 1533 986 pars
1544 943 1672 974 Veneno
1692 942 1749 972 tol-

113 985 274 1026 avidior
312 1001 462 1042 poenae,
499 986 747 1042 missusque,
780 985 855 1041 qui
894 1001 1100 1027 venenum
1141 987 1280 1028 ferret.
1342 986 1624 1044 Acceptolitur.

112 1042 279 1098 poculo,
310 1042 410 1084 nihil
442 1042 559 1084 aliud
588 1043 778 1085 locutum
813 1042 970 1093 ferunt,
1002 1058 1129 1098 quam
1160 1044 1372 1099 quaesisse,
1403 1045 1443 1085 εἰ
1468 1046 1532 1085 in-

110 1100 274 1142 columis
303 1100 503 1154 Lycortas
531 1100 586 1152 (is
615 1099 720 1141 alter
749 1100 977 1155 imperator
1005 1099 1260 1141 Achaeorum
1293 1104 1402 1156 erat)
1424 1104 1534 1155 equi-

111 1164 245 1211 tesque
283 1158 526 1198 evasissent?
574 1158 805 1212 Postquam
845 1155 1006 1197 dictum
1053 1165 1130 1206 est,
1173 1157 1386 1198 incolumes
1430 1173 1534 1207 esse,-

114 1215 229 1255 Bene
257 1215 390 1264 habet,
421 1213 586 1270 inquit,
634 1221 690 1263 et,
720 1212 912 1269 ⁹¹poculo
941 1213 1138 1268 inpavide
1168 1214 1388 1265 exhausto,
1420 1215 1534 1257 haud

113 1272 175 1312 ita
212 1271 347 1312 multo
386 1279 481 1327 post
521 1270 761 1326 exspiravit.
822 1270 941 1310 Nonu
973 1269 1223 1311 diuturnum
1264 1272 1409 1313 mortis
1444 1273 1536 1328 ejus

112 1327 317 1383 gaudium
353 1328 597 1369 auctoribus
630 1327 890 1368 crudelitatis
922 1326 1017 1368 fuit.
1050 1327 1161 1368 victa
1199 1343 1381 1384 namque
1422 1330 1536 1370 Mes-

111 1400 207 1426 sene
255 1384 366 1426 bello
415 1383 736 1440 exposcentibus
787 1383 953 1425 Achaeis
1002 1384 1148 1425 noxios
1196 1385 1374 1436 dedidit,
1424 1402 1537 1428 ossa-

113 1457 197 1497 que
241 1441 406 1483 reddita
450 1441 776 1497 Philopoemenis
826 1449 948 1482 sunt:
1009 1450 1051 1483 et
1084 1440 1316 1498 ⁹²sepultus
1355 1444 1409 1484 ab
1445 1443 1537 1484 uni-

111 1513 230 1539 verso
265 1498 453 1539 Acha‘l'co
492 1502 578 1539 estx
609 1498 796 1548 concilio,
829 1497 934 1539 adeo
973 1498 1168 1540 omnibus
1207 1499 1400 1542 humanis
1440 1515 1536 1541 con-

112 1555 240 1610 gestis
270 1554 512 1605 honoribus,
545 1563 592 1596 ut
622 1570 674 1595 ne
708 1555 862 1596 divinis
902 1555 1074 1611 quidem
1109 1555 1400 1598 abstineretur.
1461 1557 1535 1598 Ab

114 1611 387 1668 scriptoribus
405 1627 545 1652 rerum
578 1612 738 1652 Graecis
759 1611 1008 1668 Latinisque
1039 1620 1202 1654 tantum
1231 1613 1330 1655 huic
1352 1614 1442 1654 viro
1463 1614 1535 1655 tri-

113 1668 275 1719 buitur,
295 1676 344 1710 ut
359 1684 384 1709 a
398 1668 654 1724 quibusdam
674 1684 834 1719 eorum,
856 1668 972 1710 velut
993 1669 1047 1710 ad
1067 1669 1270 1725 insignem
1292 1679 1434 1712 notam
1455 1671 1535 1711 hu-

106 1726 179 1781 jus
197 1725 310 1775 anni,
331 1725 540 1766 memoriae
567 1725 811 1767 mandatum
833 1725 900 1775 sit,
922 1734 1006 1767 tres
1035 1726 1167 1767 claros
1193 1728 1464 1783 imperatores
1485 1743 1533 1768 eo
1545 1738 1620 1768 Tres
1636 1740 1721 1770 nobi-

112 1797 220 1823 anno
258 1782 493 1832 decessisse,
535 1782 912 1839 Philopoemenem,
954 1783 1252 1834 Hannibalem,
1290 1786 1338 1825 P.
1378 1784 1534 1840 Scipio-
1545 1780 1588 1812 les
1607 1784 1707 1831 Inipp.

114 1854 220 1880 nem.
252 1839 356 1881 adeo
376 1839 417 1880 in
445 1855 569 1896 aequo
598 1855 694 1880 eum
725 1840 906 1881 duarum
936 1840 1316 1896 potentissimarum
1342 1841 1533 1897 gentium
1544 1832 1664 1856 mortui.

116 1895 287 1937 summis
307 1897 629 1952 imperatoribus
649 1905 892 1952 posuerunt.

172 1953 251 1993 LI.
285 1953 356 1994 Ad
379 1953 571 1994 Prusiam
600 1969 738 2009 regem
761 1953 925 2009 legatus
947 1955 1001 1994 Τ.
1025 1954 1248 2004 Quinctius
1273 1955 1534 1997 Flamininus
1547 1970 1634 1999 Mors
1651 1970 1737 2000 Han-

115 2009 242 2059 venit‚
273 2025 398 2065 quem
430 2018 670 2066 suspectum
702 2011 904 2051 Romanis
934 2019 976 2052 et
1002 2010 1234 2067 ⁹³receptus
1263 2021 1358 2068 post
1387 2013 1668 2068 fugamnibalis.

248 2086 257 2106 t
272 2087 401 2116 censebat
415 2085 508 2117 Crev.
680 2090 696 2107 ¹¹
711 2087 773 2118 Nec
789 2087 888 2119 Gron.
904 2087 996 2119 Crev.
1161 2092 1187 2109 ’Χ
1201 2096 1242 2120 est
1258 2089 1320 2120 del.
1336 2089 1425 2121 Eaed.

106 2586 161 2617 'nii
189 2587 267 2618 liber
292 2594 323 2618 et
350 2596 452 2622 noster
480 2591 562 2623 vict.
591 2592 703 2623 hausto.

158 2162 200 2193 89
223 2162 330 2192 Saxum
352 2163 464 2203 ingens,
488 2174 542 2202 quo
563 2163 708 2204 epm-itur]
746 2164 802 2194 Sa-

117 2215 190 2234 xum
212 2204 332 2245 ingens,
350 2215 411 2247 quo
433 2205 547 2245 tegitur
569 2205 729 2237 thesaurus
751 2206 804 2237 ille

115 2247 342 2283 subterraneus,
372 2247 640 2290 superimpositum
673 2255 719 2280 est
746 2259 805 2291 ope

117 2290 269 2320 machinae
299 2290 340 2321 ad
360 2300 490 2331 magnas
519 2291 687 2334 ponderum
709 2293 806 2323 moles

118 2332 271 2364 tollendas
286 2339 378 2376 aptae.

159 2376 201 2406 90
226 2376 391 2406 Multitudo
423 2399 431 2407 .
463 2399 472 2407 .
503 2398 511 2406 .
535 2378 667 2418 integra]
713 2378 804 2409 Sanae

118 2417 238 2454 mentis,
260 2429 322 2450 non
346 2427 489 2461 corrupta
515 2419 710 2452 factionibus.
755 2421 805 2452 Sic

118 2458 140 2488 l.
164 2459 224 2491 IX.
246 2471 273 2491 c.
297 2463 349 2493 46.
372 2464 484 2504 integer
495 2464 633 2502 populns,
646 2463 757 2505 fautor
779 2471 806 2494 et

118 2502 213 2531 culeo»-
228 2504 374 2535 btmorum.

162 2545 199 2574 91
229 2545 335 2578 Pocula
360 2549 502 2588 impavide
529 2549 679 2590 eilmustn]
716 2548 803 2589 Sigo-

754 2591 805 2622 Sic

121 2629 324 2670 Sophonisba,
347 2642 438 2674 supra
459 2634 480 2664 l.
504 2634 610 2665 XXX.
632 2644 659 2665 c.
686 2636 734 2665 15.
756 2645 804 2674 po-

120 2673 221 2702 culum
244 2695 252 2703 .
275 2695 283 2702 .
307 2694 316 2703 .
337 2675 477 2714 impavide
499 2678 605 2708 hausit.
649 2677 700 2708 Sic
721 2677 752 2707 in
774 2687 806 2709 re

121 2715 252 2745 multum
288 2715 428 2747 dissimili
455 2719 556 2751 Bitias
583 2720 666 2761 apud
696 2720 807 2761 virgil.

122 2757 247 2801 AEneid.
283 2759 304 2788 l.
333 2759 360 2789 Ι.
388 2771 417 2790 ν.
440 2761 513 2792 742.
549 2764 672 2804 impiger
709 2764 806 2793 hausit

124 2802 309 2837 szianuntem
346 2808 486 2840 pateram.
549 2805 669 2836 Tamen
706 2811 808 2837 tuetur

122 2842 281 2882 vulgatum
305 2844 374 2875 Cic.
395 2855 449 2886 pro
472 2845 597 2877 Cluent.
620 2858 650 2879 n.
665 2849 717 2879 31.
739 2850 808 2878 Jam

124 2885 257 2915 eilmustn
294 2887 343 2915 illa
377 2888 478 2925 poculo
514 2892 622 2919 mortis.
666 2891 705 2920 Et
742 2891 807 2932 ipse

848 2162 968 2200 Livius,
1006 2163 1063 2194 hoc
1108 2162 1197 2199 libro,
1229 2174 1258 2195 c.
1302 2174 1366 2206 seq.
1401 2167 1537 2204 poculum

848 2207 989 2237 exhausit.
1043 2207 1156 2247 Itaque
1192 2207 1371 2238 utrumlibet
1408 2208 1457 2240 hic
1494 2209 1538 2240 le-

848 2260 915 2290 gaS,
950 2249 999 2281 vel
1035 2250 1147 2285 hausto,
1186 2250 1235 2281 vel
1270 2251 1416 2287 eii-hausto,
1452 2253 1538 2293 parvi

848 2292 948 2324 refert.

890 2337 932 2367 92
955 2336 1092 2375 Sepultus
1149 2337 1184 2366 ab
1227 2337 1361 2366 universo
1418 2338 1539 2367 concilio

848 2379 995 2420 Acha‘ico]
1042 2377 1145 2419 Hujus
1173 2378 1309 2409 funebris
1336 2388 1457 2420 pompae
1483 2379 1537 2410 de-

849 2421 1046 2463 scriptionem
1069 2427 1138 2463 pete
1160 2431 1198 2452 ex
1215 2422 1299 2452 Plut.
1323 2421 1354 2451 in
1378 2421 1537 2464 Philopoe-

849 2474 950 2495 mene.

889 2508 930 2537 93
971 2507 1111 2547 Receptus
1152 2513 1212 2545 post
1245 2506 1359 2548 fugam
1404 2508 1540 2538 Antiochi

848 2550 993 2590 Annibal]
1039 2550 1133 2581 Corn.
1164 2549 1270 2590 Nepos
1306 2549 1338 2580 in
1369 2550 1539 2585 Annibale,

847 2597 879 2623 et
914 2593 1057 2624 Justinus
1083 2593 1105 2623 1,
1132 2591 1276 2623 XXXII.
1304 2603 1333 2624 c,
1371 2594 1400 2622 4.
1430 2592 1540 2623 docent

849 2634 1050 2670 Annibalem,
1087 2635 1243 2666 Antiocho
1280 2635 1372 2668 victo,
1408 2635 1539 2664 veritum

849 2688 887 2709 ne
915 2678 1069 2709 Romanis
1091 2678 1262 2712 dederetur,
1288 2678 1319 2707 in
1340 2676 1476 2707 Cretam'
1492 2677 1540 2708 su—

849 2721 941 2762 gisse.
985 2721 1076 2757 Inde,
1106 2731 1202 2761 quum
1230 2731 1261 2750 se
1287 2719 1409 2750 invidiae
1435 2719 1539 2761 objec-

851 2770 917 2794 tum
954 2770 1076 2806 propter
1104 2763 1214 2793 nimias
1241 2772 1315 2803 opes
1345 2762 1472 2795 videret,
1500 2763 1539 2792 ad

852 2806 993 2838 Prusiam
1030 2805 1236 2839 contendisse,
1265 2804 1365 2844 eique,
1398 2804 1427 2833 in
1458 2804 1542 2836 bello

852 2849 997 2880 adversus
1043 2850 1224 2881 Eumenem,
1266 2846 1370 2876 utilem
1416 2857 1539 2888 operam

852 2901 990 2921 navasse.
