1947 3222
502 60 627 99 L113.
657 59 849 99 XXXIV.
889 60 1027 98 CAP.
1055 60 1206 99 XLIX.
1499 65 1572 105 175
1602 56 1605 58 ’

153 169 320 213 taminis
350 168 491 211 studio
512 178 554 212 et
575 184 649 226 spe
675 168 872 224 potiundi
904 168 1050 210 castris
1080 168 1281 219 hostium,
1303 170 1489 227 perstitit
1518 171 1573 213 ad
1588 178 1674 211 U.C.
1690 178 1764 210 553.

154 227 326 269 vallum.
389 226 547 268 Eorum
577 226 790 282 paucitate
819 232 1043 274 contemta,
1068 224 1181 266 Galli
1211 227 1392 268 universi
1413 243 1464 269 ex
1486 243 1572 270 cas·
1587 221 1675 254 A.C.
1694 221 1765 253 194.

154 284 230 326 tris
265 282 533 341 eruperunt‘:
578 282 662 323 fusi
694 282 791 323 inde
830 281 1023 331 Romani,
1055 296 1153 338 quae
1188 281 1363 338 imperio
1395 285 1575 327 consulis

152 341 388 392 noluerant,
415 356 492 382 suo
518 354 673 397 pavore
701 355 749 380 ac
780 348 936 382 terrore
973 347 1108 380 castra
1134 347 1343 395 repetunt.
1375 341 1435 381 ita
1461 342 1577 384 varia

155 398 253 440 hinc
273 406 401 452 atque
430 396 546 438 illinc
565 411 677 437 nunc
707 396 826 452 fuga,
849 411 959 438 nunc
980 395 1178 437 victoriag
1198 396 1292 438 fuit.
1356 397 1575 440 Gallorum

157 464 296 497 tamen
325 453 380 495 ad
408 453 602 495 undecim
623 453 768 504 millia,
793 455 1080 495 Romanorum
1107 453 1295 508 quinque
1316 453 1460 505 millia,
1479 465 1577 497 sunt

155 512 302 554 occisa.
364 510 478 552 Galli
499 526 691 567 recepere
711 510 754 551 in
774 510 924 552 intima
943 510 1091 551 finium
1113 525 1210 551 sese.

216 567 442 610 XLVIII.
467 567 626 610 Consul
649 567 904 609 Placentiam
936 567 1118 622 legiones
1142 567 1279 609 duxit.
1342 567 1575 624 Scipionem

158 625 243 676 alii,
274 626 499 681 conjuncto
534 624 721 666 exercitu
757 640 853 665 cum
890 624 1063 679 collega,
1098 639 1174 681 per
1210 625 1411 666 Boiorum
1445 625 1579 681 Ligu-

156 697 336 738 rumque
358 697 480 738 agros
509 681 782 738 populantem
811 682 904 731 isse,
927 681 1068 738 quoad
1088 681 1285 738 progredi
1317 681 1431 723 silvae
1461 681 1579 738 palu-

155 738 314 795 desque
335 754 468 796 passae
490 739 586 788 sint,
610 739 822 780 scribunt:
856 739 941 788 alii,
963 738 1080 780 nulla
1099 738 1359 780 memorabili
1379 754 1424 780 re
1445 747 1579 795 gesta,

155 797 422 838 comitiorum
452 811 598 838 caussa
627 796 798 838 rediisse
832 796 1024 837 Romam.
1087 795 1250 836 Eodem
1280 796 1360 837 hoc
1389 811 1499 838 anno
1522 796 1580 837 Τ.

159 852 391 902 Quinctius
418 853 588 903 Elatiae,
618 868 704 909 quo
731 852 774 894 in
803 853 980 894 hiberna
1008 852 1235 894 reduxerat
1265 853 1420 909 copias,
1442 861 1582 895 totum

157 910 306 952 hiemis
347 918 514 966 tempus
548 911 646 966 jure
681 909 866 951 dicundo
901 909 1143 960 consumsit,
1179 910 1480 966 mutandisque
1515 910 1580 960 iis,

159 983 258 1031 quae
288 975 363 1009 aut
392 968 525 1024 ipsius
556 966 760 1024 Philippi,
791 977 867 1008 aut
896 966 1192 1022 praefectorum
1223 967 1314 1022 ejus
1344 966 1511 1008 licentia
1539 967 1582 1008 in

159 1024 402 1066 Civitatibus
432 1025 545 1066 facta
573 1033 705 1074 erant,
727 1038 877 1079 quum,
899 1039 986 1065 suae
1006 1023 1199 1064 factionis
1229 1023 1448 1065 hominum
1473 1024 1582 1065 vires
1641 1050 1644 1052 -

161 1081 371 1138 augendO,
386 1082 460 1137 jus
481 1096 529 1121 ac
556 1080 793 1122 libertatem
823 1080 1001 1121 aliorum
1031 1080 1295 1136 deprimeret.
1357 1080 1476 1122 Veris
1504 1081 1581 1122 ini-
1596 1087 1764 1137 Quinetius

161 1138 221 1180 tio
253 1137 519 1188 Corinthum,
551 1145 758 1179 conventu
790 1137 942 1187 edicto,
969 1136 1098 1178 venit.
1133 1136 1192 1178 ibi
1221 1137 1410 1179 omnium
1440 1137 1582 1179 civita·
1595 1133 1750 1205 G{.²³²⁰¹³¹¹¹

163 1195 271 1237 tium
300 1194 528 1250 legationes
556 1194 600 1236 in
630 1194 837 1236 concionis
867 1194 1039 1236 modum
1071 1193 1345 1236 circumfusas
1376 1203 1438 1237 est
1469 1195 1583 1236 adlo-
1594 1185 1773 1259 ἑᾞίἓὲξῇζῗ

159 1260 310 1301 cutus;
343 1267 462 1293 orsus
482 1252 536 1293 ab
563 1251 667 1294 inita
696 1251 880 1308 primum
904 1251 1105 1293 Romanis
1134 1251 1315 1293 amicitia
1346 1267 1442 1293 cum
1465 1252 1584 1293 Grae-
1596 1261 1747 1292 sociorum

157 1325 305 1351 corum
339 1316 479 1365 gente,
513 1317 555 1350 et
591 1308 907 1365 imperatorum,
940 1308 1015 1365 qui
1050 1317 1146 1350 ante
1179 1324 1221 1350 se
1256 1308 1300 1349 in
1332 1309 1586 1351 Macedonia
1597 1304 1728 1346 legatos.

159 1366 352 1416 fuissent,
387 1366 558 1422 suisque
593 1366 720 1408 rebus
754 1366 894 1422 gestis.
967 1366 1120 1407 Omnia
1151 1381 1248 1407 cum
1282 1366 1586 1423 adprobatione

160 1423 321 1479 ingenti
343 1431 442 1464 sunt
463 1423 637 1471 audita3
670 1432 953 1480 praeterquam
984 1438 1119 1479 quum
1149 1423 1204 1464 ad
1224 1425 1477 1465 mentionem
1500 1425 1587 1465 Na-

160 1480 272 1522 hidis
293 1488 468 1521 ventum
488 1488 609 1530 esset,
631 1479 676 1521 id
697 1481 868 1521 minime
889 1481 1136 1522 conveniens
1156 1480 1352 1522 liberanti
1374 1480 1586 1522 Graeciam

163 1536 404 1587 videbatur,
426 1544 653 1593 tyrannum
684 1536 916 1592 reliquisse,
937 1552 1021 1578 non
1043 1552 1130 1578 suae
1152 1535 1286 1578 solum
1313 1538 1464 1594 patriae
1493 1552 1589 1593 gra-

165 1609 274 1645 vem,
307 1593 381 1635 sed
411 1593 606 1635 omnibus
632 1593 742 1635 circa
771 1593 1012 1636 civitatibus
1040 1593 1331 1645 metuendum,
1359 1594 1589 1636 haerentem

165 1651 396 1693 visceribus
412 1650 681 1692 nobilissimae
703 1651 898 1692 civitatis.

225 1708 405 1750 XLIX.
438 1708 528 1748 Nec
547 1707 719 1762 ignarus
739 1707 869 1764 hujus
889 1707 1060 1750 habitus
1081 1708 1318 1750 animorum
1341 1707 1587 1760 Quinctius,

164 1766 212 1807 Si
240 1767 328 1807 sine
357 1765 516 1805 excidio
551 1765 968 1819 Lacedaem07eisfieri
989 1767 1201 1819 potuisset,
1227 1766 1455 1816 fatebatur,
1471 1768 1593 1820 pacis

162 1837 247 1864 cum
267 1829 445 1878 tyranno
461 1823 700 1864 mentionem
716 1823 1009 1864 admittendam
1026 1823 1193 1865 auribus
1207 1837 1288 1864 non
1291 1824 1445 1878 fuisse.
1471 1839 1590 1874 nunc,

165 1895 283 1935 quum
312 1881 450 1929 aliter,
474 1894 592 1934 quam
622 1880 747 1921 ruina
766 1879 1072 1935 ”gravissimah
1097 1882 1294 1932 civitatis,
1315 1881 1491 1935 obprimi
1511 1896 1592 1922 non

158 1944 310 1992 posset,
331 1938 460 1978 satius
479 1938 604 1979 visum
625 1952 719 1986 esse,
740 1944 958 1993 tyrannum
983 1938 1252 1989 debilitatum,
1274 1953 1323 1979 ac
1342 1940 1438 1980 totis
1459 1953 1594 1992 prope

166 1995 317 2037 viribus
342 1996 400 2035 ad
427 1996 642 2036 nocendum
672 1995 854 2050 cuiquam
885 1996 1068 2045 ademtis,
1091 1997 1271 2050 relinqui
1275 2018 1292 2043 ,·
1325 2010 1443 2050 quam
1465 1998 1593 2037 inter-

168 2053 268 2093 mori
297 2052 665 2101 vehementioribus,
688 2067 806 2107 quam
837 2067 926 2108 quce
950 2054 1047 2107 pati
1069 2060 1218 2107 posset,
1241 2054 1429 2094 remediis
1447 2054 1594 2095 civita-

168 2117 244 2152 tem
265 2110 411 2158 sinere,
432 2108 516 2150 ⁷²in
539 2111 626 2165 ipsa
654 2112 836 2151 vindicta
865 2111 1070 2152 libertatis
1091 2112 1336 2164 perituram.
1398 2110 1595 2153 Praeteri-

170 2176 312 2210 torum
342 2167 725 2209 commemorationi
755 2167 947 2224 subjecit,
976 2169 1194 2221 Proficisci
1221 2168 1302 2210 sibi
1331 2169 1376 2209 z'n
1404 2169 1593 2219 Italiam,

170 2231 293 2279 atque
311 2239 463 2265 omnem
485 2225 696 2265 exercitium
718 2226 949 2278 deportare,
966 2227 1011 2266 in
1031 2227 1170 2267 animo
1185 2240 1277 2267 esse.
1313 2226 1596 2267 Demetriadis

173 2283 458 2336 Chalcidisque
475 2283 672 2335 praesidia
694 2283 807 2323 intra
829 2284 1019 2324 decimum
1041 2285 1144 2324 diem
1167 2284 1383 2324 audituros
1402 2285 1594 2324 deducta.-

172 2339 504 2380 Acrocorinthum
536 2340 636 2393 ipsis
655 2341 851 2394 extemplo
881 2341 1108 2382 videntibus
1137 2355 1306 2382 vacuam
1328 2340 1490 2382 Aclzaeis
1509 2348 1596 2382 tra-

173 2397 371 2438 diturum.-
403 2404 446 2437 ut
468 2411 600 2438 omnes
615 2397 775 2447 scirent,
794 2404 925 2438 utrum
941 2399 1152 2448 Romanis,
1170 2413 1225 2439 an
1243 2398 1413 2447 AEtolz's,
1431 2398 1597 2440 mentiri

219 2503 233 2528 f
245 2514 402 2547 erumpunt
418 2507 514 2539 Gron.
533 2508 624 2540 Crev.
668 2511 685 2537 g
698 2520 778 2539 nunc
792 2510 914 2539 victoria
930 2507 1101 2551 nunc-fuga
1114 2509 1202 2540 Eaed.
1246 2508 1263 2533 b
1275 2510 1456 2551 gravissima?
1469 2508 1562 2539 Crev-

222 2607 262 2654 7I
299 2607 484 2639 Gravissimoe
522 2611 665 2651 civitatis]
718 2610 863 2653 Inclytae,
906 2611 978 2642 bere
1002 2611 1199 2653 gravissimae:
1228 2610 1322 2652 idque
1346 2609 1470 2641 admisit
1495 2608 1594 2640 Cleri-

181 2658 323 2680 mmumae
351 2651 494 2683 civitatis.
547 2653 597 2684 Sic
632 2663 725 2695 supra
755 2664 782 2685 c.
815 2655 862 2684 17.
907 2664 974 2685 cus.
1018 2654 1135 2685 Firmat
1151 2653 1331 2685 Victorinus
1345 2653 1432 2683 liber.

179 2692 367 2732 Segesticam,
409 2706 527 2736 gravem
570 2703 658 2737 atque
696 2698 863 2736 opulentam
950 2697 1070 2728 72³*In
1096 2699 1160 2737 ipsa
1188 2699 1321 2728 vindicta
1351 2696 1491 2725 libertatis
1513 2695 1594 2734 peri-

179 2736 335 2766 civitatem.
380 2736 528 2769 Ceterum
556 2738 606 2770 hic
635 2739 708 2769 olim
738 2739 863 2782 legeba-
907 2740 1022 2781 turam]
1062 2740 1236 2771 Perituram
1262 2739 1296 2769 in
1319 2738 1356 2769 iis
1380 2737 1455 2780 ipsis
1477 2737 1594 2768 conati-

181 2782 230 2806 tur
265 2779 355 2826 ruina
389 2783 560 2820 gravissima
599 2784 739 2813 civitatis.
793 2785 863 2814 δας.
907 2783 966 2814 bus
989 2783 1042 2824 qui
1067 2783 1197 2813 adhibiti
1216 2782 1345 2812 fuissent
1368 2781 1407 2813 ad
1432 2780 1593 2812 vindican-

180 2820 356 2851 Gronovius
372 2823 490 2853 monuit
503 2824 628 2856 'l'huam
644 2826 783 2857 codicem
808 2826 862 2856 ha-
908 2826 981 2857 dam
996 2836 1065 2856 eam
1082 2826 1113 2856 in
1127 2826 1312 2856 libertatem.
