1947 3222
539 148 657 186 LIB.
687 147 855 185 XXXV.
900 148 1031 185 CAP.
1061 150 1169 187 XLI.
1490 157 1565 190 225

149 255 213 295 M.
233 256 388 297 Furius
416 255 637 312 Crassipes.
670 256 801 313 quina
828 255 935 298 dena
952 257 1107 314 jugera
1130 258 1219 313 agri
1241 258 1338 300 data
1359 261 1400 302 in
1423 262 1562 317 singu-
1575 271 1613 305 U.
1630 272 1666 306 C.
1677 272 1750 304 560.

148 311 208 352 los
238 313 398 369 pedites
428 320 538 361 sunt,
569 311 767 369 ³⁸duplex
798 314 1024 369 equitibus.
1085 313 1392 357 ³⁹Bruttiorum
1423 316 1610 373 proxi-A·
1628 315 1666 346 C.
1681 316 1750 346 192.

147 384 212 410 me
242 370 377 411 fuerat
410 384 531 425 ager:
571 369 730 411 Bruttii
765 379 960 426 ceperant
988 370 1040 411 de
1073 370 1243 412 Graecis.
1308 371 1453 414 Romae
1485 391 1560 431 per

145 425 256 466 idem
287 435 450 482 tempus
481 425 566 466 duo
591 427 762 468 maximi
793 427 965 469 fuerunt
997 436 1201 475 terrores;
1235 427 1483 470 ¹⁰diutinusr
1503 432 1559 472 al-

145 490 223 532 ter,
246 483 315 523 sed
338 482 511 537 segnior.
567 482 597 506 '¹¹
608 484 743 524 Terra
763 483 850 525 dies
871 484 1294 540 duodequadraginta
1313 486 1455 526 movit.
1485 502 1558 542 per

147 539 319 580 totidem
341 539 427 580 dies
448 539 563 580 feriae
585 540 625 580 in
648 540 924 581 sollicitudine
946 557 992 582 ac
1013 549 1128 582 metu
1149 541 1278 582 fuere.
1304 541 1346 582 in
1368 542 1556 584 triduum

145 596 235 651 ejus
255 596 313 636 rei
334 611 478 637 caussa
499 596 748 653 supplicatio
770 597 915 639 habita
935 607 1008 639 est.
1057 595 1135 639 Ille
1156 613 1238 639 non
1258 613 1389 654 pavor
1409 614 1556 648 vanus,

146 652 217 692 sed
241 667 339 693 vera
357 652 588 694 multorum
613 654 750 695 clades
770 654 865 695 fuit.
898 654 1089 695 incendio
1112 670 1137 695 a
1155 655 1248 696 foro
1270 656 1422 696 Boario
1449 664 1557 705 orto,

142 708 251 749 diem
280 717 530 765 noctemque
559 711 737 752 aedifieia
755 711 797 751 in
822 711 1011 752 Tiberim
1039 727 1158 752 versa
1186 727 1336 763 arsere,
1357 713 1560 754 tabernae-

142 780 225 821 que
245 781 387 807 omnes
408 782 502 807 cum
524 767 663 823 magni
684 768 809 823 pretii
829 769 1037 809 mercibus
1057 768 1430 824 conflagraverunt.

200 823 329 864 XLI.
362 824 460 864 Jam
491 825 577 866 fere
612 824 653 865 in
686 824 803 866 exitu
834 840 966 866 annus
1000 834 1114 866 erat:
1148 833 1188 866 et
1223 825 1265 866 in
1301 825 1388 866 dies
1423 826 1744 882 magisAdparatus

140 879 253 920 fama
272 880 324 921 de
348 881 547 922 Antiochi
567 881 691 931 bello,
714 890 755 922 et
777 897 878 922 cura
898 882 1098 923 Patribus
1118 883 1339 924 crescebat.
1402 884 1556 939 Itaque
1565 880 1604 911 ad
1620 881 1745 916 bellum.

140 935 193 976 de
224 936 447 993 provinciis
479 939 801 994 magistratuum
834 937 1160 994 designatorum,
1194 954 1280 994 quo
1315 939 1556 981 intentiores

140 1003 274 1036 essent
305 1010 460 1045 omnes,
492 995 642 1051 agitari
672 1002 859 1050 coeptum
889 1003 961 1036 est.
1023 994 1273 1046 Decrevere,
1302 1004 1350 1036 ut
1380 997 1558 1037 consuli-

142 1050 222 1091 bus
254 1051 392 1100 Italia,
415 1059 456 1092 et
483 1067 569 1107 quo
600 1059 766 1092 senatus
796 1051 1035 1101 censuisset,
1060 1050 1169 1107 (jam
1199 1066 1285 1092 esse
1308 1051 1465 1093 bellum
1488 1053 1559 1093 ad-

142 1122 285 1149 versus
307 1107 566 1149 Antiochum
587 1123 727 1163 regem
757 1123 898 1149 omnes
929 1107 1132 1163 sciebant)
1155 1108 1380 1164 provinciae
1410 1122 1556 1151 essent.

141 1164 263 1220 cujus
284 1180 332 1205 ea
351 1179 437 1205 sors
462 1173 582 1215 esset,
604 1172 788 1220 quatuor
809 1165 940 1205 millia
963 1164 1155 1221 peditum
1177 1164 1330 1206 civium
1355 1166 1559 1207 Romano-

140 1235 250 1271 rum,
276 1229 316 1262 et
347 1221 521 1263 trecenti
549 1221 725 1277 equites,
758 1237 829 1262 sex
860 1221 991 1262 millia
1021 1221 1178 1263 socium
1210 1221 1352 1264 Latini
1382 1223 1558 1264 nominis

140 1293 237 1324 cum
273 1277 592 1334 quadringentis
622 1278 836 1334 equitibus
867 1287 964 1320 sunt
994 1278 1172 1320 decreta.
1233 1280 1396 1320 Eorum
1426 1279 1559 1321 delec-

139 1343 231 1376 tum
251 1334 404 1376 habere
431 1336 481 1376 L.
501 1334 723 1385 Quinctius
744 1335 889 1376 consul
907 1336 1077 1392 jussus3
1110 1350 1161 1376 ne
1183 1335 1287 1391 quid
1308 1345 1556 1386 moraretur,

139 1407 226 1447 quo
254 1391 392 1433 minus
421 1392 563 1433 consul
595 1408 744 1443 novus,
769 1407 855 1448 quo
886 1401 1054 1434 senatus
1084 1393 1324 1444 censuisset,
1347 1393 1559 1450 extemplo

139 1449 342 1504 proficisci
376 1457 528 1505 posset.
591 1450 699 1490 Item
731 1449 783 1490 de
817 1449 1042 1505 provinciis
1075 1457 1304 1505 praetorum
1341 1450 1555 1491 decretum

137 1514 227 1547 est:
274 1505 307 1529 ⁴¹²
319 1506 454 1562 prima
493 1513 542 1546 ut
578 1520 665 1546 sors
702 1505 814 1555 duae,
850 1507 1096 1561 urbanaque
1135 1514 1176 1547 et
1217 1505 1325 1547 inter
1365 1506 1474 1547 cives
1510 1522 1557 1547 ac

138 1563 379 1619 peregrinos
403 1561 642 1618 jurisdictio
672 1570 801 1604 esset:
841 1562 1036 1612 secunda,
1067 1562 1250 1604 Bruttii:
1290 1562 1427 1612 tertia,
1457 1563 1558 1604 clas-

138 1619 207 1668 sis,
241 1627 287 1660 ut
318 1620 549 1674 navigaret,
581 1633 667 1674 quo
698 1627 867 1660 senatus
897 1619 1144 1660 censuisset:
1189 1628 1355 1674 quarta,
1389 1619 1553 1661 Sicilia:

138 1676 302 1731 quinta,
327 1675 540 1716 Sardinia:
574 1683 706 1726 sexta,
730 1675 938 1732 Hispania
962 1675 1147 1717 ulterior.
1178 1675 1430 1731 imperatum
1451 1691 1557 1731 prae-

136 1740 250 1774 terea
281 1733 331 1773 L.
356 1732 559 1781 Quinctio
589 1732 748 1773 consuli
780 1741 856 1783 est,
878 1741 927 1774 ut
955 1731 1060 1773 duas
1090 1732 1273 1788 legiones
1293 1732 1448 1773 civium
1475 1733 1557 1773 Ro-

136 1804 353 1831 manorum
388 1804 516 1830 novas
545 1789 848 1837 conscriberet;
896 1797 938 1831 et
972 1788 1130 1830 socium
1165 1804 1211 1830 ac
1246 1789 1389 1830 Latini
1424 1790 1554 1830 nomi-

135 1846 199 1888 nis
224 1846 375 1902 viginti
405 1846 534 1887 millia
562 1845 770 1902 peditum,
792 1854 833 1887 et
863 1846 1124 1902 octingentos
1155 1845 1327 1902 equites.
1360 1861 1456 1887 eum
1483 1862 1554 1887 ex-

134 1903 312 1945 ercitum
359 1903 547 1960 praetori,
587 1903 656 1944 cui
699 1903 855 1944 Bruttii
897 1902 1112 1959 provincia
1155 1902 1373 1953 evenisset,
1414 1903 1553 1944 decre-

136 1968 300 2001 verunt.
361 1959 494 2001 AEdes
525 1959 622 2001 duae
657 1960 758 2001 Jovi
793 1975 842 2001 eo
877 1975 985 2001 anno
1020 1958 1062 2000 in
1100 1959 1309 2016 Capitolio
1348 1959 1552 2001 dedicatae

136 2024 246 2058 sunt.
313 2018 493 2058 Voverat
529 2017 580 2057 L.
605 2017 758 2058 Furius
794 2018 1017 2073 Purpureo
1051 2024 1207 2072 praetor
1244 2016 1407 2057 Gallico
1441 2017 1551 2057 bello

135 2089 276 2124 unam,
305 2073 477 2114 alteram
508 2073 663 2114 consul.
695 2073 915 2114 dedicavit.
949 2074 998 2123 Q.
1022 2073 1212 2114 Marcius
1246 2072 1368 2113 Ralla
1398 2073 1550 2114 duum-

133 2131 210 2172 vir.
260 2131 290 2171 J
294 2131 434 2171 udicia
452 2129 494 2170 in
515 2129 784 2171 foeneratores
800 2146 848 2171 eo
869 2145 976 2171 anno
991 2129 1126 2171 multa
1147 2144 1285 2170 severe
1302 2138 1400 2172 sunt
1421 2130 1546 2180 facta,
1562 2141 1738 2172 Fcenerato-

131 2187 424 2229 accusantibus
454 2187 638 2242 privatos
659 2187 851 2228 aedilibus
881 2186 1113 2236 curulibus,
1146 2187 1209 2226 M.
1234 2186 1395 2227 Tuccio
1425 2194 1466 2227 et
1498 2188 1606 2232 P-sf÷S
1621 2185 1750 2215 damua-

131 2246 162 2285 J
165 2245 264 2285 unio
294 2243 441 2285 Bruto.
474 2243 526 2283 de
546 2243 680 2285 multa
707 2243 999 2286 damnatorum
1029 2242 1247 2299 quadrigae
1273 2243 1478 2284 inauratae
1504 2243 1546 2284 in
1560 2234 1594 2259 ῃ·

134 2301 341 2358 Capitolio
370 2299 518 2357 positae
547 2301 590 2341 in
620 2300 723 2341 cella
752 2300 873 2342 Jovis
899 2299 1066 2356 4³supra
1094 2299 1310 2356 fastigium
1341 2299 1544 2350 aediculae,

717 2392 729 2410 ¹'
742 2390 855 2419 diutius
869 2388 967 2419 Gron.

177 2463 218 2493 38
246 2463 362 2503 Duplex
389 2464 547 2505 equitibus]
592 2464 709 2495 Victor.
739 2463 817 2495 liber
859 2463 917 2503 vit]
957 2463 1072 2493 Factus
1097 2468 1144 2493 est
1166 2468 1253 2493 terrae
1278 2468 1390 2497 motus,
1414 2461 1467 2503 qui
1491 2472 1544 2504 per

136 2506 287 2536 consentit
300 2517 370 2537 cum
384 2506 421 2537 iis
436 2517 512 2549 quos
534 2507 612 2538 vidit
629 2506 814 2542 Gronovius,
859 2511 927 2537 octo
942 2511 973 2536 et
988 2505 1116 2545 triginta
1132 2505 1196 2536 dies
1212 2505 1353 2536 assiduus
1369 2505 1434 2535 fuit.

138 2545 290 2589 habetque
304 2551 404 2590 equiti.
903 2550 943 2579 42
969 2548 1072 2578 Prima
1102 2554 1136 2578 ut
1163 2548 1236 2588 sors]
1283 2548 1328 2579 Ut
1353 2547 1452 2590 prima
1481 2557 1543 2578 soi-s

180 2590 464 2633 39*Brutti0rum]
510 2591 586 2623 Vid.
611 2598 674 2623 not.
699 2594 751 2624 54.
775 2592 815 2623 ad
858 2591 938 2621 duas
956 2590 1184 2631 jurisdictiones
1205 2591 1469 2632 complecteretur,
1494 2600 1545 2619 ur«

139 2631 293 2664 XXXIV.
308 2635 358 2665 45.
860 2634 975 2665 banam
991 2640 1022 2664 et
1037 2633 1115 2664 inter
1131 2634 1214 2664 cives
1231 2644 1267 2664 ac
1284 2632 1469 2674 peregrinos.

180 2675 222 2704 40
244 2675 387 2707 Diutiuus
408 2678 498 2719 alter]
537 2678 667 2719 Vulgati
689 2679 815 2713 diutius,
903 2678 943 2708 43
968 2677 1063 2716 Supra
1076 2677 1240 2718 jizstigiuvm
1263 2676 1408 2715 mdicula’]
1456 2674 1542 2704 AEdi-

137 2722 169 2747 et
190 2716 232 2748 sic
252 2717 374 2758 legebat
397 2721 552 2761 Sigonius.
594 2721 724 2752 Hearnii
748 2720 813 2752 edi·
858 2721 927 2750 cula
954 2719 1005 2750 hie
1037 2719 1240 2760 intelligenda
1268 2718 1387 2749 videtur
1415 2716 1544 2757 capsula

136 2759 178 2790 tio
204 2765 236 2790 et
260 2761 402 2801 quaedam
432 2763 500 2793 aliae
524 2763 558 2794 id
581 2763 699 2794 babent
719 2763 814 2805 quod,
860 2762 976 2804 aliqua,
995 2772 1064 2803 quae
1088 2762 1214 2792 fortasse
1236 2760 1356 2801 signum
1380 2759 1466 2789 Jovis
1489 2764 1541 2788 aut

135 2802 203 2843 ipsa
231 2807 388 2834 structurae
420 2805 536 2836 ratione
564 2806 735 2847 flagitante,
766 2805 816 2836 hic
860 2815 949 2836 sacra
965 2804 1154 2835 includeret:
1179 2813 1239 2844 quo
1254 2812 1345 2832 sensu
1362 2801 1441 2831 hanc
1457 2811 1544 2831 eam-

133 2844 289 2876 edendum
304 2846 489 2879 curavimus.
856 2847 928 2878 dem
945 2858 1049 2878 vocem
1065 2845 1197 2888 sumpsit
1212 2844 1332 2876 Plinius
1347 2844 1369 2874 Ι.
1383 2844 1539 2874 XXXVI.

173 2888 345 2918 41⁰Terra
367 2890 426 2919 dies
447 2891 739 2931 duodequadraginta
754 2902 811 2920 mn·
857 2901 883 2920 e.
910 2892 942 2920 5.
977 2889 1116 2920 AEdicula
1139 2891 1200 2926 ejus
1223 2885 1372 2928 (Veneris
1397 2885 1539 2928 Qnidiae)

191 2944 285 2972 VOL.
312 2944 379 2971 111.
918 2947 944 2974 Q
