1947 3222
163 204 205 235 U.
221 206 255 234 C.
268 204 344 235 562.

163 247 205 277 A.
219 247 256 277 C.
272 248 341 277 190.

164 289 336 320 Antiochus

164 330 202 361 de
217 342 291 372 pace

166 374 238 414 agit.

164 1342 282 1374 Renuit
294 1343 351 1373 [Έ-

166 1386 276 1417 milius.

168 1905 275 1937 Achaei

167 1950 352 1997 Pergamum

168 1998 338 2023 intromissi.

375 91 450 131 294
897 84 931 122 T
943 85 960 123 1
974 84 1007 122 T
1022 85 1039 122 1
1079 85 1113 122 L
1127 83 1189 121 IV
1204 83 1220 121 1
1238 84 1254 121 1

377 201 536 241 essent;
569 201 733 250 tempus
753 193 910 234 venisse
937 202 1068 243 ratus,
1088 193 1220 249 prius,
1237 205 1363 247 quam
1390 198 1500 232 terra
1519 189 1706 246 marique
1726 189 1779 231 si-

376 250 466 291 mul
478 259 743 306 urgueretur,
759 249 908 305 agendi
924 249 975 290 de
991 264 1106 305 pace,
1121 249 1329 290 tumulum
1345 246 1566 303 quemdam
1580 246 1778 287 adversus

378 306 540 347 Elaeam
571 307 714 348 castris
749 306 869 362 cepit.
905 305 963 346 ibi
995 305 1185 361 peditum
1220 304 1411 346 omnibus
1445 303 1574 359 copiis
1608 301 1775 350 relictis,

379 378 474 404 cum
503 362 693 419 equitatu
717 363 851 414 (erant
884 369 1022 402 autem
1055 375 1125 401 sex
1154 361 1283 402 millia
1311 361 1520 416 equitum)
1542 359 1583 400 in
1612 373 1778 413 campos

379 420 458 461 sub
496 420 587 476 ipsa
621 419 774 460 Eleaeae
808 417 959 458 moenia
998 416 1223 468 descendit,
1255 417 1378 458 misso
1416 416 1685 457 caduceatore
1723 413 1778 454 ad

380 475 614 526 AEmilium,
636 475 739 515 velle
761 489 802 515 se
822 474 873 514 de
894 489 994 529 pace
1015 488 1147 529 agere.

437 532 572 573 XIX.
605 530 815 580 AEmilius‚
839 531 1028 570 Eumene
1057 545 1082 570 a
1109 529 1311 586 Pergamo
1339 530 1490 580 adcito,
1511 528 1708 570 adhibitis
1736 534 1778 567 et

381 588 572 638 Rhodiis,
589 586 804 628 consilium
825 586 984 627 habuit.
1048 586 1198 627 Rhodii
1219 586 1332 627 haud
1353 585 1590 642 adspernari
1609 598 1776 641 pacem:

380 647 603 693 Eumenes,
617 658 688 683 uec
700 643 900 684 honestum
915 657 1008 693 esse,
1022 642 1171 692 dicere,
1185 658 1229 683 eo
1243 650 1416 696 tempore
1427 645 1476 682 a'e
1483 657 1588 695 pace
1599 643 1671 696 agi
1677 665 1692 688 ,-
1710 654 1781 680 nec

378 703 525 742 exitum
540 702 603 741 rei
617 701 761 754 inponi
774 714 899 753 posse.
966 699 1049 743 Qui
1068 701 1186 750 enim,
1200 700 1351 755 inquit,
1365 705 1435 740 aut
1450 700 1622 747 honeste,
1637 697 1782 739 inclusi

375 758 564 799 moenibus
583 763 623 798 et
641 757 784 798 obsessi
802 759 938 807 velim,
959 758 1062 811 leges
1079 758 1192 809 pacis
1210 757 1471 809 accipiemus?
1503 762 1574 796 aut
1592 756 1656 795 cui
1684 761 1780 795 rata

376 817 455 855 ista
472 829 560 867 pax
570 815 662 863 erit,
679 828 795 868 quam
811 816 897 855 sine
911 815 1079 864 consule,
1095 828 1172 854 non
1193 829 1243 854 ex
1262 814 1502 853 auctoritate
1515 819 1688 863 senatus,
1701 825 1780 852 non

361 871 502 925 jussu*
514 871 1219 925 populiRomani⁵⁷pepige1·imus³?
1255 869 1402 919 Quaero
1417 871 1520 909 enim
1534 883 1636 923 pace
1649 883 1728 922 per
1742 874 1783 909 te

359 929 499 983 facta,
514 930 767 969 rediturusne
783 929 977 981 extemplo
993 930 1036 968 in
1048 929 1217 969 Italiam
1236 929 1303 977 sis,
1318 929 1476 968 classem
1493 928 1782 980 exercitumque

376 987 640 1026 deducturus?
662 1000 716 1025 au
730 992 1037 1038 exspectaturus,
1047 986 1147 1039 quid
1157 986 1205 1026 de
1217 999 1264 1024 ea
1279 1000 1323 1025 re
1335 985 1489 1025 consuli
1492 985 1669 1037 placeat,
1684 983 1784 1037 quid

375 1049 535 1083 senatus
553 1049 722 1091 censeat,
740 1049 811 1082 aut
824 1043 998 1095 populus
1003 1042 1178 1096 jubeat?
1209 1042 1355 1082 Restat
1369 1055 1476 1095 ergo,
1492 1047 1535 1081 ut
1555 1055 1717 1081 maneas
1736 1041 1781 1080 in

377 1099 491 1147 Asia,
502 1105 541 1140 et
553 1113 689 1140 rursus
702 1101 745 1140 in
757 1099 922 1139 hiberna
935 1100 1059 1152 copia:
1071 1100 1255 1148 reductae,
1264 1100 1402 1139 omisso
1415 1099 1528 1147 bello,
1537 1098 1781 1138 exhauriant

375 1156 650 1197 commeatibus
662 1156 896 1209 praebemlis
910 1158 1053 1197 socios.-
1076 1157 1219 1196 deinde
1233 1157 1287 1210 (si
1306 1157 1366 1196 ita
1383 1157 1505 1196 visum
1518 1156 1572 1196 sit
1584 1156 1650 1204 iis,
1657 1169 1782 1207 penes

377 1228 471 1267 quos
497 1219 679 1266 potestas
696 1213 856 1268 fuerit)
889 1215 1152 1254 instauremus
1180 1227 1317 1254 novum
1348 1214 1396 1252 de
1431 1214 1587 1266 integro
1617 1212 1778 1252 bellum:

376 1271 482 1324 quod
495 1285 710 1323 possumus,
733 1271 770 1311 si
788 1285 837 1310 ea·
856 1270 926 1310 hoc
946 1272 1084 1323 inpetu
1104 1284 1234 1311 rerum
1255 1270 1362 1310 nihil
1375 1270 1625 1323 prolatando
1644 1269 1782 1309 remit-

378 1329 491 1376 titur,
515 1334 610 1368 ante
635 1328 812 1377 hiemem,
835 1328 936 1368 Diis
963 1327 1195 1377 volentibus,
1211 1327 1436 1381 peffecisse.
1497 1327 1602 1366 Haec
1623 1333 1782 1367 senten-

377 1384 435 1426 tia
463 1384 576 1434 vicit,
605 1398 932 1440 responsumque
962 1384 1174 1425 Antiocho
1202 1391 1278 1433 est,
1301 1391 1395 1424 ante
1424 1382 1602 1425 consulis
1631 1382 1783 1423 adven-

378 1450 468 1482 tum
489 1441 541 1481 de
569 1455 670 1497 pace
698 1441 763 1496 agi
794 1456 876 1481 non
905 1456 1035 1496 posse.
1095 1440 1346 1490 Antiochus,
1367 1453 1468 1496 pace
1497 1435 1782 1495 nequidquam

378 1495 551 1547 tentata,
581 1497 793 1538 evastatis²
822 1497 1076 1538 Elaeensium
1105 1497 1302 1553 primum,
1331 1496 1479 1538 deinde
1509 1497 1782 1552 Pergameno-

376 1569 471 1595 rum
501 1554 625 1610 agris,
646 1554 790 1595 relicto
819 1553 878 1595 ibi
911 1554 1081 1595 Seleuco
1110 1554 1210 1603 filio,
1230 1553 1599 1609 ⁵⁸Adramytteum
1626 1552 1783 1594 hostili-

377 1618 441 1651 ter
479 1611 624 1652 itinere
668 1610 794 1660 facto,
835 1611 942 1666 petit
981 1626 1130 1666 agrum
1168 1610 1429 1666 opulentum,
1470 1624 1594 1665 quem
1634 1617 1782 1650 vocant

377 1667 410 1691 ⁵⁹
419 1667 586 1708 Thebes
607 1681 815 1723 campum,
837 1666 1014 1708 carmine
1036 1668 1212 1708 Homeri
1242 1666 1517 1707 nobilitatum.
1549 1681 1683 1721 neque
1703 1666 1784 1707 alio

378 1723 464 1764 ullo
504 1723 592 1764 loco
632 1724 748 1764 Asiae
788 1725 920 1779 major
958 1723 1082 1779 regiis
1121 1723 1323 1764 militibus
1361 1731 1482 1778 parta
1520 1731 1581 1764 est
1627 1722 1780 1778 praeda.

377 1779 580 1821 ⁶⁰Eodem
611 1780 956 1836 Adramytteum,
987 1788 1035 1820 ut
1070 1779 1165 1821 urbi
1199 1779 1393 1835 praesidio
1427 1787 1576 1829 essent,
1606 1779 1784 1820 navibus

377 1836 656 1886 circumvecti,
679 1836 877 1877 AEmilius
897 1845 938 1877 et
961 1838 1170 1877 Eumenes
1190 1844 1405 1877 venerunt.

436 1893 544 1933 XX.
578 1894 660 1934 Per
688 1893 852 1934 eosdem
881 1893 989 1934 forte
1015 1893 1102 1933 dies
1123 1892 1283 1933 Elaeam
1313 1908 1363 1933 ex
1385 1891 1545 1933 Achaia
1574 1891 1686 1932 mille
1714 1906 1784 1947 pe-

378 1949 484 1991 dites
514 1964 609 1991 cum
639 1958 804 1991 centum
835 1949 1062 2005 equitibus,
1086 1946 1304 2004 Diophane
1338 1948 1530 1990 omnibus
1562 1948 1626 1989 his
1656 1948 1785 2004 copiis

378 2006 616 2063 praepositO,
637 2014 906 2048 accesserunt.
938 2022 1043 2062 quos
1073 2021 1255 2061 egressos
1283 2006 1459 2047 navibus
1481 2005 1645 2046 obviam
1672 2004 1783 2046 missi

378 2063 432 2104 ab
462 2063 610 2104 Attalo
643 2070 763 2104 nocte
795 2064 1047 2119 Pergamum
1079 2062 1355 2104 deduxerunt.
1417 2061 1610 2104 Veterani
1643 2076 1785 2103 omnes

422 2148 436 2165 '³
450 2146 528 2175 velut
541 2145 602 2176 del.
618 2145 714 2176 Gron.
729 2146 820 2177 Crev.

907 2148 924 2166 ¹
939 2148 1086 2185 zwnjussu
1102 2144 1123 2176 l.
1137 2147 1250 2186 injussu
1264 2144 1353 2176 Eaed.

378 2192 398 2209 ²
411 2189 530 2219 vastatis
546 2188 644 2219 Gron.
659 2189 749 2219 Crev.

1450 2148 1466 2173 y
1479 2146 1671 2187 peregerimus
1685 2144 1783 2177 Gron.

380 2273 460 2303 opus,
474 2271 567 2303 quarn
589 2262 786 2294 desiderabat
807 2262 948 2303 Sigonius
969 2263 1001 2293 in
1023 2262 1060 2293 li-

381 2305 444 2337 bris
466 2305 539 2341 suis,
555 2310 656 2337 servat
676 2305 830 2341 Andreas,
851 2311 881 2336 et
905 2305 988 2337 Vict.
1010 2316 1060 2337 co-

383 2349 455 2380 dex.

425 2390 466 2421 57
498 2389 714 2431 I’epigerimns]
759 2390 896 2421 Verbum
939 2390 1063 2421 solenne

383 2439 414 2463 et
441 2433 594 2475 proprium
627 2433 658 2462 in
691 2432 748 2462 hac
777 2443 825 2471 re3
859 2433 941 2474 quod
969 2444 1062 2474 quum

384 2475 512 2507 Modius
535 2475 658 2516 reperiri
683 2480 808 2505 testetur
838 2475 868 2505 in
898 2476 967 2506 MS.
991 2477 1063 2506 Mo-

383 2518 522 2559 guntino,
546 2523 576 2548 et
602 2517 658 2558 ipsi
686 2524 805 2548 exstare
830 2518 1064 2560 compererimus

384 2562 415 2591 in
450 2562 477 2591 V
483 2561 532 2592 ict.
567 2570 627 2591 non
668 2559 876 2591 dubitavimus
919 2561 1063 2602 recipere.

385 2604 489 2644 Vulgo
502 2604 705 2645 peregerimus.

425 2648 465 2677 58
499 2646 722 2687 Adramytteum
772 2645 911 2675 hostiliter
962 2648 1064 2676 itinere

373 2689 471 2729 jacto,
500 2690 571 2728 petit
596 2687 718 2730 agrum]
757 2688 861 2724 Quum
889 2687 928 2718 ad
957 2689 1062 2719 urbem

384 2730 620 2773 Adramytteum
658 2729 804 2761 hostiliter
840 2729 949 2762 itinere
983 2731 1062 2761 facto

385 2772 466 2809 isset,
490 2774 567 2815 petit
594 2784 700 2814 agrum
722 2772 911 2815 opulentum.
956 2774 1061 2804 Muta-

384 2815 483 2848 vimus
502 2816 592 2859 hujus
614 2816 671 2848 loci
695 2816 977 2859 interpunctionem,
994 2826 1063 2859 qua:

1104 2263 1135 2294 iu
1150 2263 1282 2305 vulgatis
1296 2263 1405 2295 vitiosa
1420 2269 1497 2294 erat.

1147 2307 1187 2337 59
1213 2307 1314 2337 Thebes
1341 2317 1485 2345 campum,
1508 2306 1635 2335 carmine
1665 2303 1785 2335 Homeri

1105 2350 1304 2389 nobilitatum]
1327 2350 1415 2390 Saepe
1433 2347 1615 2379 mentionem
1630 2346 1703 2378 facit
1719 2348 1784 2378 Ho-

1106 2402 1206 2423 merus
1235 2391 1357 2422 Thebes
1391 2390 1574 2428 Eetionaeae;
1608 2389 1647 2421 de
1675 2400 1785 2432 campo

1106 2435 1227 2465 Thebes
1248 2433 1324 2464 nihil
1346 2433 1449 2469 habet,
1465 2443 1556 2473 quem
1577 2437 1608 2462 et
1630 2439 1698 2474 post
1719 2433 1787 2474 ejus

1106 2477 1230 2507 demum
1261 2482 1399 2518 tempora
1425 2475 1468 2506 sic
1500 2474 1692 2506 nominatum
1720 2485 1787 2506 esse

1107 2520 1216 2550 Strabo
1242 2519 1330 2550 docet
1357 2519 1379 2549 l,
1404 2518 1502 2548 XIII.
1530 2529 1558 2559 p.
1585 2519 1658 2549 612.
1702 2518 1784 2549 Hinc

1108 2561 1280 2593 Gronovius
1302 2560 1376 2602 legit
1390 2561 1555 2595 nobilitata,
1570 2560 1652 2601 quod
1675 2561 1786 2592 resera·

1107 2610 1156 2635 tur
1170 2604 1209 2634 ad
1223 2605 1340 2638 urbem,
1356 2613 1416 2634 non
1436 2603 1474 2634 ad
1491 2614 1644 2645 campum.

1149 2647 1190 2677 60
1215 2647 1320 2676 Eadem
1347 2647 1585 2687 Adramytteum]
1625 2646 1705 2677 Dele
1733 2655 1787 2677 no-

1105 2698 1175 2719 men
1206 2689 1299 2723 urbis,
1329 2689 1412 2729 quod
1445 2689 1494 2719 hic
1525 2688 1785 2737 interpretamenti

1106 2732 1173 2762 loco
1199 2731 1350 2765 additum.
1377 2737 1483 2773 postea
1510 2742 1575 2763 sese
1602 2741 1633 2762 in
1659 2736 1785 2763 contex—

1107 2780 1170 2805 tum
1204 2773 1307 2816 inepte
1342 2773 1517 2806 insinuavit.
1561 2774 1645 2807 Illud
1675 2773 1787 2807 omittit

1107 2816 1260 2859 Sigonius,
1277 2821 1353 2849 teste
1369 2817 1514 2850 Hearnio.
