1947 3222
492 135 618 174 LIB.
646 133 839 172 XXXIV.
882 133 956 170 CA
974 134 1013 172 P.
1046 133 1240 173 XXXIX.
1509 137 1582 181 167

155 245 371 296 tationem,
409 245 512 301 quin
551 243 794 291 bellandum
834 251 956 294 esset,
991 250 1248 284 exemerunt.
1310 244 1443 286 Levia
1481 245 1577 288 inde
1593 260 1634 292 U.
1649 259 1771 292 c.557.

153 303 302 359 proelia
332 317 405 359 per
425 301 703 358 quatriduum
727 301 916 357 primum
948 299 1034 341 sine
1062 300 1149 341 ullo
1169 299 1268 341 satis
1289 310 1402 342 certo
1423 312 1575 346 eventu
1592 303 1630 335 Λ·
1645 303 1682 336 C·
1699 303 1770 334 ¹9⁵⁴

153 361 381 402 commissa.
419 358 568 414 quinto
598 357 666 399 die
695 372 827 415 prope
851 358 970 414 justa
997 372 1143 414 pugna
1171 356 1276 398 adeo
1304 368 1503 413 paventes
1532 361 1576 402 in

153 417 357 474 oppidum
395 415 702 456 Lacedaemonii
742 414 946 471 compulsi
983 422 1093 463 sunt,
1131 421 1180 455 ut
1215 414 1388 470 quidam
1423 416 1575 459 milites

154 474 348 523 Romani,
370 480 488 528 terga
517 471 774 528 fugientium
794 472 1015 523 caedentes,
1038 487 1112 529 per
1131 471 1380 522 intermissa,
1404 479 1452 513 ut
1473 480 1574 515 tunc

152 539 284 579 erant,
305 529 458 571 moenia
478 530 626 571 urbem
646 529 854 571 intrarint.

208 587 490 628 XXXVIII.
524 588 584 628 Et
614 595 716 629 tunc
746 586 916 643 quidem
947 586 1183 637 Quinctius,
1206 586 1305 628 satis
1335 602 1384 627 eo
1416 593 1573 629 terrore

146 643 334 685 coercitis
365 643 681 686 excursionibus
709 644 910 694 hostium,
932 644 1036 684 nihil
1065 653 1219 700 praeter
1247 643 1379 700 ipsius
1409 644 1599 701 obpug-.

146 700 356 742 nationem
392 700 508 742 urbis
539 716 752 758 superesse
786 710 919 752 ratus,
949 701 1097 751 missis,
1119 702 1194 758 qui
1229 712 1371 743 omnes
1405 700 1572 742 navales

145 757 276 799 socios
297 773 321 799 a
343 757 506 815 Gythio
526 766 792 808 arcesserent,
814 759 902 814 ipse
934 758 1100 799 interim
1129 773 1225 800 cum
1255 757 1436 800 tribunis
1464 758 1572 800 mili-

144 823 235 855 tum
257 815 311 856 ad
332 815 551 856 visendum
573 815 689 857 urbis
706 816 833 857 situm
855 815 1008 856 moenia
1027 814 1364 857 circumvehitur.
1412 816 1571 857 Fuerat

144 872 359 928 quondam
391 873 478 913 sine
507 887 629 914 muro
662 873 824 928 Sparta.
855 871 887 895 3¹
903 872 1070 928 tyranni
1097 887 1233 929 nuper
1262 872 1361 913 locis
1390 873 1571 929 patenti-
1584 882 1702 931 Spartae
1717 893 1785 916 mu-

144 929 225 970 bus
265 929 485 986 planisque
519 930 756 985 objecerant
791 944 985 970 murum:
1029 929 1180 970 altiora
1213 929 1317 980 loca,
1349 938 1390 970 et
1426 929 1571 971 diffici-
1583 926 1724 958 nit1ones.

144 985 248 1028 liora
276 987 412 1037 aditu,
435 986 684 1028 stationibus
713 994 970 1028 armatorum
1000 1001 1078 1042 pro
1107 985 1366 1027 munimento
1394 986 1570 1042 objectis

144 1044 407 1085 tutabantur.
469 1043 557 1084 Ubi
579 1044 679 1084 satis
694 1043 834 1084 omnia
852 1043 1051 1099 inspexit,
1067 1058 1220 1084 corona
1234 1042 1568 1099 obpugnandum

143 1108 274 1151 ratus,
304 1100 497 1142 omnibus
527 1099 656 1156 copiis
686 1101 824 1152 (erant
854 1108 993 1141 autem
1027 1100 1314 1142 Romanorum
1345 1099 1569 1141 sociorum-

141 1172 239 1212 que,
263 1157 386 1198 simul
420 1157 613 1213 peditum
643 1158 936 1214 equitumque,
960 1157 1084 1198 simul
1114 1157 1376 1199 terrestrium
1396 1166 1469 1198 ac¹
1497 1172 1569 1199 na-

138 1213 296 1256 valium
326 1214 556 1270 copiarum,
578 1213 633 1255 ad
659 1215 970 1271 quinquaginta
998 1214 1129 1255 millia
1157 1214 1395 1270 hominum)
1418 1214 1566 1257 urbem

138 1270 281 1313 cinxit.
343 1271 432 1312 Alii
454 1271 597 1323 scalas,
620 1271 690 1312 alii
717 1272 872 1326 ignem,
894 1271 964 1312 alii
995 1272 1090 1322 alia,
1113 1272 1270 1328 quibus
1290 1286 1374 1312 non
1400 1272 1566 1329 obpug-
1581 1277 1703 1309 Corona
1717 1278 1771 1310 ob-

136 1336 284 1370 narent
313 1328 452 1380 modo,
475 1328 548 1369 sed
577 1329 703 1370 etiam
733 1337 952 1380 terrerent,
983 1329 1221 1385 portabant.
1248 1328 1356 1385 jussi
1386 1328 1565 1371 clamore
1579 1327 1746 1364 pugnatur.

137 1385 304 1427 sublato
325 1386 466 1427 subire
486 1385 677 1442 undique
697 1401 854 1437 omnes,
876 1395 940 1437 ut,
963 1402 1049 1442 qua
1072 1386 1256 1442 primum
1277 1386 1563 1439 obcurrerent,

137 1458 274 1498 quave
293 1459 416 1500 opem
445 1443 618 1493 ferrent,
640 1443 695 1484 ad
715 1444 855 1484 omnia
881 1443 1004 1484 simul
1033 1451 1234 1499 paventes
1256 1443 1565 1486 Lacedaemonii

137 1499 388 1555 ignorarent.
450 1499 581 1549 Quod
615 1499 775 1540 roboris
806 1499 850 1540 in
878 1500 1066 1541 exercitu
1098 1507 1202 1549 erat,
1225 1500 1429 1541 trifariam
1460 1500 1566 1542 divi-

137 1571 242 1597 sum.
280 1564 400 1612 parte
436 1572 520 1598 una
553 1555 626 1597 ³²a
661 1556 860 1608 Phoebeo,
891 1556 1022 1598 altera
1053 1556 1125 1597 ⁵⁵a
1155 1556 1409 1612 Dictynneo,
1442 1558 1567 1600 tertia

135 1613 190 1654 ab
223 1629 271 1654 eo
307 1613 410 1665 loco,
445 1628 572 1670 quem
605 1613 639 1637 ¹³¹
655 1614 946 1669 Heptagonias
980 1613 1195 1670 adpellant
1231 1613 1389 1666 (onmia
1423 1622 1564 1657 autem

135 1668 225 1712 haec
246 1678 392 1728 aperta
412 1670 498 1712 sine
527 1685 648 1711 muro
669 1670 759 1711 loca
779 1673 897 1725 sunt)
919 1670 1094 1726 adgredi
1109 1671 1247 1726 jubet.
1310 1671 1451 1720 Quum
1474 1679 1565 1713 tan-

136 1734 206 1768 tus
227 1727 415 1783 undique
434 1726 468 1751 3⁵
482 1735 616 1769 terror
636 1727 784 1768 urbem
805 1727 1162 1776 circumvasisset,
1195 1727 1332 1783 primo
1358 1735 1563 1784 tyrannus

132 1792 174 1826 et
195 1786 249 1827 ad
277 1785 476 1826 clamores
496 1784 748 1840 repentinos,
771 1792 812 1826 et
833 1784 888 1826 ad
917 1785 1091 1826 nuncios
1119 1784 1304 1840 trepidos
1335 1792 1490 1837 motus,
1513 1793 1562 1828 ut

132 1843 316 1899 quisque
350 1841 530 1882 maxime
561 1841 769 1883 laboraret
804 1841 934 1892 locus,
966 1850 1040 1884 aut
1069 1841 1159 1898 ipse
1188 1842 1454 1892 obcurrebat,
1485 1850 1561 1885 aut

130 1899 295 1956 aliquos
331 1898 539 1941 mittebat.
578 1898 744 1949 deinde,
778 1898 1032 1940 circumfuso
1067 1898 1256 1955 undique
1295 1914 1465 1956 pavore,
1501 1899 1562 1942 ita

131 1956 366 2013 obtorpuit,
402 1963 450 1997 ut
491 1971 566 1997 nec
601 1955 752 2007 dicere,
788 1956 903 2012 quod
945 1955 988 1996 in
1021 1971 1110 1997 rem
1145 1963 1267 2006 esset,
1303 1970 1378 1998 nec
1413 1956 1560 1999 audire

130 2022 296 2069 posset;
330 2028 404 2055 nec
432 2013 552 2070 inops
581 2012 707 2054 modo
737 2012 910 2065 consilii,
932 2013 1005 2055 sed
1035 2012 1106 2054 vix
1136 2013 1290 2054 mentis
1309 2027 1479 2069 compos
1498 2028 1560 2056 es-

130 2078 430 2170 setXXXIX.
463 2127 677 2169 Romanos
710 2126 847 2184 primo
877 2126 1137 2169 sustinebant
1166 2126 1210 2168 in
1240 2127 1445 2184 angustiis
1474 2128 1558 2171 La-

573 2198 586 2216 1'
599 2196 838 2236 terrestriumque
851 2206 887 2226 ac
903 2195 1001 2228 Gron.
1019 2195 1111 2227 Crev.

171 2255 212 2286 31
239 2254 374 2296 Tyranni
409 2264 504 2294 nuper
529 2274 538 2284 .
562 2276 572 2285 .
594 2276 604 2285 .
628 2276 636 2285 .
659 2254 820 2294 ong'ecerant
862 2254 908 2285 At
936 2264 996 2286 non
1024 2254 1107 2285 male
1135 2253 1256 2284 videtur
1286 2253 1462 2296 suspicatus
1489 2264 1556 2287 esse

128 2298 262 2340 murum]
287 2299 307 2330 J
310 2297 430 2329 ustinus
448 2298 470 2329 l.
486 2297 580 2328 XIV.
606 2306 635 2328 e.
649 2298 681 2328 5.
704 2307 820 2328 memo-

127 2346 175 2371 rat
206 2341 349 2384 Spartam
378 2341 533 2372 inclusam
561 2350 628 2371 esse
661 2350 749 2371 muro
778 2340 819 2371 ob

131 2383 298 2415 Cassandri
321 2384 427 2415 multis
448 2383 481 2415 in
496 2382 618 2415 Graecia
642 2382 819 2415 civitatibus

129 2424 246 2458 bellum
280 2427 442 2459 inferentis
473 2432 601 2458 metum.
646 2426 820 2458 Pausanias

130 2467 162 2498 in
189 2468 318 2502 Achaic.
348 2481 471 2502 murum
495 2468 697 2501 tumultuario
727 2479 820 2512 opere

131 2510 354 2544 circumdatum
380 2523 446 2545 esse
464 2513 533 2544 urbi
555 2518 671 2549 narrat,
686 2512 820 2555 primum

128 2553 299 2591 Demetrio,
323 2555 436 2588 deinde
464 2555 583 2599 Pyrrho
611 2555 819 2598 oppugnanti-

127 2596 204 2626 bus:
229 2608 248 2629 a.
270 2598 395 2631 Nabide
415 2605 548 2641 tyranno
571 2599 692 2631 validas
714 2598 816 2630 muni-

129 2639 228 2670 tiones
242 2640 388 2682 adjectas.
433 2643 545 2684 Itaque
561 2643 644 2684 quod
665 2642 716 2673 hic
740 2642 816 2683 legi-

127 2692 197 2712 mus
208 2682 250 2713 de
271 2694 357 2715 muro
378 2697 473 2725 nuper
491 2697 511 2717 a
528 2685 668 2728 tyrannis
682 2685 815 2728 objecto,

127 2724 159 2755 id
176 2725 215 2755 de
234 2725 295 2757 illis
310 2727 444 2759 Nabidis
465 2729 688 2760 munitionibus
701 2728 816 2760 intelli-

128 2767 264 2808 gendum
289 2769 420 2801 videtur.
462 2771 536 2803 Vid.
558 2776 663 2802 tamen
685 2777 749 2803 not.
773 2772 814 2803 ad

126 2811 146 2841 1.
163 2811 321 2843 XXXIX.
336 2822 363 2843 c.
378 2814 431 2844 37.

167 2855 209 2884 32
232 2855 257 2884 Α
279 2855 410 2896 Phoebeo]
433 2855 466 2886 Si
489 2856 554 2887 haec
577 2867 636 2887 vox
658 2866 733 2888 sana
753 2862 811 2894 est,

128 2896 364 2938 intelligendum
394 2904 439 2929 est
469 2899 623 2942 Apollinis
652 2900 813 2942 templum.

862 2297 1032 2333 Meursius‚
1056 2298 1092 2329 ab
1115 2297 1255 2336 Ephebeo,
1275 2298 1329 2339 qui
1354 2297 1439 2328 loeus
1465 2297 1513 2328 bis
1535 2307 1556 2329 a

862 2340 1022 2372 Pausania
1044 2340 1219 2384 appellatur
1233 2340 1266 2370 in
1282 2339 1456 2372 Laconicis.
1501 2341 1552 2372 Ibi

857 2382 990 2424 juvenes
1013 2384 1061 2415 ad·
1075 2383 1193 2416 bellum
1220 2383 1355 2414 exituros
1380 2383 1554 2416 sacrificare

862 2436 929 2457 mos
945 2432 1020 2458 erat.

905 2470 948 2500 33
971 2471 998 2500 A
1019 2469 1200 2511 Dictymzeo]
1226 2467 1450 2510 Dictynneum,
1475 2474 1552 2501 tem·

862 2512 950 2554 plum
965 2518 1012 2544 est
1026 2512 1206 2555 Dictynnae,
1221 2512 1286 2543 sive
1308 2511 1365 2542 illa
1379 2512 1486 2543 Diana
1501 2512 1551 2549 sit,

862 2555 929 2587 sive
950 2555 1156 2593 Britomartis,
1177 2555 1217 2587 de
1239 2564 1302 2597 qua.
1323 2555 1496 2586 Pausanias
1518 2555 1551 2586 in

861 2599 1081 2630 Corinthiacis,

903 2643 944 2673 34
968 2642 1183 2684 Heptagonias]
1220 2641 1281 2672 Hic
1314 2641 1401 2672 locus
1435 2650 1549 2671 nomen

862 2684 971 2716 habuit
985 2696 1004 2716 a
1019 2691 1137 2727 septem
1153 2685 1284 2726 angulis.
1309 2684 1388 2715 ἑπτὰ
1411 2688 1526 2725 septem
1539 2695 1546 2713 :

861 2728 953 2769 γωνία
969 2729 1110 2770 angulus.
1195 2768 1199 2769 ⁷

901 2773 942 2803 35
968 2772 1073 2802 Temn-
1090 2772 1188 2802 urbem
1212 2768 1454 2810 circumvasisset]
1479 2768 1546 2800 No-

856 2825 928 2845 men
944 2816 1043 2845 urbem
1058 2819 1180 2845 servant
1194 2812 1298 2855 scripti
1309 2818 1341 2843 et
1354 2811 1446 2854 prisci
1460 2811 1545 2842 editi.

859 2857 1062 2888 Recentiores
1089 2866 1262 2898 operarum,
1286 2861 1320 2886 ut
1344 2854 1474 2891 videtur,
1498 2854 1545 2886 in-

859 2900 944 2932 curia
959 2900 1135 2930 omiseram.

938 2944 1021 2983 M4
