1947 3222
519 153 638 192 LIB.
669 151 881 189 XXXVII.
919 153 1039 190 CAP.
1071 154 1178 192 XLI.
1475 161 1548 196 313

135 262 380 326 gyraspides
413 278 438 304 a
471 276 635 326 genere
660 274 870 301 armorum
911 260 1246 316 adpellabantur.
1306 264 1441 306 Dahae
1481 265 1604 306 de-U.
1615 274 1655 306 c.
1668 274 1742 307 562.

136 311 247 369 iride,
270 319 430 374 equites
451 317 668 398 saglittarii,
690 316 803 357 mille
824 324 865 358 et
887 317 1068 358 ducenti.
1101 326 1192 359 tum
1218 318 1319 360 levis
1340 316 1653 363 armatura‘kc·
1672 318 1743 349 190.

138 376 266 416 trium
301 354 553 425 millium,1⁹
566 374 657 430 pari
691 373 820 414 ferme
856 389 1029 414 numero
1064 389 1160 430 pars
1185 376 1423 438 Cretenses,
1455 393 1552 434 pars

140 433 314 473 Tralles.
346 432 431 472 duo
460 430 591 471 millia
611 439 652 472 et
673 431 894 486 quingenti
919 430 1078 486 2⁰Mysi
1110 430 1334 486 sagittaiiis
1364 433 1552 498 adjuncti

138 498 266 530 erant.
326 490 578 528 Extremum
611 503 740 528 cornu
773 487 1023 529 claudebant
1054 496 1238 543 quatuor
1269 488 1400 530 millia
1431 491 1553 532 mixti

142 546 298 601 Cyrtaei
332 544 581 594 funditores,
613 553 654 585 et
685 544 866 600 Elymaei
898 544 1114 599 sagittarii.
1175 545 1247 586 Ab
1283 545 1389 586 laevo
1424 561 1553 588 cornu

139 601 389 665 phalangitis
417 601 605 657 adjuncti
630 610 748 642 erant
771 601 1024 657 Gallograeci
1045 602 1208 657 equites
1237 602 1350 643 mille
1370 611 1411 644 et
1433 604 1556 659 quin-

138 658 276 712 genti:
310 667 351 699 et
376 658 564 699 similiter
592 658 657 700 his
687 659 835 699 armati
857 659 943 699 duo
972 658 1102 699 millia
1124 659 1447 723 Cappadocum:
1483 659 1555 712 (ab

138 715 363 756 Ariarathe
384 715 496 755 missi
518 724 636 756 erant
657 715 745 770 regi
754 718 802 769 2.)
856 715 962 756 Inde
983 715 1207 756 auxiliares
1228 715 1348 757 mixti
1369 716 1556 757 omnium

139 786 338 826 (renerum
369 772 454 812 duo
484 772 614 813 millia
634 781 674 813 et
704 773 971 828 septingenti,
994 781 1035 813 et
1056 773 1137 813 tria
1166 773 1296 814 millia
1316 773 1557 829 cataphrac-

138 837 278 869 torum
300 829 506 892 equitum,
529 837 569 870 et
591 829 703 870 mille
724 828 792 869 alii
820 829 997 885 equites,
1019 830 1134 884 regia
1163 829 1228 870 ala
1253 830 1477 871 levioribus
1499 839 1558 872 te·-

138 885 349 940 gumentis
371 901 455 926 suls
475 901 779 941 equorumque,
802 886 883 927 alio
903 886 1019 927 haud
1040 886 1229 927 dissimili
1252 887 1426 928 habitu.
1463 887 1557 944 Syri

139 941 331 998 plerique
370 951 488 984 erant
523 942 765 999 Phrygibus
801 951 842 984 et
874 942 1009 1006 Lydis
1048 942 1227 984 inmixti.
1289 945 1404 985 Ante
1444 944 1558 986 hunc

140 999 376 1054 equitatum
392 999 555 1040 falcatae
572 999 790 1056 quadrigae
810 1007 851 1040 et
868 999 1027 1062 cameli,
1045 1015 1151 1055 quos
1167 1000 1378 1055 adpellant
1394 1000 1558 1042 droma-

139 1055 225 1096 das.
257 1056 322 1097 his
354 1056 587 1098 insidebant
622 1057 786 1097 Arabes
822 1056 1042 1112 sagittarii,
1071 1056 1232 1112 gladios
1265 1057 1466 1098 habentes
1498 1066 1558 1099 te-

139 1128 256 1162 nues,
279 1113 422 1169 longos
444 1122 648 1169 quaterna
678 1113 835 1163 cubita,
858 1121 906 1153 ut
937 1128 988 1153 ex
1010 1121 1128 1154 tanta
1157 1113 1379 1155 altitudine
1400 1114 1559 1156 contin-

139 1185 236 1225 gere
257 1170 417 1211 hostem
438 1179 617 1225 possent.
678 1169 827 1210 9111]ἀο
847 1169 929 1210 alia
949 1169 1203 1232 multitudo,
1225 1185 1302 1226 par
1322 1171 1374 1221 ei,
1397 1186 1493 1227 quae
1513 1173 1558 1213 in

139 1226 288 1267 dextro
309 1242 436 1267 cornu
460 1225 1020 1289 0101ςρ1111119Το101111111,
1035 1226 1184 1267 deinde
1200 1227 1375 1283 Gallogr
1377 1244 1558 1270 aecorum

139 1284 331 1338 equitum
360 1283 446 1324 duo
475 1283 606 1324 millia
635 1292 676 1324 et
698 1283 933 1339 quingenti,
956 1283 1052 1324 inde
1072 1261 1351 1325 95Νο0010105
1366 1285 1495 1335 mille,
1516 1294 1558 1327 et

137 1340 282 1380 eodem
304 1349 467 1382 armatu
491 1342 618 1381 Cares
639 1349 678 1381 et
702 1340 851 1381 Cilices
871 1340 983 1382 mille
1005 1349 1046 1381 et
1068 1341 1302 1396 quingenti,
1320 1349 1361 1382 et
1382 1342 1558 1384 totidem

139 1396 318 1447 Tralles,
355 1406 397 1439 et
430 1398 512 1438 tria
551 1397 681 1438 millia
715 1406 1008 1445 caetratorum3
1045 1398 1220 1449 (Pisidae
1252 1398 1323 1438 hia
1353 1408 1485 1450 erant,
1517 1408 1558 1463 et

138 1454 394 1510 Pamphylii,
417 1462 456 1495 et
481 1454 623 1510 Lycii)
646 1463 739 1495 tum
762 1454 1029 1517 Cyrtaemum
1060 1462 1101 1495 et
1123 1454 1408 1510 Elymaeorum
1441 1456 1560 1512 paria

137 1511 182 1551 in
212 1511 362 1552 dextro
391 1526 520 1552 cornu
550 1511 694 1552 locatis
723 1510 894 1561 auxilia,
922 1519 964 1552 et
995 1511 1201 1552 sexdecim
1232 1512 1443 1568 elephanti
1472 1528 1560 1554 mo-

139 1567 233 1608 dico
253 1567 472 1609 intervallo
493 1568 705 1631 distantes.

196 1625 326 1665 XLI.
360 1624 484 1665 Rex
475 1640 562 1681 lpse
583 1624 626 1665 in
642 1625 815 1667 dextero
831 1640 960 1666 cornu
982 1634 1093 1667 erat:
1121 1626 1339 1666 Seleucum
1361 1627 1495 1668 filium
1517 1636 1559 1670 et

139 1681 416 1737 Antipatrum
432 1682 574 1722 fratris
594 1681 726 1722 filium
744 1682 785 1722 in
806 1682 912 1723 laevo
931 1682 1186 1738 praeposuit:
1211 1683 1348 1723 media
1364 1685 1470 1725 acies
1486 1684 1560 1725 tri-

138 1739 219 1779 bus
239 1739 452 1794 permissa,
472 1738 667 1788 Μ11110111,
690 1747 731 1780 01
754 1739 951 1789 Zeuxidi,
975 1747 1015 1780 et
1039 1739 1238 1795 Philippo
1259 1741 1458 1795 magistro
1480 1741 1559 1782 ele-

137 1795 405 1851 phantorum.
464 1795 674 1837 94Νο111110
702 1796 923 1843 matutina,
947 1805 1154 1837 crescente
1176 1796 1242 1837 die
1263 1797 1428 1838 levata
1419 1813 1461 1838 111
1482 1814 1560 1839 nu-

138 1853 226 1903 bes,
248 1852 465 1907 caliginem
494 1853 623 1894 dedit.
654 1853 806 1893 humor
836 1853 947 1903 inde,
970 1853 1022 1894 ab
1053 1862 1196 1895 austro
1216 1853 1347 1904 velut,
1369 1855 1565 1910 perfudit

138 1909 287 1950 omnia.
321 1911 426 1959 Quae
446 1909 551 1950 nihil
573 1909 802 1951 admodum
824 1910 1035 1960 Romanis,
1058 1910 1201 1951 eadem
1222 1911 1562 1966 perincommoda
1586 1915 1587 1933 ³

138 1966 264 2021 regiis
285 1975 414 2007 erant.
445 1982 541 2007 nam
563 1974 604 2008 et
624 1967 856 2008 obscuritas
876 1966 1008 2007 lucis
1000 1982 1042 2007 111
1063 1967 1149 2008 acie
1173 1968 1337 2008 modica
1361 1968 1560 2010 Romanis

139 2037 223 2062 non
243 2023 453 2086 adimebat
482 2024 525 2064 in
545 2039 687 2064 omnes
713 2032 853 2079 partes
883 2032 1177 2079 conspectum,
1211 2033 1251 2065 et
1281 2025 1447 2074 humor,
1470 2034 1561 2068 toto

138 2079 225 2119 fere
245 2079 363 2134 gravi
385 2088 563 2130 armatu,
584 2080 690 2121 nihil
719 2080 881 2136 gladios
901 2089 975 2121 aut
1005 2080 1091 2136 pila
1119 2080 1356 2123 hebetabat.
1417 2083 1558 2138 Regii,

142 2143 228 2176 tam
248 2136 333 2177 lata
353 2137 452 2186 acie,
475 2152 525 2177 ne
546 2152 597 2178 ex
619 2138 755 2178 medio
777 2138 949 2193 quidem
971 2152 1127 2177 cornua
1147 2153 1222 2177 sua
1242 2138 1560 2195 circumspicere

139 2201 350 2248 poterant,
370 2193 527 2234 nedum
543 2195 724 2236 extremi
754 2194 862 2235 inter
883 2209 925 2235 se
947 2194 1307 2249 conspicerentur:
1341 2204 1382 2236 et
1407 2195 1561 2239 humor

482 2297 501 2314 2
515 2294 590 2323 missi
605 2303 672 2334 vege
687 2293 786 2324 Gron.
801 2293 893 2325 Crev.
979 2296 994 2313 ³
1009 2293 1038 2322 1ιὶ
1053 2292 1115 2324 del.
1132 2294 1221 2324 Eaed.

186 2389 224 2419 19
249 2389 323 2418 Pari
346 2388 447 2430 ferme
484 2398 613 2424 numero,
651 2399 720 2427 pars
758 2388 828 2418 Cre·
873 2387 986 2419 ducere
1019 2398 1075 2419 nec
1111 2387 1207 2430 possit
1242 2388 1369 2420 fortasse
1397 2390 1561 2431 quisquam

144 2435 242 2466 tenses,
270 2442 338 2470 pars
370 2431 494 2471 Tralles]
535 2431 585 2460 Ita
618 2435 651 2461 ut
684 2441 740 2471 par
768 2431 830 2461 fere
873 2430 939 2461 sine
983 2431 1129 2461 librorum
1169 2442 1238 2472 ope,
1277 2442 1334 2463 nec
1376 2442 1563 2475 magnopere

145 2481 289 2504 numerus
324 2480 404 2505 esset
441 2473 634 2505 Cretensium
670 2479 702 2504 et
738 2474 829 2504 Tral-
873 2474 952 2504 velle
967 2474 1090 2505 debeat.

143 2513 228 2545 lium.
916 2517 1166 2557 22*Taretzti²zi]
1213 2517 1264 2547 De
1299 2516 1337 2547 iis
1372 2517 1436 2548 vid.
1469 2528 1562 2560 supra

187 2558 229 2588 20
252 2558 331 2599 Mysi
364 2561 547 2602 sagittariis·
558 2561 692 2593 adiuncti
729 2561 828 2601 erant]
875 2560 1084 2591 XXXV.28.

148 2598 288 2639 Sigonius
302 2611 339 2631 ex
353 2609 455 2634 vetere
479 2603 556 2633 libro
573 2603 831 2644 affeitsagittariz'.
918 2604 959 2633 23
985 2602 1151 2643 Neocretes]
1177 2602 1260 2633 Novi
1274 2600 1392 2633 Cretes.
1436 2602 1563 2643 Atqui-

148 2641 258 2673 110010.
295 2644 403 2689 Mysos
417 2646 499 2676 enim
514 2651 655 2676 recenset
668 2646 833 2688 Appianus
876 2655 948 2675 nam
976 2645 1022 2676 illi
1051 2644 1123 2681 sint,
1151 2656 1213 2676 non
1242 2646 1356 2687 liquet:
1393 2645 1450 2676 nisi
1479 2645 1563 2686 quod

148 2682 227 2715 inter
241 2685 358 2725 equites
371 2688 554 2727 sagittarios.
877 2688 960 2730 apud
977 2688 1086 2730 Polyb.
1102 2688 1122 2718 l.
1136 2688 1176 2719 V.
1191 2699 1282 2730 capp.
1299 2689 1350 2718 65.
1366 2693 1396 2718 et
1411 2689 1461 2718 79.
1486 2688 1561 2718 Cre-

190 2728 230 2757 21
256 2728 328 2758 Inde
355 2730 415 2759 alia
442 2733 611 2768 multitudo,
636 2742 691 2770 par
716 2732 742 2761 el
769 2742 834 2772 quoe
876 2731 1015 2761 tensibus
1043 2730 1253 2772 adjunguntur
1285 2736 1316 2762 et
1354 2740 1561 2760 annumeran-

147 2770 180 2798 in
206 2772 304 2800 dextro
332 2782 423 2801 cornu
449 2774 527 2815 erut]
566 2775 641 2804 Fere
665 2784 740 2816 par:
776 2774 833 2805 ali·
877 2779 938 2805 tur.

147 2821 212 2852 qua
251 2812 332 2843 enim
369 2813 523 2846 differunt.
574 2817 721 2847 Ceterum
757 2828 833 2848 non·
921 2817 962 2846 24
987 2816 1102 2847 Nebula
1135 2815 1297 2855 matutina]
1337 2814 1463 2845 Nebula
1497 2825 1563 2846 ma-

150 2854 237 2884 nulla
260 2861 332 2885 sunt
354 2855 385 2886 in
401 2863 464 2888 tota
485 2858 543 2889 hac
567 2859 794 2900 descriptione
787 2871 832 2890 m·
879 2858 978 2890 tutina
1015 2859 1131 2890 oriente
1165 2859 1214 2889 die
1251 2856 1415 2897 caliginem
1455 2857 1562 2889 dedit:

151 2896 259 2927 tricata
276 2903 304 2930 ct
327 2898 452 2936 incerta,
467 2910 534 2941 quae
551 2901 590 2931 ad
612 2901 763 2942 liquidum
779 2902 834 2934 ad-
879 2907 1045 2938 crescente,
1063 2902 1164 2932 levata
1180 2906 1226 2933 est
1238 2900 1269 2931 in
1286 2899 1392 2931 nubes.
