<?xml version="1.0" encoding="UTF-8"?>
<!DOCTYPE html PUBLIC "-//W3C//DTD XHTML 1.0 Transitional//EN"
    "http://www.w3.org/TR/xhtml1/DTD/xhtml1-transitional.dtd">
<html xmlns="http://www.w3.org/1999/xhtml" xml:lang="en" lang="en">
 <head>
  <title>
</title>
<meta http-equiv="Content-Type" content="text/html;charset=utf-8" />
  <meta name='ocr-system' content='tesseract 3.04.00' />
  <meta name='ocr-capabilities' content='ocr_page ocr_carea ocr_par ocr_line ocrx_word'/>
</head>
<body>
  <div class='ocr_page' id='page_1' title='image "./historiarumaburb03livyuoft_0231.png"; bbox 0 0 1947 3222; ppageno 0'>
   <div class='ocr_carea' id='block_1_1' title="bbox 506 123 1567 170">
    <p class='ocr_par' dir='ltr' id='par_1_1' title="bbox 506 123 1567 170">
     <span class='ocr_line' id='line_1_1' title="bbox 506 123 1567 170; baseline 0.005 -5"><span class='ocrx_word' id='word_1_1' title='bbox 506 127 568 165; x_wconf 83' lang='lat' dir='ltr'>LI</span> <span class='ocrx_word' id='word_1_2' title='bbox 586 127 625 165; x_wconf 87' lang='lat' dir='ltr'>B.</span> <span class='ocrx_word' id='word_1_3' title='bbox 655 123 824 163; x_wconf 89' lang='lat' dir='ltr'>XXXV.</span> <span class='ocrx_word' id='word_1_4' title='bbox 864 125 996 162; x_wconf 89' lang='lat' dir='ltr'>CAP.</span> <span class='ocrx_word' id='word_1_5' title='bbox 1025 126 1219 166; x_wconf 85' lang='lat' dir='ltr'>XXXVI.</span> <span class='ocrx_word' id='word_1_6' title='bbox 1493 135 1567 170; x_wconf 71' lang='lat'>221</span> 
     </span>
    </p>
   </div>
   <div class='ocr_carea' id='block_1_2' title="bbox 154 233 1770 1886">
    <p class='ocr_par' dir='ltr' id='par_1_2' title="bbox 154 233 1766 292">
     <span class='ocr_line' id='line_1_2' title="bbox 154 233 1766 292; baseline 0.001 -15"><span class='ocrx_word' id='word_1_7' title='bbox 154 236 266 278; x_wconf 84' lang='lat' dir='ltr'>mille</span> <span class='ocrx_word' id='word_1_8' title='bbox 298 251 392 278; x_wconf 89' lang='lat' dir='ltr'>cum</span> <span class='ocrx_word' id='word_1_9' title='bbox 426 236 698 277; x_wconf 79' lang='lat' dir='ltr'>Alexameno,</span> <span class='ocrx_word' id='word_1_10' title='bbox 760 234 934 275; x_wconf 83' lang='lat' dir='ltr'>Fecerat</span> <span class='ocrx_word' id='word_1_11' title='bbox 970 233 1048 275; x_wconf 82' lang='lat' dir='ltr'>sibi</span> <span class='ocrx_word' id='word_1_12' title='bbox 1080 250 1235 277; x_wconf 88' lang='lat' dir='ltr'>morem</span> <span class='ocrx_word' id='word_1_13' title='bbox 1273 239 1572 292; x_wconf 84' lang='lat' dir='ltr'>Alexamenus,</span> <span class='ocrx_word' id='word_1_14' title='bbox 1588 249 1766 282; x_wconf 81' lang='lat' dir='ltr'>U.C.560.</span> 
     </span>
    </p>

    <p class='ocr_par' dir='ltr' id='par_1_3' title="bbox 154 290 1770 349">
     <span class='ocr_line' id='line_1_3' title="bbox 154 290 1770 349; baseline 0.002 -14"><span class='ocrx_word' id='word_1_15' title='bbox 154 309 265 335; x_wconf 89' lang='lat' dir='ltr'>nunc</span> <span class='ocrx_word' id='word_1_16' title='bbox 295 309 391 335; x_wconf 85' lang='lat' dir='ltr'>cum</span> <span class='ocrx_word' id='word_1_17' title='bbox 426 301 604 349; x_wconf 88' lang='lat' dir='ltr'>tyranno</span> <span class='ocrx_word' id='word_1_18' title='bbox 635 291 743 332; x_wconf 88' lang='lat' dir='ltr'>inter</span> <span class='ocrx_word' id='word_1_19' title='bbox 772 305 927 347; x_wconf 85' lang='lat' dir='ltr'>paucos</span> <span class='ocrx_word' id='word_1_20' title='bbox 956 290 1123 333; x_wconf 87' lang='lat' dir='ltr'>ordines</span> <span class='ocrx_word' id='word_1_21' title='bbox 1153 293 1457 347; x_wconf 87' lang='lat' dir='ltr'>circumeundi,</span> <span class='ocrx_word' id='word_1_22' title='bbox 1489 313 1576 339; x_wconf 92' lang='lat' dir='ltr'>mo-</span> <span class='ocrx_word' id='word_1_23' title='bbox 1592 294 1631 326; x_wconf 75' lang='grc' dir='ltr'>Α·</span> <span class='ocrx_word' id='word_1_24' title='bbox 1646 294 1683 324; x_wconf 79' lang='lat'>0·</span> <span class='ocrx_word' id='word_1_25' title='bbox 1699 294 1770 324; x_wconf 85' lang='lat'>192.</span> 
     </span>
    </p>

    <p class='ocr_par' dir='ltr' id='par_1_4' title="bbox 154 347 1578 407">
     <span class='ocr_line' id='line_1_4' title="bbox 154 347 1578 407; baseline 0.003 -15"><span class='ocrx_word' id='word_1_26' title='bbox 154 350 365 407; x_wconf 90' lang='lat' dir='ltr'>nendique</span> <span class='ocrx_word' id='word_1_27' title='bbox 395 364 505 399; x_wconf 88' lang='lat' dir='ltr'>eum,</span> <span class='ocrx_word' id='word_1_28' title='bbox 528 363 624 404; x_wconf 90' lang='lat' dir='ltr'>quae</span> <span class='ocrx_word' id='word_1_29' title='bbox 652 347 694 388; x_wconf 90' lang='lat' dir='ltr'>in</span> <span class='ocrx_word' id='word_1_30' title='bbox 725 363 811 388; x_wconf 89' lang='lat' dir='ltr'>rem</span> <span class='ocrx_word' id='word_1_31' title='bbox 838 363 924 388; x_wconf 85' lang='lat' dir='ltr'>esse</span> <span class='ocrx_word' id='word_1_32' title='bbox 952 347 1230 395; x_wconf 78' lang='lat' dir='ltr'>videbantur;</span> <span class='ocrx_word' id='word_1_33' title='bbox 1263 366 1375 392; x_wconf 90' lang='lat' dir='ltr'>nunc</span> <span class='ocrx_word' id='word_1_34' title='bbox 1404 354 1447 394; x_wconf 90' lang='lat' dir='ltr'>in</span> <span class='ocrx_word' id='word_1_35' title='bbox 1478 354 1578 396; x_wconf 83' lang='lat' dir='ltr'>dex-</span> 
     </span>
    </p>

    <p class='ocr_par' dir='ltr' id='par_1_5' title="bbox 157 403 1579 467">
     <span class='ocr_line' id='line_1_5' title="bbox 157 403 1579 467; baseline 0.003 -19"><span class='ocrx_word' id='word_1_36' title='bbox 157 416 270 449; x_wconf 89' lang='lat' dir='ltr'>trum</span> <span class='ocrx_word' id='word_1_37' title='bbox 305 422 434 448; x_wconf 89' lang='lat' dir='ltr'>cornu</span> <span class='ocrx_word' id='word_1_38' title='bbox 468 405 522 446; x_wconf 87' lang='lat' dir='ltr'>ad</span> <span class='ocrx_word' id='word_1_39' title='bbox 553 420 650 445; x_wconf 90' lang='lat' dir='ltr'>suos</span> <span class='ocrx_word' id='word_1_40' title='bbox 684 403 982 460; x_wconf 78' lang='lat' dir='ltr'>adequitandi3</span> <span class='ocrx_word' id='word_1_41' title='bbox 1028 421 1125 446; x_wconf 84' lang='lat' dir='ltr'>mox</span> <span class='ocrx_word' id='word_1_42' title='bbox 1157 406 1269 456; x_wconf 89' lang='lat' dir='ltr'>inde,</span> <span class='ocrx_word' id='word_1_43' title='bbox 1303 408 1419 450; x_wconf 83' lang='lat' dir='ltr'>velut</span> <span class='ocrx_word' id='word_1_44' title='bbox 1449 409 1579 467; x_wconf 88' lang='lat' dir='ltr'>impe-</span> 
     </span>
    </p>

    <p class='ocr_par' dir='ltr' id='par_1_6' title="bbox 155 461 1576 520">
     <span class='ocr_line' id='line_1_6' title="bbox 155 461 1576 520; baseline 0.001 -15"><span class='ocrx_word' id='word_1_45' title='bbox 155 473 262 515; x_wconf 85' lang='lat' dir='ltr'>rato,</span> <span class='ocrx_word' id='word_1_46' title='bbox 304 463 419 520; x_wconf 92' lang='lat' dir='ltr'>quod</span> <span class='ocrx_word' id='word_1_47' title='bbox 458 478 522 503; x_wconf 88' lang='lat' dir='ltr'>res</span> <span class='ocrx_word' id='word_1_48' title='bbox 562 461 831 518; x_wconf 74' lang='lat' dir='ltr'>poposcisset,</span> <span class='ocrx_word' id='word_1_49' title='bbox 872 461 1097 517; x_wconf 86' lang='lat' dir='ltr'>recipiendi</span> <span class='ocrx_word' id='word_1_50' title='bbox 1144 479 1185 503; x_wconf 88' lang='lat' dir='ltr'>se</span> <span class='ocrx_word' id='word_1_51' title='bbox 1234 464 1287 505; x_wconf 85' lang='lat' dir='ltr'>ad</span> <span class='ocrx_word' id='word_1_52' title='bbox 1337 473 1576 520; x_wconf 87' lang='lat' dir='ltr'>tyrannum.</span> 
     </span>
    </p>

    <p class='ocr_par' dir='ltr' id='par_1_7' title="bbox 160 518 1579 579">
     <span class='ocr_line' id='line_1_7' title="bbox 160 518 1579 579; baseline 0.001 -18"><span class='ocrx_word' id='word_1_53' title='bbox 160 521 257 571; x_wconf 85' lang='lat' dir='ltr'>Sed,</span> <span class='ocrx_word' id='word_1_54' title='bbox 288 534 412 576; x_wconf 90' lang='lat' dir='ltr'>quem</span> <span class='ocrx_word' id='word_1_55' title='bbox 441 519 552 560; x_wconf 90' lang='lat' dir='ltr'>diem</span> <span class='ocrx_word' id='word_1_56' title='bbox 582 518 789 574; x_wconf 86' lang='lat' dir='ltr'>patrando</span> <span class='ocrx_word' id='word_1_57' title='bbox 819 518 991 559; x_wconf 80' lang='lat' dir='ltr'>facinori</span> <span class='ocrx_word' id='word_1_58' title='bbox 1023 527 1241 570; x_wconf 77' lang='lat' dir='ltr'>statuerat,</span> <span class='ocrx_word' id='word_1_59' title='bbox 1273 537 1321 562; x_wconf 92' lang='lat' dir='ltr'>eo</span> <span class='ocrx_word' id='word_1_60' title='bbox 1350 522 1579 579; x_wconf 86' lang='lat' dir='ltr'>paullisper</span> 
     </span>
    </p>

    <p class='ocr_par' dir='ltr' id='par_1_8' title="bbox 158 575 1584 633">
     <span class='ocr_line' id='line_1_8' title="bbox 158 575 1584 633; baseline 0.003 -16"><span class='ocrx_word' id='word_1_61' title='bbox 158 592 253 618; x_wconf 91' lang='lat' dir='ltr'>cum</span> <span class='ocrx_word' id='word_1_62' title='bbox 285 586 464 633; x_wconf 75' lang='lat' dir='ltr'>tyra-nno</span> <span class='ocrx_word' id='word_1_63' title='bbox 496 583 700 625; x_wconf 88' lang='lat' dir='ltr'>vectatus,</span> <span class='ocrx_word' id='word_1_64' title='bbox 733 590 867 630; x_wconf 88' lang='lat' dir='ltr'>quum</span> <span class='ocrx_word' id='word_1_65' title='bbox 901 575 953 615; x_wconf 86' lang='lat' dir='ltr'>ad</span> <span class='ocrx_word' id='word_1_66' title='bbox 985 591 1080 617; x_wconf 87' lang='lat' dir='ltr'>suos</span> <span class='ocrx_word' id='word_1_67' title='bbox 1110 578 1389 628; x_wconf 83' lang='lat' dir='ltr'>concessisset,</span> <span class='ocrx_word' id='word_1_68' title='bbox 1426 579 1584 621; x_wconf 67' lang='lat' dir='ltr'>2⁵tum¹&lt;</span> 
     </span>
    </p>

    <p class='ocr_par' dir='ltr' id='par_1_9' title="bbox 159 632 1583 689">
     <span class='ocr_line' id='line_1_9' title="bbox 159 632 1583 689; baseline 0.001 -15"><span class='ocrx_word' id='word_1_69' title='bbox 159 633 372 689; x_wconf 90' lang='lat' dir='ltr'>equitibus</span> <span class='ocrx_word' id='word_1_70' title='bbox 394 634 447 674; x_wconf 85' lang='lat' dir='ltr'>ab</span> <span class='ocrx_word' id='word_1_71' title='bbox 471 632 595 674; x_wconf 87' lang='lat' dir='ltr'>domo</span> <span class='ocrx_word' id='word_1_72' title='bbox 627 647 764 673; x_wconf 88' lang='lat' dir='ltr'>secum</span> <span class='ocrx_word' id='word_1_73' title='bbox 787 632 934 681; x_wconf 86' lang='lat' dir='ltr'>missis,</span> <span class='ocrx_word' id='word_1_74' title='bbox 959 632 1145 686; x_wconf 81' lang='lat' dir='ltr'>Agenda,</span> <span class='ocrx_word' id='word_1_75' title='bbox 1168 634 1322 688; x_wconf 87' lang='lat' dir='ltr'>inquit,</span> <span class='ocrx_word' id='word_1_76' title='bbox 1343 650 1408 676; x_wconf 71' lang='lat' dir='ltr'>res</span> <span class='ocrx_word' id='word_1_77' title='bbox 1428 636 1583 689; x_wconf 79' lang='lat' dir='ltr'>est‚j1c-</span> 
     </span>
    </p>

    <p class='ocr_par' dir='ltr' id='par_1_10' title="bbox 158 690 1583 746">
     <span class='ocr_line' id='line_1_10' title="bbox 158 690 1583 746; baseline 0.003 -16"><span class='ocrx_word' id='word_1_78' title='bbox 158 705 285 736; x_wconf 83' lang='lat' dir='ltr'>venes,</span> <span class='ocrx_word' id='word_1_79' title='bbox 309 691 586 744; x_wconf 80' lang='lat' dir='ltr'>audendaque,</span> <span class='ocrx_word' id='word_1_80' title='bbox 609 704 727 743; x_wconf 79' lang='lat' dir='ltr'>quam</span> <span class='ocrx_word' id='word_1_81' title='bbox 759 704 819 729; x_wconf 83' lang='lat' dir='ltr'>me</span> <span class='ocrx_word' id='word_1_82' title='bbox 849 691 945 729; x_wconf 76' lang='lat' dir='ltr'>duce</span> <span class='ocrx_word' id='word_1_83' title='bbox 975 690 1139 744; x_wconf 70' lang='lat' dir='ltr'>inpigre</span> <span class='ocrx_word' id='word_1_84' title='bbox 1169 693 1330 746; x_wconf 58' lang='lat' dir='ltr'>ers-equi</span> <span class='ocrx_word' id='word_1_85' title='bbox 1345 692 1453 745; x_wconf 83' lang='lat' dir='ltr'>jussi</span> <span class='ocrx_word' id='word_1_86' title='bbox 1476 693 1583 734; x_wconf 78' lang='lat' dir='ltr'>estis.</span> 
     </span>
    </p>

    <p class='ocr_par' dir='ltr' id='par_1_11' title="bbox 157 747 1585 806">
     <span class='ocr_line' id='line_1_11' title="bbox 157 747 1585 806; baseline 0.003 -19"><span class='ocrx_word' id='word_1_87' title='bbox 157 748 320 788; x_wconf 85' lang='lat' dir='ltr'>Parate</span> <span class='ocrx_word' id='word_1_88' title='bbox 341 748 497 788; x_wconf 80' lang='lat' dir='ltr'>animos</span> <span class='ocrx_word' id='word_1_89' title='bbox 517 749 770 800; x_wconf 72' lang='lat' dir='ltr'>dextrasque,</span> <span class='ocrx_word' id='word_1_90' title='bbox 793 761 843 786; x_wconf 83' lang='lat' dir='ltr'>ne</span> <span class='ocrx_word' id='word_1_91' title='bbox 863 747 951 800; x_wconf 80' lang='lat' dir='ltr'>quis</span> <span class='ocrx_word' id='word_1_92' title='bbox 968 748 1009 787; x_wconf 79' lang='lat' dir='ltr'>in</span> <span class='ocrx_word' id='word_1_93' title='bbox 1032 762 1090 798; x_wconf 81' lang='lat' dir='ltr'>eo,</span> <span class='ocrx_word' id='word_1_94' title='bbox 1108 750 1215 802; x_wconf 82' lang='lat' dir='ltr'>quod</span> <span class='ocrx_word' id='word_1_95' title='bbox 1229 751 1585 806; x_wconf 79' lang='lat' dir='ltr'>me‘videritfaci-</span> 
     </span>
    </p>

    <p class='ocr_par' dir='ltr' id='par_1_12' title="bbox 159 804 1586 859">
     <span class='ocr_line' id='line_1_12' title="bbox 159 804 1586 859; baseline 0.002 -15"><span class='ocrx_word' id='word_1_96' title='bbox 159 812 301 855; x_wconf 68' lang='lat' dir='ltr'>mitem,</span> <span class='ocrx_word' id='word_1_97' title='bbox 323 812 456 846; x_wconf 81' lang='lat' dir='ltr'>cesset.</span> <span class='ocrx_word' id='word_1_98' title='bbox 521 804 606 853; x_wconf 76' lang='lat' dir='ltr'>Qui</span> <span class='ocrx_word' id='word_1_99' title='bbox 629 810 834 844; x_wconf 78' lang='lat' dir='ltr'>cunctatus</span> <span class='ocrx_word' id='word_1_100' title='bbox 847 805 1003 859; x_wconf 76' lang='lat' dir='ltr'>fiterit,</span> <span class='ocrx_word' id='word_1_101' title='bbox 1025 804 1103 846; x_wconf 61' lang='lat' dir='ltr'>2*et</span> <span class='ocrx_word' id='word_1_102' title='bbox 1132 820 1240 846; x_wconf 78' lang='lat' dir='ltr'>sunm</span> <span class='ocrx_word' id='word_1_103' title='bbox 1272 809 1481 848; x_wconf 76' lang='lat' dir='ltr'>consilinm</span> <span class='ocrx_word' id='word_1_104' title='bbox 1503 822 1586 849; x_wconf 85' lang='lat' dir='ltr'>meo</span> 
     </span>
    </p>

    <p class='ocr_par' dir='ltr' id='par_1_13' title="bbox 160 862 1586 916">
     <span class='ocr_line' id='line_1_13' title="bbox 160 862 1586 916; baseline 0.002 -13"><span class='ocrx_word' id='word_1_105' title='bbox 160 863 402 916; x_wconf 67' lang='lat' dir='ltr'>imm-ponet,</span> <span class='ocrx_word' id='word_1_106' title='bbox 431 863 535 903; x_wconf 83' lang='lat' dir='ltr'>sciat</span> <span class='ocrx_word' id='word_1_107' title='bbox 564 862 643 903; x_wconf 78' lang='lat' dir='ltr'>sibi</span> <span class='ocrx_word' id='word_1_108' title='bbox 672 863 843 905; x_wconf 77' lang='lat' dir='ltr'>reditum</span> <span class='ocrx_word' id='word_1_109' title='bbox 874 862 931 901; x_wconf 83' lang='lat' dir='ltr'>ad</span> <span class='ocrx_word' id='word_1_110' title='bbox 953 869 1124 914; x_wconf 78' lang='lat' dir='ltr'>penates</span> <span class='ocrx_word' id='word_1_111' title='bbox 1153 877 1233 903; x_wconf 79' lang='lat' dir='ltr'>non</span> <span class='ocrx_word' id='word_1_112' title='bbox 1265 878 1357 905; x_wconf 85' lang='lat' dir='ltr'>esse.</span> <span class='ocrx_word' id='word_1_113' title='bbox 1421 865 1586 906; x_wconf 90' lang='lat' dir='ltr'>Horror</span> 
     </span>
    </p>

    <p class='ocr_par' dir='ltr' id='par_1_14' title="bbox 161 919 1588 976">
     <span class='ocr_line' id='line_1_14' title="bbox 161 919 1588 976; baseline 0.002 -16"><span class='ocrx_word' id='word_1_114' title='bbox 161 928 334 961; x_wconf 88' lang='lat' dir='ltr'>cunctos</span> <span class='ocrx_word' id='word_1_115' title='bbox 365 920 499 976; x_wconf 88' lang='lat' dir='ltr'>cepit:</span> <span class='ocrx_word' id='word_1_116' title='bbox 538 928 579 960; x_wconf 92' lang='lat' dir='ltr'>et</span> <span class='ocrx_word' id='word_1_117' title='bbox 609 919 897 968; x_wconf 80' lang='lat' dir='ltr'>meminerant,</span> <span class='ocrx_word' id='word_1_118' title='bbox 929 933 1025 959; x_wconf 91' lang='lat' dir='ltr'>cum</span> <span class='ocrx_word' id='word_1_119' title='bbox 1056 919 1212 974; x_wconf 90' lang='lat' dir='ltr'>quibus</span> <span class='ocrx_word' id='word_1_120' title='bbox 1242 922 1450 963; x_wconf 87' lang='lat' dir='ltr'>mandatis</span> <span class='ocrx_word' id='word_1_121' title='bbox 1480 922 1588 963; x_wconf 85' lang='lat' dir='ltr'>exis-</span> 
     </span>
    </p>

    <p class='ocr_par' dir='ltr' id='par_1_15' title="bbox 160 975 1587 1032">
     <span class='ocr_line' id='line_1_15' title="bbox 160 975 1587 1032; baseline 0.002 -15"><span class='ocrx_word' id='word_1_122' title='bbox 160 984 266 1018; x_wconf 85' lang='lat' dir='ltr'>sent.</span> <span class='ocrx_word' id='word_1_123' title='bbox 329 977 556 1032; x_wconf 84' lang='lat' dir='ltr'>Tyrannus</span> <span class='ocrx_word' id='word_1_124' title='bbox 586 976 639 1016; x_wconf 86' lang='lat' dir='ltr'>ab</span> <span class='ocrx_word' id='word_1_125' title='bbox 670 975 775 1016; x_wconf 83' lang='lat' dir='ltr'>laevo</span> <span class='ocrx_word' id='word_1_126' title='bbox 803 989 932 1015; x_wconf 88' lang='lat' dir='ltr'>cornu</span> <span class='ocrx_word' id='word_1_127' title='bbox 953 975 1158 1017; x_wconf 87' lang='lat' dir='ltr'>veniebat.</span> <span class='ocrx_word' id='word_1_128' title='bbox 1218 976 1252 1000; x_wconf 77' lang='lat'>‘²⁵</span> <span class='ocrx_word' id='word_1_129' title='bbox 1262 979 1422 1019; x_wconf 84' lang='lat' dir='ltr'>Ponere</span> <span class='ocrx_word' id='word_1_130' title='bbox 1448 979 1587 1020; x_wconf 89' lang='lat' dir='ltr'>hastas</span> 
     </span>
    </p>

    <p class='ocr_par' dir='ltr' id='par_1_16' title="bbox 163 1032 1588 1091">
     <span class='ocr_line' id='line_1_16' title="bbox 163 1032 1588 1091; baseline 0.001 -17"><span class='ocrx_word' id='word_1_131' title='bbox 163 1033 326 1089; x_wconf 85' lang='lat' dir='ltr'>equites</span> <span class='ocrx_word' id='word_1_132' title='bbox 362 1033 647 1074; x_wconf 82' lang='lat' dir='ltr'>Alexamenus</span> <span class='ocrx_word' id='word_1_133' title='bbox 681 1033 820 1088; x_wconf 82' lang='lat' dir='ltr'>jubet,</span> <span class='ocrx_word' id='word_1_134' title='bbox 857 1039 899 1073; x_wconf 90' lang='lat' dir='ltr'>et</span> <span class='ocrx_word' id='word_1_135' title='bbox 940 1047 980 1073; x_wconf 86' lang='lat' dir='ltr'>se</span> <span class='ocrx_word' id='word_1_136' title='bbox 1019 1032 1187 1073; x_wconf 87' lang='lat' dir='ltr'>intueri.</span> <span class='ocrx_word' id='word_1_137' title='bbox 1220 1033 1377 1089; x_wconf 80' lang='lat' dir='ltr'>colligit</span> <span class='ocrx_word' id='word_1_138' title='bbox 1418 1044 1460 1076; x_wconf 91' lang='lat' dir='ltr'>et</span> <span class='ocrx_word' id='word_1_139' title='bbox 1499 1035 1588 1091; x_wconf 83' lang='lat' dir='ltr'>ipse</span> 
     </span>
    </p>

    <p class='ocr_par' dir='ltr' id='par_1_17' title="bbox 163 1088 1589 1148">
     <span class='ocr_line' id='line_1_17' title="bbox 163 1088 1589 1148; baseline 0.001 -17"><span class='ocrx_word' id='word_1_140' title='bbox 163 1090 349 1131; x_wconf 90' lang='lat' dir='ltr'>animum</span> <span class='ocrx_word' id='word_1_141' title='bbox 371 1090 590 1131; x_wconf 87' lang='lat' dir='ltr'>confusum</span> <span class='ocrx_word' id='word_1_142' title='bbox 615 1097 744 1130; x_wconf 74' lang='lat' dir='ltr'>tantae</span> <span class='ocrx_word' id='word_1_143' title='bbox 768 1088 1020 1143; x_wconf 81' lang='lat' dir='ltr'>cogitatione</span> <span class='ocrx_word' id='word_1_144' title='bbox 1041 1089 1112 1129; x_wconf 92' lang='lat' dir='ltr'>rei.</span> <span class='ocrx_word' id='word_1_145' title='bbox 1176 1091 1407 1146; x_wconf 88' lang='lat' dir='ltr'>Postquam</span> <span class='ocrx_word' id='word_1_146' title='bbox 1439 1091 1589 1148; x_wconf 87' lang='lat' dir='ltr'>adpro-</span> 
     </span>
    </p>

    <p class='ocr_par' dir='ltr' id='par_1_18' title="bbox 164 1145 1589 1203">
     <span class='ocr_line' id='line_1_18' title="bbox 164 1145 1589 1203; baseline 0.002 -16"><span class='ocrx_word' id='word_1_147' title='bbox 164 1147 414 1203; x_wconf 87' lang='lat' dir='ltr'>pinquabat,</span> <span class='ocrx_word' id='word_1_148' title='bbox 436 1146 625 1202; x_wconf 89' lang='lat' dir='ltr'>inpetum</span> <span class='ocrx_word' id='word_1_149' title='bbox 656 1145 772 1195; x_wconf 83' lang='lat' dir='ltr'>facit,</span> <span class='ocrx_word' id='word_1_150' title='bbox 794 1153 850 1195; x_wconf 88' lang='lat' dir='ltr'>et,</span> <span class='ocrx_word' id='word_1_151' title='bbox 873 1145 1074 1186; x_wconf 81' lang='lat' dir='ltr'>transfixo</span> <span class='ocrx_word' id='word_1_152' title='bbox 1103 1162 1228 1202; x_wconf 91' lang='lat' dir='ltr'>equo,</span> <span class='ocrx_word' id='word_1_153' title='bbox 1262 1155 1489 1202; x_wconf 81' lang='lat' dir='ltr'>tyrannum</span> <span class='ocrx_word' id='word_1_154' title='bbox 1520 1149 1589 1189; x_wconf 88' lang='lat' dir='ltr'>de-</span> 
     </span>
    </p>

    <p class='ocr_par' dir='ltr' id='par_1_19' title="bbox 166 1201 1765 1258">
     <span class='ocr_line' id='line_1_19' title="bbox 166 1201 1765 1258; baseline -0.001 -14"><span class='ocrx_word' id='word_1_155' title='bbox 166 1204 322 1245; x_wconf 86' lang='lat' dir='ltr'>turbat.</span> <span class='ocrx_word' id='word_1_156' title='bbox 382 1204 599 1244; x_wconf 86' lang='lat' dir='ltr'>Jacentem</span> <span class='ocrx_word' id='word_1_157' title='bbox 621 1202 783 1258; x_wconf 88' lang='lat' dir='ltr'>equites</span> <span class='ocrx_word' id='word_1_158' title='bbox 803 1201 1063 1244; x_wconf 89' lang='lat' dir='ltr'>confodiunt.</span> <span class='ocrx_word' id='word_1_159' title='bbox 1094 1203 1241 1257; x_wconf 83' lang='lat' dir='ltr'>multis</span> <span class='ocrx_word' id='word_1_160' title='bbox 1269 1204 1430 1246; x_wconf 86' lang='lat' dir='ltr'>frustra</span> <span class='ocrx_word' id='word_1_161' title='bbox 1458 1206 1502 1246; x_wconf 92' lang='lat' dir='ltr'>in</span> <span class='ocrx_word' id='word_1_162' title='bbox 1532 1205 1590 1246; x_wconf 86' lang='lat' dir='ltr'>lo-</span> <span class='ocrx_word' id='word_1_163' title='bbox 1604 1211 1765 1243; x_wconf 81' lang='lat' dir='ltr'>Occiditur</span> 
     </span>
    </p>

    <p class='ocr_par' dir='ltr' id='par_1_20' title="bbox 165 1256 1716 1318">
     <span class='ocr_line' id='line_1_20' title="bbox 165 1256 1716 1318; baseline 0.002 -17"><span class='ocrx_word' id='word_1_164' title='bbox 165 1260 292 1301; x_wconf 83' lang='lat' dir='ltr'>ricam</span> <span class='ocrx_word' id='word_1_165' title='bbox 313 1260 467 1301; x_wconf 88' lang='lat' dir='ltr'>ictibus</span> <span class='ocrx_word' id='word_1_166' title='bbox 487 1259 611 1309; x_wconf 83' lang='lat' dir='ltr'>datis,</span> <span class='ocrx_word' id='word_1_167' title='bbox 633 1259 802 1301; x_wconf 87' lang='lat' dir='ltr'>tandem</span> <span class='ocrx_word' id='word_1_168' title='bbox 823 1259 866 1299; x_wconf 90' lang='lat' dir='ltr'>in</span> <span class='ocrx_word' id='word_1_169' title='bbox 887 1259 1048 1300; x_wconf 90' lang='lat' dir='ltr'>nudum</span> <span class='ocrx_word' id='word_1_170' title='bbox 1077 1275 1229 1316; x_wconf 87' lang='lat' dir='ltr'>corpus</span> <span class='ocrx_word' id='word_1_171' title='bbox 1249 1261 1426 1303; x_wconf 84' lang='lat' dir='ltr'>vulnera</span> <span class='ocrx_word' id='word_1_172' title='bbox 1444 1277 1590 1318; x_wconf 83' lang='lat' dir='ltr'>perve-</span> <span class='ocrx_word' id='word_1_173' title='bbox 1604 1256 1716 1287; x_wconf 79' lang='lat' dir='ltr'>Nabis.</span> 
     </span>
    </p>

    <p class='ocr_par' dir='ltr' id='par_1_21' title="bbox 166 1315 1589 1432">
     <span class='ocr_line' id='line_1_21' title="bbox 166 1315 1588 1375; baseline 0.001 -17"><span class='ocrx_word' id='word_1_174' title='bbox 166 1326 337 1358; x_wconf 86' lang='lat' dir='ltr'>nerunt:</span> <span class='ocrx_word' id='word_1_175' title='bbox 361 1325 417 1363; x_wconf 82' lang='lat' dir='ltr'>et,</span> <span class='ocrx_word' id='word_1_176' title='bbox 434 1317 682 1373; x_wconf 87' lang='lat' dir='ltr'>priusquam</span> <span class='ocrx_word' id='word_1_177' title='bbox 703 1332 728 1357; x_wconf 87' lang='lat' dir='ltr'>a</span> <span class='ocrx_word' id='word_1_178' title='bbox 742 1316 880 1357; x_wconf 86' lang='lat' dir='ltr'>media</span> <span class='ocrx_word' id='word_1_179' title='bbox 893 1315 979 1357; x_wconf 87' lang='lat' dir='ltr'>acie</span> <span class='ocrx_word' id='word_1_180' title='bbox 995 1317 1328 1368; x_wconf 88' lang='lat' dir='ltr'>subcurreretur,</span> <span class='ocrx_word' id='word_1_181' title='bbox 1347 1319 1588 1375; x_wconf 84' lang='lat' dir='ltr'>exspiravit.</span> 
     </span>
     <span class='ocr_line' id='line_1_22' title="bbox 226 1373 1589 1432; baseline 0.003 -18"><span class='ocrx_word' id='word_1_182' title='bbox 226 1374 414 1415; x_wconf 80' lang='lat' dir='ltr'>XXXV</span> <span class='ocrx_word' id='word_1_183' title='bbox 420 1375 454 1414; x_wconf 93' lang='lat' dir='ltr'>I.</span> <span class='ocrx_word' id='word_1_184' title='bbox 488 1374 773 1414; x_wconf 79' lang='lat' dir='ltr'>Alexamenus</span> <span class='ocrx_word' id='word_1_185' title='bbox 793 1388 889 1414; x_wconf 90' lang='lat' dir='ltr'>cum</span> <span class='ocrx_word' id='word_1_186' title='bbox 910 1373 1105 1415; x_wconf 87' lang='lat' dir='ltr'>omnibus</span> <span class='ocrx_word' id='word_1_187' title='bbox 1126 1374 1283 1416; x_wconf 84' lang='lat' dir='ltr'>AEtolis</span> <span class='ocrx_word' id='word_1_188' title='bbox 1304 1376 1433 1417; x_wconf 88' lang='lat' dir='ltr'>citato</span> <span class='ocrx_word' id='word_1_189' title='bbox 1453 1376 1589 1432; x_wconf 84' lang='lat' dir='ltr'>gradu</span> 
     </span>
    </p>

    <p class='ocr_par' dir='ltr' id='par_1_22' title="bbox 168 1430 1591 1489">
     <span class='ocr_line' id='line_1_23' title="bbox 168 1430 1591 1489; baseline 0.001 -17"><span class='ocrx_word' id='word_1_190' title='bbox 168 1430 222 1472; x_wconf 90' lang='lat' dir='ltr'>ad</span> <span class='ocrx_word' id='word_1_191' title='bbox 257 1431 414 1487; x_wconf 85' lang='lat' dir='ltr'>regiam</span> <span class='ocrx_word' id='word_1_192' title='bbox 447 1431 734 1487; x_wconf 83' lang='lat' dir='ltr'>occupandam</span> <span class='ocrx_word' id='word_1_193' title='bbox 769 1430 918 1486; x_wconf 82' lang='lat' dir='ltr'>pergit.</span> <span class='ocrx_word' id='word_1_194' title='bbox 982 1431 1179 1487; x_wconf 85' lang='lat' dir='ltr'>Corporis</span> <span class='ocrx_word' id='word_1_195' title='bbox 1215 1432 1423 1483; x_wconf 82' lang='lat' dir='ltr'>custodes,</span> <span class='ocrx_word' id='word_1_196' title='bbox 1456 1449 1591 1489; x_wconf 91' lang='lat' dir='ltr'>quum</span> 
     </span>
    </p>

    <p class='ocr_par' dir='ltr' id='par_1_23' title="bbox 169 1487 1590 1545">
     <span class='ocr_line' id='line_1_24' title="bbox 169 1487 1590 1545; baseline 0.003 -17"><span class='ocrx_word' id='word_1_197' title='bbox 169 1504 235 1529; x_wconf 91' lang='lat' dir='ltr'>res</span> <span class='ocrx_word' id='word_1_198' title='bbox 255 1488 298 1528; x_wconf 87' lang='lat' dir='ltr'>in</span> <span class='ocrx_word' id='word_1_199' title='bbox 317 1488 449 1529; x_wconf 88' lang='lat' dir='ltr'>oculis</span> <span class='ocrx_word' id='word_1_200' title='bbox 469 1496 700 1543; x_wconf 81' lang='lat' dir='ltr'>gereretur,</span> <span class='ocrx_word' id='word_1_201' title='bbox 716 1503 848 1543; x_wconf 81' lang='lat' dir='ltr'>pavor</span> <span class='ocrx_word' id='word_1_202' title='bbox 868 1487 1004 1543; x_wconf 87' lang='lat' dir='ltr'>primo</span> <span class='ocrx_word' id='word_1_203' title='bbox 1024 1488 1157 1543; x_wconf 91' lang='lat' dir='ltr'>cepit:</span> <span class='ocrx_word' id='word_1_204' title='bbox 1181 1488 1346 1539; x_wconf 90' lang='lat' dir='ltr'>deinde,</span> <span class='ocrx_word' id='word_1_205' title='bbox 1364 1498 1590 1545; x_wconf 89' lang='lat' dir='ltr'>postquam</span> 
     </span>
    </p>

    <p class='ocr_par' dir='ltr' id='par_1_24' title="bbox 171 1543 1592 1599">
     <span class='ocr_line' id='line_1_25' title="bbox 171 1543 1592 1599; baseline 0.002 -14"><span class='ocrx_word' id='word_1_206' title='bbox 171 1545 286 1585; x_wconf 87' lang='lat' dir='ltr'>abire</span> <span class='ocrx_word' id='word_1_207' title='bbox 309 1543 551 1586; x_wconf 86' lang='lat' dir='ltr'>AEtolorum</span> <span class='ocrx_word' id='word_1_208' title='bbox 582 1559 731 1599; x_wconf 85' lang='lat' dir='ltr'>agmen</span> <span class='ocrx_word' id='word_1_209' title='bbox 752 1543 908 1593; x_wconf 86' lang='lat' dir='ltr'>videre,</span> <span class='ocrx_word' id='word_1_210' title='bbox 931 1553 1185 1586; x_wconf 87' lang='lat' dir='ltr'>concurrunt</span> <span class='ocrx_word' id='word_1_211' title='bbox 1216 1545 1270 1586; x_wconf 87' lang='lat' dir='ltr'>ad</span> <span class='ocrx_word' id='word_1_212' title='bbox 1301 1546 1494 1587; x_wconf 89' lang='lat' dir='ltr'>relictum</span> <span class='ocrx_word' id='word_1_213' title='bbox 1526 1555 1592 1599; x_wconf 73' lang='lat' dir='ltr'>ty-</span> 
     </span>
    </p>

    <p class='ocr_par' dir='ltr' id='par_1_25' title="bbox 173 1596 1591 1657">
     <span class='ocr_line' id='line_1_26' title="bbox 173 1596 1591 1657; baseline 0.003 -16"><span class='ocrx_word' id='word_1_214' title='bbox 173 1601 290 1642; x_wconf 88' lang='lat' dir='ltr'>ranni</span> <span class='ocrx_word' id='word_1_215' title='bbox 325 1617 499 1657; x_wconf 88' lang='lat' dir='ltr'>corpus:</span> <span class='ocrx_word' id='word_1_216' title='bbox 532 1600 566 1625; x_wconf 63' lang='lat'>9⁶</span> <span class='ocrx_word' id='word_1_217' title='bbox 582 1610 622 1643; x_wconf 91' lang='lat' dir='ltr'>et</span> <span class='ocrx_word' id='word_1_218' title='bbox 656 1609 937 1657; x_wconf 82' lang='lat' dir='ltr'>spectatorum</span> <span class='ocrx_word' id='word_1_219' title='bbox 970 1601 1098 1642; x_wconf 85' lang='lat' dir='ltr'>turba</span> <span class='ocrx_word' id='word_1_220' title='bbox 1129 1617 1180 1642; x_wconf 85' lang='lat' dir='ltr'>ex</span> <span class='ocrx_word' id='word_1_221' title='bbox 1213 1602 1462 1644; x_wconf 89' lang='lat' dir='ltr'>custodibus</span> <span class='ocrx_word' id='word_1_222' title='bbox 1491 1596 1591 1645; x_wconf 66' lang='lat' dir='ltr'>vit⁴ae</span> 
     </span>
    </p>

    <p class='ocr_par' dir='ltr' id='par_1_26' title="bbox 172 1657 1590 1715">
     <span class='ocr_line' id='line_1_27' title="bbox 172 1657 1590 1715; baseline 0.001 -16"><span class='ocrx_word' id='word_1_223' title='bbox 172 1659 404 1714; x_wconf 88' lang='lat' dir='ltr'>mortisque</span> <span class='ocrx_word' id='word_1_224' title='bbox 434 1658 643 1699; x_wconf 89' lang='lat' dir='ltr'>ultoribus</span> <span class='ocrx_word' id='word_1_225' title='bbox 664 1657 738 1699; x_wconf 87' lang='lat' dir='ltr'>est¹</span> <span class='ocrx_word' id='word_1_226' title='bbox 760 1658 884 1699; x_wconf 84' lang='lat' dir='ltr'>facta.</span> <span class='ocrx_word' id='word_1_227' title='bbox 946 1658 1035 1698; x_wconf 88' lang='lat' dir='ltr'>Nec</span> <span class='ocrx_word' id='word_1_228' title='bbox 1064 1658 1260 1700; x_wconf 85' lang='lat' dir='ltr'>movisset</span> <span class='ocrx_word' id='word_1_229' title='bbox 1287 1675 1328 1700; x_wconf 90' lang='lat' dir='ltr'>se</span> <span class='ocrx_word' id='word_1_230' title='bbox 1350 1660 1590 1715; x_wconf 86' lang='lat' dir='ltr'>quisquam,</span> 
     </span>
    </p>

    <p class='ocr_par' dir='ltr' id='par_1_27' title="bbox 173 1713 1592 1772">
     <span class='ocr_line' id='line_1_28' title="bbox 173 1713 1592 1772; baseline 0.001 -16"><span class='ocrx_word' id='word_1_231' title='bbox 173 1715 208 1742; x_wconf 78' lang='lat'>²⁷</span> <span class='ocrx_word' id='word_1_232' title='bbox 222 1715 254 1756; x_wconf 86' lang='lat' dir='ltr'>si</span> <span class='ocrx_word' id='word_1_233' title='bbox 276 1715 500 1772; x_wconf 88' lang='lat' dir='ltr'>extemplo,</span> <span class='ocrx_word' id='word_1_234' title='bbox 522 1715 669 1771; x_wconf 89' lang='lat' dir='ltr'>positis</span> <span class='ocrx_word' id='word_1_235' title='bbox 696 1714 835 1764; x_wconf 81' lang='lat' dir='ltr'>amnis,</span> <span class='ocrx_word' id='word_1_236' title='bbox 857 1724 1005 1756; x_wconf 81' lang='lat' dir='ltr'>vocata</span> <span class='ocrx_word' id='word_1_237' title='bbox 1028 1714 1071 1755; x_wconf 92' lang='lat' dir='ltr'>in</span> <span class='ocrx_word' id='word_1_238' title='bbox 1091 1713 1330 1757; x_wconf 83' lang='lat' dir='ltr'>concionem</span> <span class='ocrx_word' id='word_1_239' title='bbox 1360 1717 1592 1758; x_wconf 90' lang='lat' dir='ltr'>multitudo</span> 
     </span>
    </p>

    <p class='ocr_par' dir='ltr' id='par_1_28' title="bbox 172 1771 1593 1829">
     <span class='ocr_line' id='line_1_29' title="bbox 172 1771 1593 1829; baseline 0.002 -17"><span class='ocrx_word' id='word_1_240' title='bbox 172 1771 336 1822; x_wconf 84' lang='lat' dir='ltr'>fuisset,</span> <span class='ocrx_word' id='word_1_241' title='bbox 377 1781 417 1813; x_wconf 89' lang='lat' dir='ltr'>et</span> <span class='ocrx_word' id='word_1_242' title='bbox 463 1772 596 1813; x_wconf 82' lang='lat' dir='ltr'>oratio</span> <span class='ocrx_word' id='word_1_243' title='bbox 641 1771 789 1812; x_wconf 87' lang='lat' dir='ltr'>habita</span> <span class='ocrx_word' id='word_1_244' title='bbox 828 1772 1006 1828; x_wconf 89' lang='lat' dir='ltr'>tempori</span> <span class='ocrx_word' id='word_1_245' title='bbox 1050 1772 1310 1823; x_wconf 86' lang='lat' dir='ltr'>conveniens,</span> <span class='ocrx_word' id='word_1_246' title='bbox 1351 1772 1593 1829; x_wconf 87' lang='lat' dir='ltr'>frequentes</span> 
     </span>
    </p>

    <p class='ocr_par' dir='ltr' id='par_1_29' title="bbox 172 1827 1592 1886">
     <span class='ocr_line' id='line_1_30' title="bbox 172 1827 1592 1886; baseline 0.003 -18"><span class='ocrx_word' id='word_1_247' title='bbox 172 1828 270 1869; x_wconf 88' lang='lat' dir='ltr'>inde</span> <span class='ocrx_word' id='word_1_248' title='bbox 299 1829 450 1871; x_wconf 86' lang='lat' dir='ltr'>retenti</span> <span class='ocrx_word' id='word_1_249' title='bbox 485 1829 528 1869; x_wconf 90' lang='lat' dir='ltr'>in</span> <span class='ocrx_word' id='word_1_250' title='bbox 560 1828 684 1870; x_wconf 87' lang='lat' dir='ltr'>armis</span> <span class='ocrx_word' id='word_1_251' title='bbox 707 1827 869 1870; x_wconf 74' lang='lat' dir='ltr'>AEltolim</span> <span class='ocrx_word' id='word_1_252' title='bbox 900 1829 986 1870; x_wconf 88' lang='lat' dir='ltr'>sine</span> <span class='ocrx_word' id='word_1_253' title='bbox 1021 1828 1175 1885; x_wconf 79' lang='lat' dir='ltr'>injuria</span> <span class='ocrx_word' id='word_1_254' title='bbox 1209 1830 1473 1886; x_wconf 86' lang='lat' dir='ltr'>cujusquam.</span> <span class='ocrx_word' id='word_1_255' title='bbox 1506 1831 1592 1881; x_wconf 86' lang='lat' dir='ltr'>sed,</span> 
     </span>
    </p>
   </div>
   <div class='ocr_carea' id='block_1_3' title="bbox 217 1910 901 1943">
    <p class='ocr_par' dir='ltr' id='par_1_30' title="bbox 217 1910 901 1943">
     <span class='ocr_line' id='line_1_31' title="bbox 217 1910 901 1943; baseline -0.001 -1"><span class='ocrx_word' id='word_1_256' title='bbox 217 1910 235 1934; x_wconf 82' lang='lat' dir='ltr'>k</span> <span class='ocrx_word' id='word_1_257' title='bbox 251 1923 318 1942; x_wconf 81' lang='lat' dir='ltr'>cum</span> <span class='ocrx_word' id='word_1_258' title='bbox 333 1912 431 1943; x_wconf 88' lang='lat' dir='ltr'>Gron.</span> <span class='ocrx_word' id='word_1_259' title='bbox 537 1910 546 1934; x_wconf 85' lang='lat'><strong>¹</strong></span> <span class='ocrx_word' id='word_1_260' title='bbox 563 1917 603 1942; x_wconf 84' lang='lat' dir='ltr'>est</span> <span class='ocrx_word' id='word_1_261' title='bbox 617 1911 679 1943; x_wconf 90' lang='lat' dir='ltr'>del.</span> <span class='ocrx_word' id='word_1_262' title='bbox 696 1911 793 1943; x_wconf 91' lang='lat' dir='ltr'>Gron.</span> <span class='ocrx_word' id='word_1_263' title='bbox 810 1911 901 1942; x_wconf 86' lang='lat' dir='ltr'>Crev.</span> 
     </span>
    </p>
   </div>
   <div class='ocr_carea' id='block_1_4' title="bbox 176 1911 1595 1985">
    <p class='ocr_par' dir='ltr' id='par_1_31' title="bbox 176 1911 1595 1985">
     <span class='ocr_line' id='line_1_32' title="bbox 1008 1911 1595 1953; baseline 0.007 -13"><span class='ocrx_word' id='word_1_264' title='bbox 1008 1911 1250 1953; x_wconf 72' lang='lat' dir='ltr'>mflequentibus</span> <span class='ocrx_word' id='word_1_265' title='bbox 1263 1914 1284 1943; x_wconf 79' lang='lat' dir='ltr'>i.</span> <span class='ocrx_word' id='word_1_266' title='bbox 1297 1914 1417 1944; x_wconf 76' lang='lat' dir='ltr'>retentis</span> <span class='ocrx_word' id='word_1_267' title='bbox 1430 1914 1451 1944; x_wconf 82' lang='lat' dir='ltr'>i.</span> <span class='ocrx_word' id='word_1_268' title='bbox 1465 1925 1496 1944; x_wconf 90' lang='grc' dir='ltr'>α.</span> <span class='ocrx_word' id='word_1_269' title='bbox 1513 1913 1595 1944; x_wconf 84' lang='lat' dir='ltr'>AEto-</span> 
     </span>
     <span class='ocr_line' id='line_1_33' title="bbox 176 1954 313 1985; baseline -0.007 0"><span class='ocrx_word' id='word_1_270' title='bbox 176 1955 212 1985; x_wconf 82' lang='lat' dir='ltr'>lis</span> <span class='ocrx_word' id='word_1_271' title='bbox 226 1954 313 1985; x_wconf 84' lang='lat' dir='ltr'>Eaed.</span> 
     </span>
    </p>
   </div>
   <div class='ocr_carea' id='block_1_5' title="bbox 221 2020 1599 2065">
    <p class='ocr_par' dir='ltr' id='par_1_32' title="bbox 221 2020 1599 2065">
     <span class='ocr_line' id='line_1_34' title="bbox 221 2020 1599 2065; baseline 0 -12"><span class='ocrx_word' id='word_1_272' title='bbox 221 2023 263 2053; x_wconf 78' lang='lat'>23</span> <span class='ocrx_word' id='word_1_273' title='bbox 296 2022 370 2053; x_wconf 86' lang='lat' dir='ltr'>Tum</span> <span class='ocrx_word' id='word_1_274' title='bbox 405 2023 563 2063; x_wconf 79' lang='lat' dir='ltr'>equitibus]</span> <span class='ocrx_word' id='word_1_275' title='bbox 615 2021 770 2053; x_wconf 82' lang='lat' dir='ltr'>Mendum</span> <span class='ocrx_word' id='word_1_276' title='bbox 805 2020 864 2051; x_wconf 86' lang='lat' dir='ltr'>hoc</span> <span class='ocrx_word' id='word_1_277' title='bbox 908 2023 1059 2064; x_wconf 78' lang='lat' dir='ltr'>longitudo</span> <span class='ocrx_word' id='word_1_278' title='bbox 1110 2024 1311 2061; x_wconf 75' lang='lat' dir='ltr'>impedimento</span> <span class='ocrx_word' id='word_1_279' title='bbox 1361 2030 1435 2059; x_wconf 76' lang='lat' dir='ltr'>erat,</span> <span class='ocrx_word' id='word_1_280' title='bbox 1488 2024 1599 2065; x_wconf 74' lang='lat' dir='ltr'>gladiis</span> 
     </span>
    </p>
   </div>
   <div class='ocr_carea' id='block_1_6' title="bbox 177 2065 873 2919">
    <p class='ocr_par' dir='ltr' id='par_1_33' title="bbox 177 2065 864 2183">
     <span class='ocr_line' id='line_1_35' title="bbox 177 2065 864 2100; baseline -0.003 -4"><span class='ocrx_word' id='word_1_281' title='bbox 177 2065 246 2096; x_wconf 93' lang='lat' dir='ltr'>loco</span> <span class='ocrx_word' id='word_1_282' title='bbox 275 2065 490 2097; x_wconf 81' lang='lat' dir='ltr'>Gronovianas</span> <span class='ocrx_word' id='word_1_283' title='bbox 518 2065 666 2097; x_wconf 84' lang='lat' dir='ltr'>editiones</span> <span class='ocrx_word' id='word_1_284' title='bbox 697 2065 864 2100; x_wconf 84' lang='lat' dir='ltr'>insederat,</span> 
     </span>
     <span class='ocr_line' id='line_1_36' title="bbox 179 2109 864 2149; baseline -0.001 -11"><span class='ocrx_word' id='word_1_285' title='bbox 179 2120 246 2138; x_wconf 81' lang='lat' dir='ltr'>cum</span> <span class='ocrx_word' id='word_1_286' title='bbox 272 2110 424 2149; x_wconf 82' lang='lat' dir='ltr'>equitibus.</span> <span class='ocrx_word' id='word_1_287' title='bbox 470 2109 666 2140; x_wconf 79' lang='lat' dir='ltr'>Correximus</span> <span class='ocrx_word' id='word_1_288' title='bbox 699 2118 737 2138; x_wconf 78' lang='lat' dir='ltr'>ex</span> <span class='ocrx_word' id='word_1_289' title='bbox 761 2114 864 2139; x_wconf 77' lang='lat' dir='ltr'>vetus-</span> 
     </span>
     <span class='ocr_line' id='line_1_37' title="bbox 181 2151 557 2183; baseline 0.005 -2"><span class='ocrx_word' id='word_1_290' title='bbox 181 2151 308 2182; x_wconf 84' lang='lat' dir='ltr'>tioribus</span> <span class='ocrx_word' id='word_1_291' title='bbox 323 2158 354 2182; x_wconf 87' lang='lat' dir='ltr'>et</span> <span class='ocrx_word' id='word_1_292' title='bbox 370 2152 452 2183; x_wconf 68' lang='lat' dir='ltr'>vict.</span> <span class='ocrx_word' id='word_1_293' title='bbox 469 2152 557 2183; x_wconf 87' lang='lat' dir='ltr'>libro.</span> 
     </span>
    </p>

    <p class='ocr_par' dir='ltr' id='par_1_34' title="bbox 181 2194 867 2365">
     <span class='ocr_line' id='line_1_38' title="bbox 222 2194 865 2225; baseline -0.005 0"><span class='ocrx_word' id='word_1_294' title='bbox 222 2195 342 2225; x_wconf 56' lang='lat'>24¹³&amp;</span> <span class='ocrx_word' id='word_1_295' title='bbox 376 2206 462 2225; x_wconf 84' lang='lat' dir='ltr'>suum</span> <span class='ocrx_word' id='word_1_296' title='bbox 495 2195 645 2225; x_wconf 77' lang='lat' dir='ltr'>consilium</span> <span class='ocrx_word' id='word_1_297' title='bbox 677 2205 737 2223; x_wconf 79' lang='lat' dir='ltr'>meo</span> <span class='ocrx_word' id='word_1_298' title='bbox 774 2194 865 2223; x_wconf 77' lang='lat' dir='ltr'>inter-</span> 
     </span>
     <span class='ocr_line' id='line_1_39' title="bbox 181 2235 867 2278; baseline -0.003 -10"><span class='ocrx_word' id='word_1_299' title='bbox 181 2238 283 2278; x_wconf 81' lang='lat' dir='ltr'>ponet]</span> <span class='ocrx_word' id='word_1_300' title='bbox 311 2238 352 2268; x_wconf 88' lang='lat' dir='ltr'>Et</span> <span class='ocrx_word' id='word_1_301' title='bbox 372 2247 474 2268; x_wconf 91' lang='lat' dir='ltr'>meum</span> <span class='ocrx_word' id='word_1_302' title='bbox 500 2235 661 2268; x_wconf 78' lang='lat' dir='ltr'>consilium</span> <span class='ocrx_word' id='word_1_303' title='bbox 688 2247 751 2267; x_wconf 91' lang='lat' dir='ltr'>non</span> <span class='ocrx_word' id='word_1_304' title='bbox 777 2236 867 2266; x_wconf 91' lang='lat' dir='ltr'>unice</span> 
     </span>
     <span class='ocr_line' id='line_1_40' title="bbox 182 2278 867 2320; baseline -0.001 -10"><span class='ocrx_word' id='word_1_305' title='bbox 182 2280 362 2316; x_wconf 80' lang='lat' dir='ltr'>intuebitur,</span> <span class='ocrx_word' id='word_1_306' title='bbox 386 2281 440 2311; x_wconf 84' lang='lat' dir='ltr'>sed</span> <span class='ocrx_word' id='word_1_307' title='bbox 466 2291 482 2312; x_wconf 88' lang='grc'><strong>6</strong></span> <span class='ocrx_word' id='word_1_308' title='bbox 511 2291 564 2312; x_wconf 92' lang='lat' dir='ltr'>suo</span> <span class='ocrx_word' id='word_1_309' title='bbox 592 2279 709 2320; x_wconf 87' lang='lat' dir='ltr'>aliquid</span> <span class='ocrx_word' id='word_1_310' title='bbox 734 2278 867 2315; x_wconf 78' lang='lat' dir='ltr'>afferret,</span> 
     </span>
     <span class='ocr_line' id='line_1_41' title="bbox 183 2321 755 2365; baseline -0.005 -11"><span class='ocrx_word' id='word_1_311' title='bbox 183 2323 266 2364; x_wconf 90' lang='lat' dir='ltr'>quod</span> <span class='ocrx_word' id='word_1_312' title='bbox 281 2334 398 2354; x_wconf 88' lang='lat' dir='ltr'>moram</span> <span class='ocrx_word' id='word_1_313' title='bbox 413 2323 506 2354; x_wconf 87' lang='lat' dir='ltr'>faciat</span> <span class='ocrx_word' id='word_1_314' title='bbox 520 2323 656 2365; x_wconf 85' lang='lat' dir='ltr'>imperiis</span> <span class='ocrx_word' id='word_1_315' title='bbox 668 2321 755 2352; x_wconf 82' lang='lat' dir='ltr'>meis.</span> 
     </span>
    </p>

    <p class='ocr_par' dir='ltr' id='par_1_35' title="bbox 186 2365 873 2919">
     <span class='ocr_line' id='line_1_42' title="bbox 227 2365 870 2407; baseline -0.005 -10"><span class='ocrx_word' id='word_1_316' title='bbox 227 2367 269 2397; x_wconf 84' lang='lat'>25</span> <span class='ocrx_word' id='word_1_317' title='bbox 293 2367 404 2397; x_wconf 80' lang='lat' dir='ltr'>Ponere</span> <span class='ocrx_word' id='word_1_318' title='bbox 439 2366 548 2407; x_wconf 73' lang='lat' dir='ltr'>hastas]</span> <span class='ocrx_word' id='word_1_319' title='bbox 596 2365 747 2405; x_wconf 80' lang='lat' dir='ltr'>Intelligit</span> <span class='ocrx_word' id='word_1_320' title='bbox 782 2365 870 2404; x_wconf 84' lang='lat' dir='ltr'>Sigo-</span> 
     </span>
     <span class='ocr_line' id='line_1_43' title="bbox 186 2407 871 2445; baseline -0.004 -5"><span class='ocrx_word' id='word_1_321' title='bbox 186 2407 265 2445; x_wconf 84' lang='lat' dir='ltr'>niuS,</span> <span class='ocrx_word' id='word_1_322' title='bbox 287 2409 437 2440; x_wconf 83' lang='lat' dir='ltr'>reclinare</span> <span class='ocrx_word' id='word_1_323' title='bbox 459 2420 495 2440; x_wconf 86' lang='lat' dir='ltr'>ac</span> <span class='ocrx_word' id='word_1_324' title='bbox 517 2408 678 2439; x_wconf 85' lang='lat' dir='ltr'>demittere</span> <span class='ocrx_word' id='word_1_325' title='bbox 702 2409 818 2442; x_wconf 77' lang='lat' dir='ltr'>hastas,</span> <span class='ocrx_word' id='word_1_326' title='bbox 837 2413 871 2437; x_wconf 86' lang='lat' dir='ltr'>ut</span> 
     </span>
     <span class='ocr_line' id='line_1_44' title="bbox 187 2450 870 2493; baseline -0.004 -11"><span class='ocrx_word' id='word_1_327' title='bbox 187 2451 287 2482; x_wconf 80' lang='lat' dir='ltr'>solent</span> <span class='ocrx_word' id='word_1_328' title='bbox 322 2452 343 2482; x_wconf 86' lang='lat' dir='ltr'>ii</span> <span class='ocrx_word' id='word_1_329' title='bbox 377 2452 432 2493; x_wconf 92' lang='lat' dir='ltr'>qui</span> <span class='ocrx_word' id='word_1_330' title='bbox 464 2453 582 2482; x_wconf 83' lang='lat' dir='ltr'>hostem</span> <span class='ocrx_word' id='word_1_331' title='bbox 618 2450 753 2482; x_wconf 73' lang='lat' dir='ltr'>invasuri</span> <span class='ocrx_word' id='word_1_332' title='bbox 787 2456 870 2480; x_wconf 74' lang='lat' dir='ltr'>sunt.</span> 
     </span>
     <span class='ocr_line' id='line_1_45' title="bbox 189 2492 871 2537; baseline -0.004 -12"><span class='ocrx_word' id='word_1_333' title='bbox 189 2493 282 2529; x_wconf 85' lang='lat' dir='ltr'>Quod</span> <span class='ocrx_word' id='word_1_334' title='bbox 304 2500 338 2525; x_wconf 88' lang='lat' dir='ltr'>ut</span> <span class='ocrx_word' id='word_1_335' title='bbox 360 2505 465 2525; x_wconf 81' lang='lat' dir='ltr'>verum</span> <span class='ocrx_word' id='word_1_336' title='bbox 490 2500 636 2537; x_wconf 83' lang='lat' dir='ltr'>putamus</span> <span class='ocrx_word' id='word_1_337' title='bbox 661 2503 738 2529; x_wconf 80' lang='lat' dir='ltr'>esse,</span> <span class='ocrx_word' id='word_1_338' title='bbox 761 2492 785 2522; x_wconf 81' lang='lat' dir='ltr'>si</span> <span class='ocrx_word' id='word_1_339' title='bbox 807 2503 871 2523; x_wconf 87' lang='lat' dir='ltr'>rem</span> 
     </span>
     <span class='ocr_line' id='line_1_46' title="bbox 188 2534 871 2578; baseline -0.001 -12"><span class='ocrx_word' id='word_1_340' title='bbox 188 2534 286 2576; x_wconf 83' lang='lat' dir='ltr'>ipsam</span> <span class='ocrx_word' id='word_1_341' title='bbox 311 2544 496 2578; x_wconf 80' lang='lat' dir='ltr'>spectemus,</span> <span class='ocrx_word' id='word_1_342' title='bbox 521 2544 549 2568; x_wconf 88' lang='lat' dir='ltr'>et</span> <span class='ocrx_word' id='word_1_343' title='bbox 580 2536 702 2578; x_wconf 72' lang='lat' dir='ltr'>Polybii</span> <span class='ocrx_word' id='word_1_344' title='bbox 735 2546 871 2571; x_wconf 84' lang='lat' dir='ltr'>sensum,</span> 
     </span>
     <span class='ocr_line' id='line_1_47' title="bbox 189 2579 870 2622; baseline 0.001 -14"><span class='ocrx_word' id='word_1_345' title='bbox 189 2587 279 2618; x_wconf 80' lang='lat' dir='ltr'>quem</span> <span class='ocrx_word' id='word_1_346' title='bbox 308 2579 358 2610; x_wconf 92' lang='lat' dir='ltr'>hic</span> <span class='ocrx_word' id='word_1_347' title='bbox 387 2581 493 2622; x_wconf 86' lang='lat' dir='ltr'>procul</span> <span class='ocrx_word' id='word_1_348' title='bbox 519 2581 613 2611; x_wconf 85' lang='lat' dir='ltr'>dubio</span> <span class='ocrx_word' id='word_1_349' title='bbox 636 2579 726 2610; x_wconf 82' lang='lat' dir='ltr'>vertit</span> <span class='ocrx_word' id='word_1_350' title='bbox 751 2586 870 2616; x_wconf 76' lang='lat' dir='ltr'>noster3</span> 
     </span>
     <span class='ocr_line' id='line_1_48' title="bbox 189 2619 872 2654; baseline 0.003 -4"><span class='ocrx_word' id='word_1_351' title='bbox 189 2619 234 2651; x_wconf 84' lang='lat' dir='ltr'>ita</span> <span class='ocrx_word' id='word_1_352' title='bbox 256 2621 433 2654; x_wconf 87' lang='lat' dir='ltr'>dubitamus</span> <span class='ocrx_word' id='word_1_353' title='bbox 455 2634 493 2653; x_wconf 87' lang='lat' dir='ltr'>an</span> <span class='ocrx_word' id='word_1_354' title='bbox 510 2633 548 2653; x_wconf 81' lang='lat' dir='ltr'>ea</span> <span class='ocrx_word' id='word_1_355' title='bbox 562 2623 640 2654; x_wconf 77' lang='lat' dir='ltr'>Livii</span> <span class='ocrx_word' id='word_1_356' title='bbox 663 2633 750 2653; x_wconf 83' lang='lat' dir='ltr'>mens</span> <span class='ocrx_word' id='word_1_357' title='bbox 772 2622 872 2652; x_wconf 80' lang='lat' dir='ltr'>fuerit.</span> 
     </span>
     <span class='ocr_line' id='line_1_49' title="bbox 192 2663 872 2696; baseline 0.004 -4"><span class='ocrx_word' id='word_1_358' title='bbox 192 2663 303 2695; x_wconf 77' lang='lat' dir='ltr'>Ponere</span> <span class='ocrx_word' id='word_1_359' title='bbox 328 2666 410 2695; x_wconf 87' lang='lat' dir='ltr'>enim</span> <span class='ocrx_word' id='word_1_360' title='bbox 438 2667 532 2696; x_wconf 65' lang='lat' dir='ltr'>hastas</span> <span class='ocrx_word' id='word_1_361' title='bbox 554 2676 592 2696; x_wconf 80' lang='lat' dir='ltr'>ex</span> <span class='ocrx_word' id='word_1_362' title='bbox 620 2666 651 2696; x_wconf 77' lang='lat' dir='ltr'>vi</span> <span class='ocrx_word' id='word_1_363' title='bbox 680 2665 783 2695; x_wconf 81' lang='lat' dir='ltr'>Latini</span> <span class='ocrx_word' id='word_1_364' title='bbox 810 2675 872 2695; x_wconf 77' lang='lat' dir='ltr'>ser-</span> 
     </span>
     <span class='ocr_line' id='line_1_50' title="bbox 192 2706 870 2750; baseline 0.006 -16"><span class='ocrx_word' id='word_1_365' title='bbox 192 2706 302 2742; x_wconf 88' lang='lat' dir='ltr'>monis,</span> <span class='ocrx_word' id='word_1_366' title='bbox 329 2714 375 2738; x_wconf 79' lang='lat' dir='ltr'>est</span> <span class='ocrx_word' id='word_1_367' title='bbox 402 2718 455 2739; x_wconf 84' lang='lat' dir='ltr'>eas</span> <span class='ocrx_word' id='word_1_368' title='bbox 483 2709 635 2750; x_wconf 80' lang='lat' dir='ltr'>deponere</span> <span class='ocrx_word' id='word_1_369' title='bbox 663 2714 693 2738; x_wconf 86' lang='lat' dir='ltr'>et</span> <span class='ocrx_word' id='word_1_370' title='bbox 721 2708 870 2748; x_wconf 86' lang='lat' dir='ltr'>abjicere:</span> 
     </span>
     <span class='ocr_line' id='line_1_51' title="bbox 192 2750 873 2790; baseline 0.006 -13"><span class='ocrx_word' id='word_1_371' title='bbox 192 2753 237 2782; x_wconf 85' lang='lat' dir='ltr'>ut,</span> <span class='ocrx_word' id='word_1_372' title='bbox 261 2760 288 2779; x_wconf 83' lang='lat' dir='ltr'>v.</span> <span class='ocrx_word' id='word_1_373' title='bbox 305 2760 334 2790; x_wconf 71' lang='lat' dir='ltr'>g.</span> <span class='ocrx_word' id='word_1_374' title='bbox 357 2750 388 2780; x_wconf 89' lang='lat' dir='ltr'>in</span> <span class='ocrx_word' id='word_1_375' title='bbox 410 2751 463 2782; x_wconf 88' lang='lat' dir='ltr'>illo</span> <span class='ocrx_word' id='word_1_376' title='bbox 483 2753 552 2782; x_wconf 85' lang='lat' dir='ltr'>loco</span> <span class='ocrx_word' id='word_1_377' title='bbox 573 2751 644 2782; x_wconf 82' lang='lat' dir='ltr'>libri</span> <span class='ocrx_word' id='word_1_378' title='bbox 666 2751 828 2782; x_wconf 79' lang='lat' dir='ltr'>XXXIII.</span> <span class='ocrx_word' id='word_1_379' title='bbox 844 2761 873 2781; x_wconf 88' lang='lat' dir='ltr'>c.</span> 
     </span>
     <span class='ocr_line' id='line_1_52' title="bbox 192 2791 873 2836; baseline 0.004 -15"><span class='ocrx_word' id='word_1_380' title='bbox 192 2792 222 2821; x_wconf 85' lang='lat'>8.</span> <span class='ocrx_word' id='word_1_381' title='bbox 256 2791 308 2821; x_wconf 87' lang='lat' dir='ltr'>ubi</span> <span class='ocrx_word' id='word_1_382' title='bbox 340 2792 445 2823; x_wconf 86' lang='lat' dir='ltr'>itidem</span> <span class='ocrx_word' id='word_1_383' title='bbox 473 2794 578 2825; x_wconf 66' lang='lat' dir='ltr'>Lixius</span> <span class='ocrx_word' id='word_1_384' title='bbox 605 2805 714 2836; x_wconf 87' lang='lat' dir='ltr'>parurn</span> <span class='ocrx_word' id='word_1_385' title='bbox 743 2793 873 2824; x_wconf 75' lang='lat' dir='ltr'>feliciter</span> 
     </span>
     <span class='ocr_line' id='line_1_53' title="bbox 191 2833 872 2876; baseline 0.006 -13"><span class='ocrx_word' id='word_1_386' title='bbox 191 2833 406 2876; x_wconf 84' lang='lat' dir='ltr'>interpretatus</span> <span class='ocrx_word' id='word_1_387' title='bbox 440 2836 604 2875; x_wconf 80' lang='lat' dir='ltr'>Polybium</span> <span class='ocrx_word' id='word_1_388' title='bbox 634 2842 698 2867; x_wconf 84' lang='lat' dir='ltr'>est:</span> <span class='ocrx_word' id='word_1_389' title='bbox 738 2837 872 2867; x_wconf 71' lang='lat' dir='ltr'>Macedo-</span> 
     </span>
     <span class='ocr_line' id='line_1_54' title="bbox 192 2878 871 2919; baseline 0.003 -13"><span class='ocrx_word' id='word_1_390' title='bbox 192 2889 260 2907; x_wconf 58' lang='grc' dir='ltr'><strong>’νη-η</strong></span> <span class='ocrx_word' id='word_1_391' title='bbox 287 2878 470 2919; x_wconf 65' lang='lat' dir='ltr'>phalangem,</span> <span class='ocrx_word' id='word_1_392' title='bbox 498 2879 584 2909; x_wconf 47' lang='lat' dir='ltr'>hasdi-s·</span> <span class='ocrx_word' id='word_1_393' title='bbox 614 2881 722 2918; x_wconf 59' lang='lat' dir='ltr'>positis,</span> <span class='ocrx_word' id='word_1_394' title='bbox 748 2891 871 2919; x_wconf 73' lang='lat' dir='ltr'>quarum</span> 
     </span>
    </p>
   </div>
   <div class='ocr_carea' id='block_1_7' title="bbox 907 2065 1602 2868">
    <p class='ocr_par' dir='ltr' id='par_1_36' title="bbox 907 2065 1598 2139">
     <span class='ocr_line' id='line_1_55' title="bbox 907 2065 1598 2105; baseline 0.004 -11"><span class='ocrx_word' id='word_1_395' title='bbox 907 2076 967 2095; x_wconf 84' lang='lat' dir='ltr'>rem</span> <span class='ocrx_word' id='word_1_396' title='bbox 989 2076 1088 2105; x_wconf 74' lang='lat' dir='ltr'>gerere</span> <span class='ocrx_word' id='word_1_397' title='bbox 1098 2067 1197 2104; x_wconf 73' lang='lat' dir='ltr'>jubet.</span> <span class='ocrx_word' id='word_1_398' title='bbox 1242 2065 1317 2096; x_wconf 61' lang='lat' dir='ltr'>vid.</span> <span class='ocrx_word' id='word_1_399' title='bbox 1338 2071 1402 2096; x_wconf 87' lang='lat' dir='ltr'>not.</span> <span class='ocrx_word' id='word_1_400' title='bbox 1416 2067 1470 2097; x_wconf 87' lang='lat'>31.</span> <span class='ocrx_word' id='word_1_401' title='bbox 1493 2067 1534 2097; x_wconf 89' lang='lat' dir='ltr'>ad</span> <span class='ocrx_word' id='word_1_402' title='bbox 1560 2067 1598 2097; x_wconf 89' lang='lat' dir='ltr'>il-</span> 
     </span>
     <span class='ocr_line' id='line_1_56' title="bbox 909 2108 1100 2139; baseline 0 -2"><span class='ocrx_word' id='word_1_403' title='bbox 909 2108 974 2138; x_wconf 89' lang='lat' dir='ltr'>lum</span> <span class='ocrx_word' id='word_1_404' title='bbox 989 2108 1100 2139; x_wconf 85' lang='lat' dir='ltr'>locum.</span> 
     </span>
    </p>

    <p class='ocr_par' dir='ltr' id='par_1_37' title="bbox 909 2150 1600 2536">
     <span class='ocr_line' id='line_1_57' title="bbox 952 2150 1599 2194; baseline 0.003 -13"><span class='ocrx_word' id='word_1_405' title='bbox 952 2152 994 2182; x_wconf 71' lang='lat'>26</span> <span class='ocrx_word' id='word_1_406' title='bbox 1031 2150 1070 2180; x_wconf 78' lang='lat' dir='ltr'>Et</span> <span class='ocrx_word' id='word_1_407' title='bbox 1108 2156 1299 2190; x_wconf 71' lang='lat' dir='ltr'>spectatorum</span> <span class='ocrx_word' id='word_1_408' title='bbox 1345 2150 1448 2192; x_wconf 72' lang='lat' dir='ltr'>turba]</span> <span class='ocrx_word' id='word_1_409' title='bbox 1494 2152 1599 2194; x_wconf 85' lang='lat' dir='ltr'>Hujus</span> 
     </span>
     <span class='ocr_line' id='line_1_58' title="bbox 909 2193 1599 2236; baseline 0.004 -13"><span class='ocrx_word' id='word_1_410' title='bbox 909 2193 969 2224; x_wconf 87' lang='lat' dir='ltr'>loci</span> <span class='ocrx_word' id='word_1_411' title='bbox 998 2193 1115 2223; x_wconf 84' lang='lat' dir='ltr'>sanitas</span> <span class='ocrx_word' id='word_1_412' title='bbox 1144 2193 1274 2224; x_wconf 86' lang='lat' dir='ltr'>debetur</span> <span class='ocrx_word' id='word_1_413' title='bbox 1304 2193 1447 2229; x_wconf 83' lang='lat' dir='ltr'>Gelenio,</span> <span class='ocrx_word' id='word_1_414' title='bbox 1477 2195 1529 2236; x_wconf 91' lang='lat' dir='ltr'>qui</span> <span class='ocrx_word' id='word_1_415' title='bbox 1561 2206 1599 2226; x_wconf 85' lang='lat' dir='ltr'>ex</span> 
     </span>
     <span class='ocr_line' id='line_1_59' title="bbox 911 2236 1598 2278; baseline 0.004 -12"><span class='ocrx_word' id='word_1_416' title='bbox 911 2246 966 2267; x_wconf 88' lang='lat' dir='ltr'>suo</span> <span class='ocrx_word' id='word_1_417' title='bbox 988 2236 1156 2278; x_wconf 80' lang='lat' dir='ltr'>exemplari</span> <span class='ocrx_word' id='word_1_418' title='bbox 1183 2237 1311 2278; x_wconf 88' lang='lat' dir='ltr'>protulit</span> <span class='ocrx_word' id='word_1_419' title='bbox 1337 2247 1405 2267; x_wconf 88' lang='lat' dir='ltr'>eam</span> <span class='ocrx_word' id='word_1_420' title='bbox 1433 2237 1598 2269; x_wconf 86' lang='lat' dir='ltr'>lectionem</span> 
     </span>
     <span class='ocr_line' id='line_1_60' title="bbox 911 2279 1600 2322; baseline 0.003 -13"><span class='ocrx_word' id='word_1_421' title='bbox 911 2290 1004 2320; x_wconf 88' lang='lat' dir='ltr'>quam</span> <span class='ocrx_word' id='word_1_422' title='bbox 1028 2279 1159 2310; x_wconf 87' lang='lat' dir='ltr'>editores</span> <span class='ocrx_word' id='word_1_423' title='bbox 1180 2286 1287 2321; x_wconf 85' lang='lat' dir='ltr'>postea</span> <span class='ocrx_word' id='word_1_424' title='bbox 1311 2289 1465 2322; x_wconf 87' lang='lat' dir='ltr'>recepere.</span> <span class='ocrx_word' id='word_1_425' title='bbox 1510 2282 1600 2312; x_wconf 83' lang='lat' dir='ltr'>Prius</span> 
     </span>
     <span class='ocr_line' id='line_1_61' title="bbox 909 2323 1599 2362; baseline 0.006 -11"><span class='ocrx_word' id='word_1_426' title='bbox 909 2334 1120 2362; x_wconf 73' lang='lat' dir='ltr'>perpaucorum</span> <span class='ocrx_word' id='word_1_427' title='bbox 1141 2324 1238 2353; x_wconf 72' lang='lat' dir='ltr'>turba.</span> <span class='ocrx_word' id='word_1_428' title='bbox 1284 2323 1357 2353; x_wconf 78' lang='lat' dir='ltr'>Non</span> <span class='ocrx_word' id='word_1_429' title='bbox 1381 2323 1513 2355; x_wconf 86' lang='lat' dir='ltr'>absurde</span> <span class='ocrx_word' id='word_1_430' title='bbox 1534 2335 1599 2355; x_wconf 88' lang='lat' dir='ltr'>mo-</span> 
     </span>
     <span class='ocr_line' id='line_1_62' title="bbox 913 2364 1600 2407; baseline 0.004 -12"><span class='ocrx_word' id='word_1_431' title='bbox 913 2370 964 2395; x_wconf 85' lang='lat' dir='ltr'>net</span> <span class='ocrx_word' id='word_1_432' title='bbox 988 2366 1057 2397; x_wconf 86' lang='lat' dir='ltr'>Jac.</span> <span class='ocrx_word' id='word_1_433' title='bbox 1075 2365 1250 2396; x_wconf 85' lang='lat' dir='ltr'>Gronovius</span> <span class='ocrx_word' id='word_1_434' title='bbox 1273 2364 1367 2396; x_wconf 87' lang='lat' dir='ltr'>recidi</span> <span class='ocrx_word' id='word_1_435' title='bbox 1392 2376 1481 2407; x_wconf 85' lang='lat' dir='ltr'>posse</span> <span class='ocrx_word' id='word_1_436' title='bbox 1505 2368 1600 2407; x_wconf 80' lang='lat' dir='ltr'>parti-</span> 
     </span>
     <span class='ocr_line' id='line_1_63' title="bbox 913 2408 1598 2443; baseline 0.001 -5"><span class='ocrx_word' id='word_1_437' title='bbox 913 2408 1017 2438; x_wconf 81' lang='lat' dir='ltr'>culam</span> <span class='ocrx_word' id='word_1_438' title='bbox 1040 2415 1078 2443; x_wconf 65' lang='grc' dir='ltr'>εἰ,</span> <span class='ocrx_word' id='word_1_439' title='bbox 1095 2414 1129 2438; x_wconf 91' lang='lat' dir='ltr'>ut</span> <span class='ocrx_word' id='word_1_440' title='bbox 1152 2414 1249 2439; x_wconf 88' lang='lat' dir='ltr'>totum</span> <span class='ocrx_word' id='word_1_441' title='bbox 1272 2408 1330 2439; x_wconf 89' lang='lat' dir='ltr'>hoc</span> <span class='ocrx_word' id='word_1_442' title='bbox 1354 2409 1527 2439; x_wconf 85' lang='lat' dir='ltr'>membrum</span> <span class='ocrx_word' id='word_1_443' title='bbox 1553 2411 1598 2441; x_wconf 91' lang='lat' dir='ltr'>in-</span> 
     </span>
     <span class='ocr_line' id='line_1_64' title="bbox 915 2450 1599 2493; baseline 0.004 -13"><span class='ocrx_word' id='word_1_444' title='bbox 915 2451 1070 2491; x_wconf 72' lang='lat' dir='ltr'>telligatur</span> <span class='ocrx_word' id='word_1_445' title='bbox 1092 2462 1146 2492; x_wconf 80' lang='lat' dir='ltr'>per</span> <span class='ocrx_word' id='word_1_446' title='bbox 1169 2450 1392 2493; x_wconf 84' lang='lat' dir='ltr'>appositionem</span> <span class='ocrx_word' id='word_1_447' title='bbox 1418 2451 1599 2493; x_wconf 83' lang='lat' dir='ltr'>adjunctum</span> 
     </span>
     <span class='ocr_line' id='line_1_65' title="bbox 914 2493 1170 2536; baseline -0.004 -12"><span class='ocrx_word' id='word_1_448' title='bbox 914 2493 1170 2536; x_wconf 83' lang='lat' dir='ltr'>praecedentibus.</span> 
     </span>
    </p>

    <p class='ocr_par' dir='ltr' id='par_1_38' title="bbox 916 2536 1602 2868">
     <span class='ocr_line' id='line_1_66' title="bbox 957 2536 1601 2578; baseline 0.002 -12"><span class='ocrx_word' id='word_1_449' title='bbox 957 2537 998 2566; x_wconf 80' lang='lat'>27</span> <span class='ocrx_word' id='word_1_450' title='bbox 1023 2537 1054 2566; x_wconf 78' lang='lat' dir='ltr'>Si</span> <span class='ocrx_word' id='word_1_451' title='bbox 1076 2536 1211 2575; x_wconf 73' lang='lat' dir='ltr'>ertemplo</span> <span class='ocrx_word' id='word_1_452' title='bbox 1233 2537 1329 2574; x_wconf 69' lang='lat' dir='ltr'>positis</span> <span class='ocrx_word' id='word_1_453' title='bbox 1349 2537 1454 2577; x_wconf 75' lang='lat' dir='ltr'>ermis]</span> <span class='ocrx_word' id='word_1_454' title='bbox 1483 2536 1514 2567; x_wconf 83' lang='lat' dir='ltr'>Si</span> <span class='ocrx_word' id='word_1_455' title='bbox 1537 2537 1601 2578; x_wconf 79' lang='lat' dir='ltr'>ipse</span> 
     </span>
     <span class='ocr_line' id='line_1_67' title="bbox 917 2578 1602 2621; baseline 0.001 -12"><span class='ocrx_word' id='word_1_456' title='bbox 917 2578 1129 2610; x_wconf 83' lang='lat' dir='ltr'>Alexamenus</span> <span class='ocrx_word' id='word_1_457' title='bbox 1154 2578 1263 2621; x_wconf 83' lang='lat' dir='ltr'>positis</span> <span class='ocrx_word' id='word_1_458' title='bbox 1283 2580 1376 2610; x_wconf 87' lang='lat' dir='ltr'>armis</span> <span class='ocrx_word' id='word_1_459' title='bbox 1399 2584 1539 2610; x_wconf 78' lang='lat' dir='ltr'>vocasset</span> <span class='ocrx_word' id='word_1_460' title='bbox 1561 2579 1602 2610; x_wconf 87' lang='lat' dir='ltr'>ad</span> 
     </span>
     <span class='ocr_line' id='line_1_68' title="bbox 916 2621 1602 2658; baseline -0.001 -6"><span class='ocrx_word' id='word_1_461' title='bbox 916 2621 1096 2653; x_wconf 86' lang='lat' dir='ltr'>concionem</span> <span class='ocrx_word' id='word_1_462' title='bbox 1130 2621 1394 2658; x_wconf 77' lang='lat' dir='ltr'>Lacedaemonios,</span> <span class='ocrx_word' id='word_1_463' title='bbox 1428 2627 1459 2652; x_wconf 89' lang='lat' dir='ltr'>et</span> <span class='ocrx_word' id='word_1_464' title='bbox 1491 2621 1602 2653; x_wconf 87' lang='lat' dir='ltr'>oratio-</span> 
     </span>
     <span class='ocr_line' id='line_1_69' title="bbox 916 2664 1600 2707; baseline 0 -13"><span class='ocrx_word' id='word_1_465' title='bbox 916 2675 987 2695; x_wconf 83' lang='lat' dir='ltr'>nem</span> <span class='ocrx_word' id='word_1_466' title='bbox 1014 2665 1144 2707; x_wconf 84' lang='lat' dir='ltr'>tempori</span> <span class='ocrx_word' id='word_1_467' title='bbox 1166 2664 1399 2696; x_wconf 85' lang='lat' dir='ltr'>convenientem</span> <span class='ocrx_word' id='word_1_468' title='bbox 1424 2664 1600 2695; x_wconf 82' lang='lat' dir='ltr'>habuisset:</span> 
     </span>
     <span class='ocr_line' id='line_1_70' title="bbox 917 2707 1600 2748; baseline 0.001 -11"><span class='ocrx_word' id='word_1_469' title='bbox 917 2708 1050 2738; x_wconf 80' lang='lat' dir='ltr'>retinens</span> <span class='ocrx_word' id='word_1_470' title='bbox 1078 2714 1184 2739; x_wconf 87' lang='lat' dir='ltr'>tamen</span> <span class='ocrx_word' id='word_1_471' title='bbox 1214 2714 1245 2738; x_wconf 87' lang='lat' dir='ltr'>et</span> <span class='ocrx_word' id='word_1_472' title='bbox 1277 2707 1335 2738; x_wconf 88' lang='lat' dir='ltr'>hoc</span> <span class='ocrx_word' id='word_1_473' title='bbox 1362 2709 1429 2748; x_wconf 85' lang='lat' dir='ltr'>ipso</span> <span class='ocrx_word' id='word_1_474' title='bbox 1453 2711 1600 2748; x_wconf 86' lang='lat' dir='ltr'>tempore,</span> 
     </span>
     <span class='ocr_line' id='line_1_71' title="bbox 917 2750 1601 2792; baseline 0 -12"><span class='ocrx_word' id='word_1_475' title='bbox 917 2756 948 2781; x_wconf 88' lang='lat' dir='ltr'>et</span> <span class='ocrx_word' id='word_1_476' title='bbox 968 2751 1161 2790; x_wconf 76' lang='lat' dir='ltr'>aliquamdiu</span> <span class='ocrx_word' id='word_1_477' title='bbox 1183 2756 1302 2792; x_wconf 81' lang='lat' dir='ltr'>postea,</span> <span class='ocrx_word' id='word_1_478' title='bbox 1318 2750 1493 2790; x_wconf 83' lang='lat' dir='ltr'>frequentes</span> <span class='ocrx_word' id='word_1_479' title='bbox 1507 2750 1538 2780; x_wconf 91' lang='lat' dir='ltr'>in</span> <span class='ocrx_word' id='word_1_480' title='bbox 1552 2760 1601 2780; x_wconf 81' lang='lat' dir='ltr'>ar-</span> 
     </span>
     <span class='ocr_line' id='line_1_72' title="bbox 916 2792 1602 2835; baseline 0.003 -13"><span class='ocrx_word' id='word_1_481' title='bbox 916 2793 974 2823; x_wconf 82' lang='lat' dir='ltr'>mis</span> <span class='ocrx_word' id='word_1_482' title='bbox 996 2794 1130 2829; x_wconf 81' lang='lat' dir='ltr'>AEtolos,</span> <span class='ocrx_word' id='word_1_483' title='bbox 1152 2794 1207 2824; x_wconf 88' lang='lat' dir='ltr'>sed</span> <span class='ocrx_word' id='word_1_484' title='bbox 1235 2793 1279 2824; x_wconf 86' lang='lat' dir='ltr'>ita</span> <span class='ocrx_word' id='word_1_485' title='bbox 1297 2798 1332 2823; x_wconf 84' lang='lat' dir='ltr'>ut</span> <span class='ocrx_word' id='word_1_486' title='bbox 1353 2792 1469 2823; x_wconf 87' lang='lat' dir='ltr'>nemini</span> <span class='ocrx_word' id='word_1_487' title='bbox 1490 2792 1602 2835; x_wconf 80' lang='lat' dir='ltr'>injuria</span> 
     </span>
     <span class='ocr_line' id='line_1_73' title="bbox 916 2836 1010 2868; baseline 0.011 -2"><span class='ocrx_word' id='word_1_488' title='bbox 916 2836 1010 2868; x_wconf 79' lang='lat' dir='ltr'>fieret.</span> 
     </span>
    </p>
   </div>
  </div>
 </body>
</html>
