1947 3222
148 273 190 311 U..
203 274 238 303 C.
250 272 326 303 562.

147 316 235 354 AJC.
253 315 325 346 190.

144 890 306 939 Philippus

143 933 289 964 exercitui

145 977 289 1007 Romano

143 1019 248 1050 omnia
263 1029 319 1061 pa-

143 1067 201 1094 rat.

147 1571 287 1603 Classem
299 1580 346 1600 re-

146 1620 236 1656 parat
249 1613 340 1644 Anti-

147 1657 252 1688 ochus.

357 155 434 190 284
881 147 1023 187 Tl'rl
1071 148 1247 187 LlVII

356 261 394 301 si
411 259 582 313 imperio
600 263 735 300 nostro
738 257 856 312 fidus
874 264 946 309 est,
963 264 1001 299 et
1021 259 1114 308 iter,
1131 264 1170 298 et
1188 263 1437 306 commeatus,
1454 261 1493 297 et
1512 257 1662 306 omnia,
1678 264 1768 312 quae

358 318 402 357 in
420 318 540 370 longo
560 316 708 356 itinere
728 316 923 356 exercitus
949 316 1065 355 alunt
1080 314 1321 369 juvantque,
1338 313 1452 355 nobis
1479 314 1768 367 suppeditabit.

355 374 394 415 εἰ
414 374 448 414 is
469 373 674 421 destituat,
697 373 803 412 nihil
814 386 894 425 per
920 372 1137 412 Thraciam
1163 373 1264 413 satis
1291 378 1416 412 tutum
1446 370 1768 412 habebis.1ta-

357 444 432 496 qae
443 431 564 484 prius
584 431 691 484 regis
711 430 884 469 animum
906 429 1115 481 explorari
1126 429 1276 480 placet
1307 430 1454 482 optime
1480 427 1769 481 explorabitur,

356 488 394 528 si
422 488 529 528 nihil
547 501 596 527 ex
618 499 791 539 prcepav
792 491 860 525 ato
880 484 1097 538 agentem2
1099 484 1326 539 “obprimet,
1348 486 1419 540 qui
1441 486 1634 526 mittetur.
1696 484 1766 525 Ti.

359 543 627 600 Sempronius
650 541 880 591 Gracchus,
901 541 1023 597 longe
1043 550 1135 583 tum
1164 542 1388 583 acerrimus
1412 543 1617 605 juvenum
1647 540 1701 582 ad
1721 540 1766 582 id

356 600 556 649 delectus,
578 613 652 653 per
682 597 902 653 dispositos
931 613 1061 653 equos
1080 613 1210 654 prope
1229 598 1461 640 incredibili
1485 598 1693 640 celeritate
1713 597 1767 639 ab

356 657 585 713 Amphissa
606 654 732 718 (inde
742 654 852 695 enim
873 661 935 696 est
965 654 1178 709 dimissus)
1202 654 1269 695 die
1289 655 1414 696 tertio
1435 655 1594 696 Pellam
1624 669 1768 710 perve-

355 714 429 754 nit.
493 713 544 753 In
574 710 763 752 convivio
786 726 860 752 rex
885 719 989 761 erat,
1020 718 1060 752 et
1090 711 1132 751 in
1162 711 1342 752 multum
1371 711 1458 752 vini
1487 719 1764 768 processerat:

355 785 404 810 ea
437 769 528 824 ipsa
565 768 752 809 remissio
791 767 918 808 animi
958 767 1231 823 suspicionem
1272 767 1436 816 demsit,
1477 783 1630 810 novare
1669 782 1766 809 eum

355 825 588 881 quidquam
616 824 734 865 velle.
795 825 853 866 Et
884 832 976 867 tum
1001 824 1171 888 quidem
1200 823 1371 865 comiter
1391 832 1584 888 acceptus
1603 824 1764 887 hospes.

353 890 522 938 postero
551 881 618 922 die
648 889 902 922 commeatus
932 880 1132 923 exercitui
1159 888 1326 937 paratos
1345 880 1537 936 benigne,
1559 889 1706 936 pontes
1725 895 1768 921 111

355 938 599 980 fluminibus
628 938 775 989 factos,
797 937 899 989 vias,
921 938 995 979 ubi
1025 937 1245 979 transitus‘
1261 937 1446 978 difficiles
1476 945 1608 987 erant,
1632 937 1769 977 muni-

356 1002 419 1037 tas
438 994 557 1037 vidit.
618 996 726 1036 Haec
754 995 936 1036 referens
966 994 1125 1045 eadem,
1147 1009 1233 1050 qua
1251 994 1370 1045 ierat,
1392 993 1600 1035 celeritate
1623 994 1770 1034 Thau-

355 1051 482 1093 macis
501 1052 689 1093 obcurrit
720 1051 889 1092 consuli.
952 1051 1058 1093 Inde
1088 1051 1261 1092 certiore
1289 1059 1329 1092 et
1359 1051 1515 1107 majore
1545 1065 1617 1106 spe
1646 1050 1769 1092 laetus

357 1108 563 1150 exercitus
602 1108 656 1148 ad
695 1116 930 1164 praeparata
968 1107 1106 1149 omnia
1144 1108 1187 1148 in
1238 1107 1528 1148 Macedoniam
1567 1106 1767 1163 pervenit.

358 1165 579 1206 Venientes
602 1165 718 1220 regio
745 1165 949 1220 adparatu
971 1170 1034 1206 etg
1054 1164 1225 1220 accepit,
1248 1172 1288 1205 et
1315 1171 1561 1227 prosecutus
1590 1171 1650 1205 est
1680 1178 1767 1204 rex.

358 1221 531 1263 Multa
523 1236 562 1261 111
585 1237 633 1262 eo
654 1230 695 1262 et
726 1221 966 1272 dexteritas,
989 1229 1029 1262 et
1059 1221 1296 1284 humanitas
1326 1236 1426 1271 visa,
1449 1236 1544 1276 quae
1565 1235 1770 1261 commen-

357 1278 513 1320 dabilia
532 1277 647 1334 apud
674 1278 922 1319 Africanum
943 1286 1084 1325 erant;
1117 1277 1254 1318 virum
1286 1277 1390 1318 sicut
1412 1277 1465 1318 ad
1491 1285 1627 1318 cetera
1655 1291 1771 1332 egre-

357 1336 490 1390 gium,
512 1334 571 1376 ita
590 1350 615 1375 a
643 1334 850 1384 comitate,
873 1350 969 1390 quae
1000 1334 1084 1375 sine
1115 1334 1284 1375 luxuria
1313 1342 1432 1382 esset,
1453 1349 1535 1375 non
1565 1348 1768 1375 aversum.

361 1391 467 1433 Inde
487 1406 568 1432 non
589 1406 664 1447 per
695 1391 985 1432 Macedoniam
1016 1391 1155 1441 modo,
1178 1391 1249 1432 sed
1270 1391 1394 1432 etiam
1417 1391 1656 1440 Thraciam,
1677 1404 1773 1445 pro-

360 1456 558 1504 sequente
589 1456 630 1489 et
659 1456 921 1505 praeparante
950 1448 1089 1489 omnia
1121 1447 1334 1504 Philippo,
1365 1447 1419 1488 ad
1450 1447 1772 1502 Hellespontum

358 1513 606 1561 perventum
627 1513 700 1546 est.

416 1562 547 1602 VIII.
580 1561 818 1603 Antiochus
856 1570 950 1618 post
995 1562 1181 1603 navalem
1221 1562 1275 1603 ad
1316 1562 1525 1617 Corycum
1569 1575 1770 1626 pugnarn,

358 1634 489 1675 quum
511 1626 642 1659 totam
663 1618 840 1660 hiemem
862 1619 1062 1660 liberam
1054 1635 1096 1660 111
1117 1619 1343 1675 adparatus
1373 1626 1587 1660 terrestres
1615 1616 1774 1663 mariti-

357 1690 530 1740 mosque
559 1675 788 1725 habuisset,
809 1675 927 1716 classi
957 1676 1136 1717 maxime
1166 1675 1420 1731 reparandae,
1449 1690 1500 1716 ne
1529 1683 1619 1716 tota
1646 1674 1773 1715 maris

358 1732 612 1788 possessione
650 1731 890 1788 pelleretur,
926 1733 1112 1774 intentus
1150 1732 1299 1773 fuerat.
1363 1731 1660 1779 Subcurrebat,
1696 1731 1772 1772 Su-

349 1795 540 1843 peratum
560 1803 614 1839 se,
633 1803 752 1842 quum
771 1790 910 1830 classzs
930 1789 1122 1844 abficz'sset
1142 1790 1407 1831 Rhodiorum.
1430 1790 1537 1842 quod
1554 1789 1592 1829 si
1610 1802 1659 1828 ea
1675 1801 1772 1841 quo-

360 1860 434 1900 que
465 1849 553 1900 (nec
580 1847 849 1887 commissuros
875 1846 1071 1895 Rhodios,
1102 1852 1146 1886 ut
1176 1847 1317 1886 iterum
1344 1845 1614 1896 morarentur)
1644 1859 1710 1885 cer
1711 1850 1774 1885 ta-

360 1903 463 1943 mzm‘
490 1904 657 1951 adesset,
680 1917 825 1957 magno
844 1903 924 1943 sibi
949 1905 1110 1944 navium
1130 1917 1292 1943 numero
1311 1916 1408 1956 opus
1419 1902 1537 1957 fore,
1559 1908 1602 1942 ut
1622 1901 1774 1943 viribus

359 1966 399 2000 et
418 1961 697 2024 magnitudine
716 1962 875 2001 classem
892 1960 1060 2001 hostium
1077 1974 1216 2014 aequar
1218 1966 1266 2000 et
1329 1960 1482 2015 Itaque
1497 1966 1539 2000 et
1557 1958 1774 2000 Hanniba-

360 2017 472 2057 lem'
461 2031 502 2057 111
537 2016 698 2072 Syriam
729 2017 896 2058 miserat
920 2017 974 2058 ad
1002 2017 1249 2058 Phoenicum
1280 2015 1541 2057 arcessendas
1570 2030 1710 2066 naves,
1731 2023 1774 2057 et

362 2073 679 2129 Polyxenidam,
701 2089 786 2130 quo
806 2073 943 2115 minus
972 2089 1168 2130 prospere
1187 2081 1305 2129 gesta
1324 2089 1389 2114 res
1418 2080 1522 2123 erat,
1542 2088 1591 2114 eo
1620 2072 1774 2114 enisius

361 2138 402 2171 et
423 2146 504 2180 eas,
526 2145 622 2193 quae
642 2139 774 2180 erant,
796 2131 976 2182 reficere,
999 2139 1039 2172 et
1061 2131 1161 2172 alias
1181 2145 1327 2187 parale
1348 2145 1472 2171 naves
1486 2129 1628 2192 jussit..
1674 2130 1772 2194 Ipse

360 2186 402 2226 in
435 2186 621 2242 Phrygia
644 2187 892 2239 hibernavit,
914 2187 1101 2243 undique
1131 2187 1286 2228 auxilia
1316 2201 1543 2228 arcessens:
1576 2184 1699 2226 etiam
1729 2185 1773 2226 in

364 2243 681 2299 Gallograeciam
712 2245 891 2286 miserat.
958 2244 1242 2286 Bellicosiores
1277 2259 1325 2285 ea
1358 2250 1603 2306 tempestate
1638 2249 1771 2293 erant,

365 2278 547 2341 Gallicos
576 2300 729 2351 adhuc,
764 2302 949 2343 nondum
990 2301 1173 2342 exsoleta
1213 2300 1340 2356 stirpe
1378 2299 1528 2356 gentis,
1565 2306 1774 2339 servantes

362 2356 530 2397 animos.
594 2357 750 2398 Filium
784 2357 1032 2399 Seleucum
1024 2373 1065 2398 111
1088 2357 1258 2399 lFolide
1287 2356 1511 2413 reliquerat
1535 2370 1630 2396 curn
1657 2370 1774 2396 exer-

363 2413 449 2454 citu
471 2413 524 2454 ad
544 2414 771 2455 maritimas
792 2415 1059 2456 continendas
1080 2414 1227 2455 urbes:
1260 2429 1366 2469 quas
1389 2413 1501 2453 illinc
1521 2427 1546 2452 a
1568 2413 1774 2467 Pergamo

365 2471 588 2517 Eumenes,
610 2470 705 2511 hinc
726 2487 750 2511 a
772 2472 950 2512 Phocaea
971 2471 1251 2527 Erythrisque
1274 2468 1451 2510 Romani
1482 2468 1771 2511 sollicitabant.

366 2526 518 2568 Classis
555 2526 756 2579 Romana,
789 2529 895 2569 sicut
931 2537 1026 2569 ante
1055 2527 1214 2568 dictum
1245 2536 1321 2576 est,
1343 2525 1396 2566 ad
1420 2527 1554 2566 Canas
1583 2525 1775 2567 hiberna-

363 2584 448 2624 bat.
509 2585 574 2624 Eo
609 2585 746 2625 media
779 2585 907 2625 ferme
942 2584 1075 2625 hieme
1111 2599 1183 2624 rex
1225 2585 1435 2624 Eumenes
1475 2597 1569 2622 cum
1606 2582 1773 2624 duobus

366 2640 548 2681 millibus
568 2640 773 2704 peditum,
795 2640 1008 2696 equitibus
1032 2649 1214 2689 centum,
1238 2640 1361 2680 xenit.
1426 2640 1482 2688 Is,
1504 2654 1637 2702 quum
1659 2654 1771 2702 mag-

365 2712 459 2738 mm
490 2697 671 2754 praedam
704 2713 769 2753 agi
800 2713 918 2752 posse
949 2697 1121 2738 dixisset
1151 2712 1199 2737 ex
1223 2695 1403 2737 hostium
1426 2711 1540 2751 afflo,
1563 2711 1636 2752 qui
1666 2712 1773 2738 clrca

720 2792 733 2817 f
747 2798 872 2826 transitu
891 2797 917 2827 (i
925 2807 986 2826 ron.
1002 2797 1092 2826 (rev.
1178 2797 1193 2822 ἔ
1209 2802 1233 2824 e!
1251 2794 1311 2825 del.
1328 2797 1415 2825 (ἴτω.

779 2893 819 2922 24
830 2892 844 2907 “
859 2892 1023 2933 Oppi-inice]
1052 2891 1236 2932 lmprovisus
1253 2890 1361 2922 adibit.

1927 830 1939 1054 nsst—-z--e-ze
1930 813 1939 822 t
1929 788 1931 799 *
1930 774 1931 778 „
1930 760 1931 764 „
1930 719 1932 747 ⁴-

1926 1064 1930 1094 1

1927 1101 1930 1125 1
