1947 3222
407 133 480 167 308
926 128 1070 167 T1T1
1112 128 1275 166 lell

302 247 320 319 μω

323 245 377 320 {es

367 268 376 277 .
409 236 503 287 alia,
538 251 687 292 parum
721 237 829 279 inter
862 246 1051 279 auctores
1085 246 1256 279 constat.
1303 237 1372 278 alii
1407 236 1630 301 principio
1645 237 1758 286 belli,
1790 253 1816 280 a

412 292 610 335 Chalcide
645 295 800 335 Oreum
836 302 1059 350 petentem,
1095 294 1424 357 circumventum
1459 294 1512 335 ab
1546 293 1671 350 regiis
1702 295 1817 335 navi-

409 350 490 391 bus
520 350 716 392 tradunt:
754 350 838 401 alii,
863 359 1085 415 postquam
1117 351 1337 392 transitum
1368 350 1408 391 in
1441 351 1587 391 Asiam
1617 359 1693 401 est,
1721 366 1817 392 cum

410 415 550 448 turma
570 407 816 462 Fregellana
835 408 1003 447 missum
1027 406 1289 462 exploratum
1310 407 1364 448 ad
1384 408 1498 463 regia
1518 415 1665 457 castra,
1686 407 1819 448 effuso

410 464 576 505 obviam
606 464 812 519 equitatu,
842 476 975 518 quum
1005 463 1205 519 reciperet
1237 479 1336 514 sese,
1357 464 1399 504 in
1429 479 1477 504 eo
1507 464 1722 520 delapsum
1752 472 1820 505 tu-

410 519 549 561 multu
580 536 629 561 ex
661 528 805 575 equon,
833 535 928 560 cum
959 518 1125 560 duobus
1154 520 1367 575 equitibus
1396 521 1654 576 obpressum,
1676 521 1736 561 ita
1764 520 1820 561 ad

410 591 551 631 regem
582 576 810 617 deductum
841 591 939 616 esse.
1002 575 1118 616 Illud
1149 576 1246 617 satis
1276 585 1450 626 constat,
1473 593 1505 618 Sl
1526 592 1610 634 pax
1631 592 1726 618 cum
1747 592 1825 633 po-

410 633 512 688 pulo
553 633 744 673 Romano
783 640 982 681 maneret,
1015 632 1329 688 hospitiumque
1364 632 1560 689 privatim
1599 634 1687 690 regi
1723 649 1818 675 cum

414 688 674 744 Scipionibus
704 697 824 739 esset,
846 703 981 745 neque
1012 688 1238 740 liberalius,
1263 705 1398 745 neque
1426 668 1670 746 benignius&
1675 690 1819 731 haberi

411 745 574 800 colique
604 745 920 795 adolescentem,
947 760 1072 801 quam
1105 745 1243 787 cultus
1273 754 1349 795 est,
1377 747 1573 802 potuisse.
1635 747 1701 787 Ob
1730 747 1821 787 haec

410 816 543 857 quum
579 802 806 843 adventum
844 804 892 843 P.
918 801 1120 865 Scipionis
1155 802 1318 858 legatus
1354 810 1645 858 exspectasset,
1675 804 1750 845 ubi
1785 804 1822 843 is

411 858 540 908 venit,
562 859 771 901 consulem
793 859 895 909 adit,
917 859 1124 915 petitque,
1145 867 1194 900 ut
1215 859 1413 901 mandata
1432 859 1608 900 audiret.

470 890 670 957 XXXV.
709 915 931 957 Advocato
959 915 1169 971 frequenti
1199 916 1381 966 consilio,
1412 915 1538 971 legati
1568 916 1696 957 verba
1724 924 1822 958 sunt

411 972 570 1014 audita.
632 974 690 1023 Is,
712 973 844 1013 multis
874 979 969 1013 ante
996 973 1262 1027 legationibus
1290 973 1555 1027 nequidquam
1577 974 1683 1013 ultro
1703 974 1823 1013 citro-

411 1044 486 1083 que
507 1031 556 1070 de
576 1045 683 1083 pace
702 1031 844 1081 missis,
867 1045 951 1070 eam
983 1031 1112 1082 ipsam
1130 1031 1327 1082 fiduciam
1359 1030 1605 1083 impetrandi
1630 1030 1709 1071 sibi
1728 1044 1823 1081 esse,

411 1086 536 1136 dixit,
558 1088 666 1141 quod
677 1088 840 1139 priores
859 1088 987 1141 legati
1006 1088 1114 1127 nihil
1134 1089 1423 1139 impetrassent.
1473 1087 1682 1141 Smyrnam
1702 1088 1822 1153 enim,

412 1150 451 1184 et
473 1144 750 1207 Lampsacum,
774 1150 812 1184 et
831 1144 1128 1185 Alexandriam
1155 1145 1369 1192 Troadem,
1391 1150 1430 1184 et
1450 1144 1749 1199 Ljsimacbiam
1777 1146 1822 1185 in

411 1202 597 1254 Europa,
615 1200 802 1254 jactatas
832 1203 876 1241 in
907 1202 990 1242 illis
1020 1201 1370 1254 disceptationibus
1390 1215 1481 1242 esse.
1513 1214 1679 1254 quarum
1700 1202 1825 1255 Lysi-

411 1257 669 1312 machiajam
689 1259 846 1299 cessisse
865 1273 1009 1313 regem,
1027 1270 1076 1298 ne
1096 1260 1196 1311 quid
1215 1259 1257 1298 in
1275 1259 1443 1311 Europa
1459 1258 1604 1298 babere
1620 1272 1702 1298 eum
1720 1260 1825 1299 dice-

411 1321 522 1356 rsent
553 1329 633 1364 eas,
651 1329 740 1369 quae
760 1316 803 1355 in
823 1315 925 1356 Asia
944 1316 1041 1363 sint,
1064 1316 1247 1356 civitates
1266 1316 1443 1365 tradere,
1459 1321 1652 1368 paratum
1674 1329 1765 1364 esse,
1783 1321 1822 1356 et

411 1373 449 1413 si
468 1387 566 1426 quas
586 1373 695 1413 alias
714 1373 908 1422 Romani,
927 1374 1033 1426 quod
1050 1387 1210 1413 suarum
1222 1374 1408 1425 partium
1413 1372 1596 1427 ficerznt,
1613 1373 1824 1413 vindicare

411 1429 463 1469 ab
493 1430 660 1483 imperio
690 1432 802 1482 regio
831 1431 966 1471 velint.
1032 1430 1218 1483 Inpensoe
1247 1443 1413 1484 quoque,
1446 1431 1490 1470 in
1520 1429 1660 1469 bellum
1674 1429 1824 1484 factae,

403 1493 565 1540 partem
595 1487 805 1527 dimidiam
835 1502 964 1542 regem
987 1493 1276 1540 prcestaturum
1303 1488 1452 1540 populo
1481 1486 1678 1527 Romano.
1740 1487 1824 1528 Hae

411 1543 667 1585 conditiones
697 1552 816 1585 erant
850 1544 973 1600 pacis.
1036 1544 1220 1600 Reliqua
1248 1544 1381 1585 oratio
1410 1543 1508 1593 fuit,
1550 1544 1604 1585 Ut
1637 1557 1823 1585 memores

410 1615 541 1641 rerum
571 1602 849 1650 humanarum,
871 1608 908 1642 et
928 1615 1010 1642 suce
1019 1602 1212 1656 fortunae
1231 1603 1547 1651 moderarentur,
1567 1600 1628 1642 2et
1647 1602 1823 1641 alienam

411 1671 461 1697 ne
477 1664 701 1713 arguerent.
735 1659 926 1699 Finirent
942 1660 1112 1712 Europa
1133 1660 1357 1712 imperium.
1379 1660 1431 1698 ‚id
1445 1672 1595 1712 quoque
1609 1657 1823 1699 inmensum

412 1729 502 1756 esse.
563 1717 642 1756 Εἰο
658 1716 812 1768 parari
839 1716 1000 1770 singula
1031 1717 1282 1769 adquirendo
1294 1716 1470 1769 facilius
1491 1716 1685 1768 potuisse,
1705 1729 1823 1769 quam

411 1773 599 1813 universa
629 1773 759 1812 teneri
781 1787 909 1825 posse.
941 1775 1047 1826 quod
1073 1775 1111 1813 si
1140 1773 1253 1814 Λεία·
1282 1786 1433 1826 quoque
1455 1778 1615 1824 partem
1647 1772 1824 1826 aliquam

411 1829 646 1870 abstrahere
664 1830 802 1879 velint,
821 1831 1024 1870 dummodo
1045 1844 1124 1870 non
1145 1830 1277 1870 dubiis
1291 1829 1697 1884 regionibusfiniant‚
1715 1830 1825 1870 vinci

412 1899 522 1926 suam
558 1888 864 1939 temperantiam
899 1887 1084 1927 Romana
1117 1887 1355 1940 cupiditate,
1379 1887 1499 1939 pacis
1529 1892 1568 1926 et
1599 1887 1827 1927 concordia>

415 1957 567 1992 caussa,
589 1958 718 1996 regem
742 1958 966 1996 passurum.
1027 1945 1106 1993 Ea,
1129 1959 1225 2000 quae
1254 1943 1393 1999 legato
1421 1957 1573 1999 magna
1599 1942 1652 1984 ad
1679 1957 1823 1999 pacem

200 2006 397 2047 Revponsum
414 2000 719 2057 impetrandam
740 2000 1006 2050 videbantur,
1027 2016 1158 2057 parva
1178 1978 1378 2041 Romanis
1399 2000 1496 2041 visa.
1558 2000 1684 2050 Nam,
1704 2006 1742 2040 et
1763 2001 1825 2040 in-

202 2049 363 2080 Romano
413 2071 590 2110 pensam,
623 2071 711 2111 quoe
740 2071 784 2097 τη
819 2058 959 2098 bellum
974 2059 1101 2112 facta
1135 2064 1246 2105 esset,
1275 2071 1426 2097 omnem
1448 2063 1654 2110 praestore
1677 2071 1824 2111 regem,

202 2102 280 2122 rum.
416 2129 585 2170 aequum
618 2114 852 2164 censebant,
886 2129 994 2168 cujus
1028 2116 1147 2167 culpa
1178 2115 1319 2155 bellum
1360 2114 1570 2155 excitatum
1608 2120 1726 2160 esset‚-
1770 2119 1823 2163 et,

415 2184 495 2210 non
515 2171 636 2211 Ionia
666 2172 778 2210 modo
807 2179 927 2226 atque
947 2172 1118 2212 AEolide
1146 2173 1289 2212 deduci
1308 2172 1448 2212 debere
1471 2171 1668 2224 proesidia
1687 2171 1824 2224 regia.-

415 2228 497 2275 sed,
519 2228 618 2268 sicut
643 2226 809 2267 Groecia
837 2230 962 2269 omnis
991 2229 1166 2270 liberata
1197 2235 1307 2277 esset,
1331 2230 1405 2276 ita,
1428 2242 1516 2282 quce
1539 2228 1583 2268 in
1603 2227 1705 2268 Asia
1725 2228 1823 2277 sint,

416 2298 546 2325 omnes
575 2284 744 2324 liberari
773 2285 899 2326 urbes.
959 2286 1013 2326 Id
1041 2287 1165 2326 aliter
1175 2287 1282 2341 fieri
1310 2299 1389 2325 non
1412 2299 1542 2338 posse,
1564 2297 1682 2338 quam
1703 2290 1745 2324 ut
1766 2285 1825 2324 cis

422 2342 599 2382 Taurum
620 2348 787 2381 montem
802 2344 1049 2395 possessione
1069 2343 1182 2383 Asiae
1201 2343 1421 2383 Antiochus
1439 2342 1568 2382 cedat.

203 2407 342 2455 Afficani
475 2398 701 2439 XXXVI.
744 2399 946 2453 Legatus,
986 2408 1208 2463 postquam
1258 2398 1359 2439 nihil
1409 2397 1518 2453 aequi
1566 2397 1610 2438 in
1653 2397 1823 2439 consilio

203 2460 339 2523 ammmln
416 2455 638 2518 impetrare
668 2471 709 2495 sc
739 2434 944 2505 censebat,
966 2456 1160 2512 privatim
1191 2455 1266 2507 (sic
1296 2455 1404 2496 enim
1433 2455 1684 2509 imperatum
1714 2457 1823 2509 erat)

202 2499 361 2566 {altato
325 2504 400 2535 ega
419 2513 466 2553 P.
500 2511 701 2566 Scipionis
741 2519 900 2552 tentare
940 2513 1123 2553 animum
1159 2520 1222 2553 est
1256 2520 1438 2553 conatus.
1501 2510 1699 2552 Omnium
1740 2511 1825 2567 pri-

416 2583 546 2617 mum,
583 2567 711 2608 filium
749 2567 785 2607 ei
816 2567 901 2608 sine
931 2570 1074 2631 pretio
1094 2568 1357 2609 redditurum
1387 2582 1541 2632 regem,
1573 2567 1706 2608 dixit:
1753 2567 1824 2608 de-

415 2625 526 2675 inde,
557 2623 726 2680 ignarus
765 2632 807 2665 et
846 2625 970 2665 animi
1014 2624 1228 2680 ScipioniS,
1260 2632 1300 2665 et
1340 2625 1465 2664 moris
1506 2623 1700 2673 Romani,
1730 2623 1821 2664 auri

197 905 308 947 Legati
323 915 390 936 ora-

197 948 240 980 tio
253 949 291 980 de
306 959 393 991 pace.

585 2709 602 2726 ¹¹
618 2708 647 2737 in
662 2717 692 2737 eo
709 2706 839 2736 tumultu
853 2707 999 2745 delapsum
1015 2717 1083 2747 epto
1100 2707 1197 2737 Gron.
1214 2706 1306 2737 Crev.
1393 2709 1408 2727 ⁰
1423 2713 1449 2736 et
1465 2705 1526 2738 del.
1543 2706 1634 2738 Crev.
1905 2677 1910 2721 1

458 2777 555 2808 Q‘Et
577 2777 703 2807 alienam
724 2787 760 2807 ne
778 2775 932 2816 urgerent]
964 2776 1005 2805 Et
1020 2774 1094 2806 alie·
1138 2774 1298 2809 editiones,
1327 2776 1427 2806 aliam.
1481 2774 1610 2806 Notavit
1638 2773 1670 2805 id
1699 2774 1820 2806 Grono-

417 2831 466 2850 noe
490 2819 659 2850 labascenti
685 2829 722 2849 nc
745 2828 852 2855 graves
876 2817 1095 2850 incumberent.
1139 2818 1216 2852 vim,
1240 2828 1296 2849 ne(
1320 2823 1423 2849 tamen
1446 2829 1465 2850 e
1489 2824 1636 2849 contextu
1660 2826 1817 2859 expunxe-

418 2862 595 2893 *luendum
625 2862 672 2891 hic
702 2861 817 2902 irrepsit
849 2861 877 2890 in
916 2860 1096 2891 mentiones
1140 2866 1199 2890 rat.
