1947 3222
164 229 205 261 U.
219 229 256 261 C.
273 230 346 261 563.

161 273 204 303 A.
219 273 257 303 C.
276 274 348 304 189.

163 395 231 425 Pax
245 405 315 426 cum

163 437 320 469 Antiocho

165 481 356 512 confirmata.

378 116 452 150 328
890 79 1030 149 r1r1
1071 108 1240 148 mvn

380 226 482 260 rent.
508 225 709 272 postremo
725 233 866 272 pacem
892 221 1030 260 datam
1051 234 1076 259 α
1101 220 1151 261 L.
1169 219 1356 273 Scipione
1377 220 1633 273 imperatore,
1655 219 1795 273 quibus

380 277 534 330 legebus
548 278 730 325 dedisset,
748 278 1029 331 cmgfirmarent
1044 279 1287 317 auct012'tate
1306 291 1388 317 sua.
1440 278 1500 318 Et
1516 285 1682 318 senatus
1702 290 1793 316 eam

381 348 525 389 pacem
547 333 788 375 servandam
810 334 984 383 censuit,
1001 342 1042 374 et
1063 349 1217 388 paucos
1237 341 1331 389 post
1349 333 1434 374 dies
1454 333 1637 389 populus
1652 333 1794 388 Jussit.

384 391 419 430 F
423 391 543 431 oedus
573 391 615 432 in
647 390 856 446 Capitolio
887 405 979 430 cum
1014 389 1242 451 Antipatro
1271 390 1456 446 principe
1488 389 1720 444 legationis,
1751 395 1795 429 et

382 447 527 488 eodem
556 448 697 488 fratris
731 447 817 487 filio
847 445 956 501 legis
985 445 1193 496 Antiochi,
1224 455 1285 487 est
1312 447 1455 488 ictum.
1515 446 1692 487 Auditae
1725 444 1796 485 de-

380 503 479 544 inde
518 512 559 545 et
599 504 690 545 aliae
730 502 955 557 legationes
994 516 1046 542 ex
1088 502 1189 542 Asia
1228 510 1337 544 sunt.
1399 503 1563 566 Quibus
1601 501 1795 543 omnibus

382 559 529 602 datum
550 568 610 601 est
632 573 890 615 responsum,
914 560 1061 598 Decem
1082 560 1233 612 legatos
1257 573 1364 599 more
1394 559 1586 612 mqjorum
1615 565 1795 599 senatum

381 618 588 658 missurum
604 618 661 656 ad
679 630 742 656 res
758 615 872 656 Asia:
891 616 1174 667 disceptandas
1189 618 1563 670 componendasque.
1598 616 1796 657 Summam

381 680 514 714 tamen
534 674 762 726 hanc-fore:
793 678 837 713 ut
857 673 915 713 cis
940 673 1117 713 Taurum
1138 679 1321 720 montem,
1339 687 1428 726 quae
1448 674 1560 713 intra
1580 674 1698 727 regni
1712 674 1796 713 An-

381 731 631 783 tiochifiues
644 730 841 784 fuissent,
871 730 1046 770 Eumeni
1075 730 1418 780 adtribuet-entur,
1443 737 1595 782 praeter
1624 731 1796 784 Lyciam

384 788 627 841 Cariamque
646 801 767 840 usque
786 788 843 826 ad
862 788 1124 828 llloeandrum
1145 801 1310 827 amnem.
1342 801 1390 827 ea
1411 788 1591 828 civitatis
1610 787 1795 828 Rhodio-

380 858 467 884 rum
487 850 625 885 essent.
686 845 838 884 Cetera?
857 845 1042 885 civitates
1066 844 1194 893 Asiae,
1215 843 1344 898 ⁶⁶quce
1359 844 1496 884 Attali
1513 845 1796 897 stipendiariae

363 901 562 955 fuissent,
596 902 740 941 eaedem
775 902 951 942 Eumeni
986 903 1158 955 vectigal
1184 903 1427 954 penderent:
1469 915 1554 955 quae
1582 902 1796 955 vectigales

166 962 285 993 Decem
300 963 343 993 le
382 958 577 999 Antiochi
588 958 788 1012 ficissent,
824 972 881 998 ece
914 959 1052 999 libem?
1082 965 1203 1012 atque
1233 960 1412 999 inmunes
1440 964 1578 999 essent.
1638 958 1795 999 Decem

164 1005 228 1045 gati
244 1005 275 1035 in
290 1005 335 1035 A-

165 1048 243 1078 siam
258 1047 328 1078 mit-

165 1096 280 1122 tuntur.

164 1360 312 1390 Senatus-

136 1418 137 1422 =
162 1403 336 1434 consultum

162 1445 200 1476 de
215 1446 301 1477 Asia.

381 1015 540 1071 legatos
569 1015 644 1056 hos
675 1015 963 1065 deeleverunt,
987 1016 1035 1065 Q.
1059 1015 1298 1057 Minucium
1330 1015 1509 1064 Rufum,
1538 1015 1589 1055 L.
1613 1015 1794 1056 Furium

384 1073 715 1128 Purpureonem,
740 1071 794 1120 Q.
819 1073 1059 1113 Minucium
1083 1073 1332 1122 Thermum,
1355 1073 1439 1128 Ap.
1465 1071 1689 1113 Claudium
1711 1072 1795 1112 Ne-

381 1143 538 1178 ronem,
572 1130 647 1169 Cn.
673 1129 913 1169 Cornelium
951 1128 1178 1179 Merulam,
1211 1130 1273 1169 M.
1297 1129 1475 1169 Junium
1508 1129 1706 1178 Brutum,
1739 1129 1790 1168 L.

381 1185 734 1235 Aurunculeium,
765 1186 815 1225 L.
840 1185 1060 1226 AEmilium
1094 1185 1305 1235 Paullum,
1339 1187 1386 1225 P.
1412 1184 1651 1226 Cornelium
1683 1186 1793 1226 Len-

381 1242 534 1291 tulum,
563 1242 607 1282 P.
631 1241 796 1283 AElium
819 1242 1100 1282 Tuberonem.

450 1299 570 1339 LVI.
608 1300 704 1347 His,
741 1314 838 1354 quae
878 1299 1094 1354 praesentis
1127 1299 1439 1354 disceptationis
1474 1306 1623 1347 essent,
1660 1297 1791 1339 libera

379 1355 586 1397 mandata.
619 1355 671 1396 de
693 1370 855 1396 summa
873 1370 1014 1396 rerum
1039 1363 1205 1396 senatus
1226 1355 1465 1397 constituit:
1498 1355 1791 1408 ⁶⁷Lyca0niam

378 1427 539 1461 omnem,
563 1419 601 1453 et
622 1413 848 1467 Phrygiam
875 1419 1095 1466 utramque,
1119 1418 1157 1452 et
1178 1413 1373 1467 Mysiam,
1395 1414 1530 1466 regias
1555 1413 1691 1460 silvas,
1714 1411 1793 1452 ⁶⁸et

379 1470 528 1523 Lydiae
546 1470 769 1523 Ioniaeque,
786 1476 902 1509 extra
919 1484 966 1510 ea
988 1471 1157 1522 oppida,
1174 1483 1263 1523 quae
1281 1470 1411 1510 libera
1415 1470 1613 1523 ficissent,
1632 1483 1708 1524 quo
1728 1470 1796 1510 die

377 1540 461 1567 cum
491 1541 585 1580 rege
613 1526 814 1567 Antiocho
842 1533 1068 1581 pugnatum
1098 1533 1168 1574 est,
1200 1533 1237 1567 et
1268 1527 1504 1567 nominatim
1534 1526 1794 1580 Magnesiam

375 1585 434 1623 ad
452 1584 644 1637 Sipylum,
667 1591 704 1624 et
724 1583 948 1633 ⁶⁹Ca7iam,
970 1598 1058 1638 quoe
1088 1584 1215 1638 Hydr
1216 1585 1280 1624 ela
1304 1585 1551 1637 adpellutur,
1574 1597 1794 1639 agrumque

376 1641 441 1680 Η
421 1642 710 1695 jdrelcztanum
743 1642 799 1680 ad
829 1641 1054 1696 Phrygiam
1085 1655 1154 1681 ver
1150 1647 1320 1706 gentem,
1352 1648 1391 1681 et
1419 1642 1585 1682 castella
1615 1642 1796 1694 vicosque

377 1699 434 1737 ad
454 1698 651 1737 Mceandr
654 1712 716 1738 um
738 1712 905 1744 amnem,
927 1705 966 1738 et
987 1674 1175 1751 oppida?
1177 1699 1259 1738 m'sz'
1278 1711 1367 1752 quae
1388 1698 1516 1738 libera
1537 1705 1633 1739 ante
1652 1698 1794 1739 bellum

359 1755 566 1808 fuissent‚-
622 1755 853 1796 Telmissum
888 1756 977 1795 item
1008 1756 1259 1803 nominatim,
1293 1762 1329 1794 et
1355 1762 1489 1796 castra
1530 1756 1791 1805 Telmissium,

368 1819 526 1864 prceter
540 1826 696 1866 agrum,
714 1813 785 1865 qui
799 1813 1012 1852 Ptolemaei
1034 1811 1411 1866 Telmissiificisset:
1441 1813 1524 1852 lzaec
1540 1814 1687 1860 onmia,
1706 1825 1795 1866 quae

375 1883 500 1921 supra
519 1870 674 1921 scriptu
694 1875 796 1916 sunt,
813 1868 941 1922 wregz'
960 1868 1135 1909 Eumeni
1151 1868 1270 1922 jussa
1292 1869 1397 1909 dari.
1459 1870 1636 1910 Rhodiis
1655 1870 1790 1924 Lycia

376 1927 491 1975 data,
533 1932 649 1965 extra
689 1927 860 1965 eumdem
908 1926 1153 1974 Telmissum,
1195 1933 1233 1966 et
1271 1932 1406 1967 castra
1452 1926 1712 1975 Telmissium,
1755 1933 1793 1966 et

375 1997 535 2037 agrum,
551 1983 621 2036 qui
633 1984 847 2023 Ptolemcei
869 1983 1242 2037 Telmissiz'fuisset:
1264 1984 1347 2024 lzoec
1363 1989 1400 2023 et
1413 1983 1464 2023 ab
1480 1984 1670 2032 Eumene,
1688 1989 1725 2024 et
1741 1983 1793 2023 ab

376 2041 554 2080 Rhodiis
581 2046 757 2092 excepta.
818 2041 886 2080 Ea
915 2054 1066 2094 quoque
1085 2041 1149 2081 his
1162 2055 1266 2093 pars
1292 2042 1390 2080 data
1416 2041 1568 2090 Carioe,
1590 2055 1677 2094 quae
1689 2055 1789 2094 pro-

374 2098 468 2148 pior
488 2098 673 2139 Rhodum
705 2097 876 2137 insulam
901 2104 1017 2137 trans
1043 2097 1303 2137 Maeandrum
1332 2112 1484 2138 amnem
1505 2104 1588 2144 est;
1620 2099 1787 2151 oppida,

376 2155 471 2203 vici,
493 2155 673 2203 castella,
696 2154 804 2208 agri,
827 2155 896 2208 qui
922 2156 979 2194 acl
999 2155 1205 2196 Pisidiam
1230 2161 1417 2209 vergunt.-
1449 2156 1531 2196 m'si
1550 2169 1639 2209 quae
1657 2169 1789 2195 eorum

417 2301 458 2333 66
484 2300 557 2335 Qun·
586 2301 679 2331 Attali
704 2302 902 2340 stipendiaria·
918 2300 1060 2341 fuissent,
1107 2313 1125 2332 a
1160 2301 1372 2344 praepositione
1409 2308 1506 2332 extrsa
1546 2301 1591 2331 ita
1628 2305 1662 2331 ut
1696 2299 1787 2331 facile

374 2346 475 2374 eedem
532 2344 655 2374 Eumeni
710 2345 836 2384 vectigal
885 2346 1060 2386 penderent]
1106 2355 1167 2375 non
1191 2345 1229 2375 sit
1251 2344 1366 2385 liquido
1385 2353 1540 2375 secernere
1559 2353 1597 2374 ea
1620 2352 1689 2384 quae
1708 2343 1785 2374 dan-

375 2386 436 2417 nic
479 2388 655 2425 stipendium
699 2391 729 2416 et
772 2387 896 2427 wetiga!
941 2397 1061 2428 prorsus
1105 2393 1154 2419 tur
1172 2388 1314 2423 Eumeni.
1332 2387 1421 2418 abiis
1436 2397 1503 2427 quie
1519 2385 1722 2427 excipiuntur.

373 2428 457 2460 idem
479 2434 599 2464 sonant,
625 2435 661 2460 ut
682 2434 767 2470 patet
794 2440 830 2460 ex
856 2429 997 2470 Polybio,
1021 2440 1059 2461 ex
1148 2431 1188 2461 68
1214 2430 1253 2460 Et
1278 2431 1324 2470 Ly
1326 2432 1380 2460 ἀίω
1404 2429 1661 2470 Ioniaq11e,e1tra
1685 2440 1717 2459 ea
1739 2440 1787 2468 op-

373 2481 435 2512 quo
456 2471 522 2502 haec
545 2472 649 2503 omnia
671 2482 740 2502 cum
764 2471 886 2502 duabus
908 2472 1058 2503 Eumenis
1102 2473 1187 2513 pido]
1227 2473 1256 2503 Χ
1260 2473 1287 2503 el
1311 2473 1378 2513 lege
1402 2472 1524 2512 Lydiam
1543 2471 1722 2512 Ioniamque,
1739 2472 1786 2503 vel

373 2520 405 2545 et
442 2514 634 2545 Rhodiorum
678 2515 865 2545 orationibus
906 2515 1058 2563 exscripta
1101 2515 1238 2557 intellige
1255 2515 1360 2556 Lydioe
1378 2514 1524 2555 Iouioeqne
1539 2514 1662 2555 oppida.

372 2562 454 2588 sunt.
498 2557 574 2598 Ejus
602 2557 683 2587 enim
716 2557 781 2588 Ινεο
808 2562 879 2588 sunt
907 2558 1001 2588 verba
1026 2557 1057 2588 in
1144 2559 1185 2589 69
1220 2558 1349 2594 Cariam,
1387 2568 1448 2597 qum
1485 2557 1619 2597 Hydrela
1655 2558 1785 2597 appella-

373 2600 519 2641 Excerpt
523 2569 612 2640 J.Leg
628 2600 679 2630 25.
704 2613 759 2629 των
782 2600 892 2630 πόλεων
914 2613 970 2630 ‘rm
988 2601 1058 2630 Ἐλ-
1105 2601 1171 2642 tur]
1218 2601 1308 2632 Hanc
1337 2599 1461 2632 Cariam
1497 2600 1605 2641 probat
1635 2600 1787 2631 Cellarius

373 2641 522 2676 ληιίδων”’
506 2642 632 2681 onuph
651 2643 799 2682 Ἀττάλῳ
815 2643 1060 2685 movim-62³⁷,
1105 2643 1211 2674 urbem
1241 2653 1307 2674 esse
1343 2642 1497 2684 Phry-gire,
1526 2653 1586 2673 non
1623 2642 1788 2682 regionem.

373 2685 486 2720 ταύτας
504 2685 553 2716 τὶν
569 2685 654 2715 αὖα-ὂν
670 2685 786 2724 Εὖμίνιι
799 2688 902 2716 τιλιῖν.
1105 2687 1184 2716 Eum
1210 2685 1260 2716 adi
1283 2686 1304 2715 l.
1320 2686 1386 2715 III.
1408 2686 1521 2726 Geogr.
1539 2684 1696 2726 Antiquae,
1712 2696 1740 2717 c.
1757 2687 1787 2717 4.

413 2730 453 2759 67
477 2729 655 2769 Lycaoniam
682 2729 806 2769 omnem]
853 2729 921 2758 lloe
951 2727 1053 2759 decre·
1099 2728 1175 2759 Vid.
1192 2734 1222 2757 et.
1238 2729 1429 2762 Strabonem.
1446 2729 1466 2758 l.
1484 2729 1574 2759 xlv.
1590 2739 1620 2770 p.
1637 2729 1709 2760 650.

371 2777 435 2801 tum
466 2772 557 2802 valde
580 2772 742 2802 obscurum
768 2777 797 2801 et
825 2772 984 2801 confusum
1007 2776 1055 2800 est.
1141 2771 1181 2801 70
1217 2771 1287 2811 Regi
1328 2771 1450 2801 Fumeui
1470 2774 1556 2809 jussa
1586 2771 1669 2811 dari]
1715 2772 1783 2800 Vox

370 2814 409 2843 ol»
433 2813 586 2854 duplicem
612 2814 833 2846 accusativum.
857 2824 983 2854 quorum
1009 2813 1052 2842 al·
1088 2816 1174 2850 jussa
1212 2813 1260 2843 hic
1295 2813 1381 2844 vitiat
1427 2815 1593 2855 legitimam
1639 2813 1784 2845 orationis

369 2861 413 2886 ter
437 2857 519 2887 cadit
543 2857 572 2887 in
597 2857 722 2888 verbum
748 2859 824 2892 dari,
843 2857 917 2889 aller
942 2855 1053 2897 regitur
1099 2862 1290 2887 structuram.
