1947 3222
544 79 664 117 LIB.
694 80 848 118 XXXI.
893 81 1025 116 CAP.
1055 80 1202 118 XLVI.
1512 86 1555 119 41

150 187 331 228 civitatis
351 188 440 243 ejus
466 187 618 236 vicum,
641 196 822 228 tenuere.
855 187 952 228 inde
973 202 1122 243 quum,
1145 197 1339 243 superato
1370 204 1562 246 promon-
1577 201 1618 233 U.
1633 201 1756 231 C.552.

151 243 271 294 torio,
309 244 363 285 ad
402 243 491 299 ipsa
530 244 682 284 moenia
721 244 838 284 urbis
873 243 1153 300 circumagere
1189 243 1357 286 classem
1393 246 1561 298 vellent,
1574 244 1617 276 Α·
1630 244 1667 276 C·
1679 244 1755 274 ²⁰⁰·

150 315 260 340 saeva
294 309 433 342 coorta
472 307 732 355 tempestate,
769 315 899 356 prope
939 300 1081 342 obruti
1121 300 1336 351 fluctibus,
1373 302 1561 359 dispersi,

148 372 299 412 magna
323 372 373 397 ex
403 363 521 412 parte
550 357 710 397 amissis
741 357 1021 407 armamentis,
1051 358 1094 398 in
1126 366 1278 398 terram
1310 358 1561 413 effugerunt.

150 415 287 454 Omen
317 428 487 468 quoque
517 429 565 454 ea
594 413 802 455 maritima
831 422 1056 470 tempestas
1083 414 1137 455 ad
1162 429 1248 455 rem
1279 422 1391 455 terra
1419 430 1564 470 geren-

148 470 244 511 dam
284 470 380 510 fuit.
425 484 535 519 nam,
573 470 766 511 conlectis
801 471 843 511 in
886 486 1016 511 unum
1052 471 1243 521 navibus,
1280 472 1563 526 expositisque

148 526 289 582 copiis,
320 525 503 582 adgressi
536 527 697 577 urbem,
729 543 824 568 cum
855 527 999 568 multis
1029 527 1273 568 vulneribus
1302 527 1473 582 repulsi,
1503 528 1563 579 (et

148 591 234 624 erat
264 582 450 623 validum
481 583 538 624 ibi
570 583 731 639 regium
762 584 1024 639 praesidium)
1047 584 1166 625 irrito
1192 585 1359 640 incepto
1389 584 1563 639 regressi

150 641 466 681 Canastraeum⁰
504 640 692 682 Pallenes
729 642 938 697 trajecere.
989 641 1102 691 inde,
1144 649 1337 697 superato
1382 641 1564 682 Toronae

146 696 444 752 promontorio,
486 698 728 753 navigantes
775 698 1021 739 Acanthum
1070 697 1239 754 petiere.
1321 696 1389 738 Ibi
1428 697 1564 753 primo

147 768 246 808 ager
277 762 479 804 vastatus,
515 754 666 795 deinde
697 755 788 811 ipsa
822 756 923 796 urbs
958 755 999 795 vi
1034 765 1157 810 capta
1190 770 1238 795 ac
1272 753 1447 810 direpta.
1489 769 1564 795 nec

149 809 260 851 ultra
285 811 492 867 progressi
516 812 625 867 (jam
647 812 755 852 enim
779 820 819 853 et
840 827 988 867 graves
1014 811 1159 867 praeda
1185 827 1310 852 naves
1330 810 1561 865 habebant)

147 875 273 918 retro,
297 868 408 908 unde
435 876 647 918 venerant,
673 868 902 917 Sciathum,
925 876 966 909 et
987 869 1040 909 ab
1064 868 1232 908 Sciatho
1262 868 1472 909 Euboeam
1502 883 1564 908 re-

142 932 312 980 petunt.

206 982 374 1022 XLVI.
411 981 479 1023 Ibi
498 982 642 1023 relicta
671 981 813 1031 classe,
836 981 977 1022 decem
998 982 1176 1022 navibus
1197 980 1404 1037 expeditis
1425 981 1562 1022 sinum

150 1038 377 1079 Maliacum
408 1039 628 1089 intravere,
650 1038 705 1079 ad
736 1038 1072 1094 conloquendum
1105 1054 1200 1079 cum
1232 1036 1387 1078 AEtolis
1417 1037 1468 1078 de
1499 1053 1561 1078 ra·
1576 1048 1746 1090 Conloqui-

148 1095 258 1136 tione
278 1090 579 1150 gerendi'belli.
643 1095 903 1152 Sipyrrhicas
930 1095 1098 1137 AEtolus
1128 1096 1320 1152 princeps
1341 1093 1559 1150 legationis
1574 1102 1625 1121 um
1642 1092 1762 1123 AEtolo-

146 1153 238 1207 ejus
267 1151 514 1208 fuit,⁶2quae
540 1152 594 1193 ad
616 1152 959 1193 communicanda
988 1152 1158 1193 consilia
1185 1151 1432 1193 Heracleam
1463 1167 1558 1192 cum
1573 1145 1729 1208 ffffalcoufft

146 1223 242 1264 rege
264 1217 305 1250 et
325 1224 421 1250 eum
450 1210 641 1250 Romano
671 1209 808 1265 legato
836 1211 962 1251 venit.
1024 1210 1213 1251 Petitum
1245 1224 1296 1249 ex
1326 1208 1483 1249 foedere
1506 1209 1558 1250 ab
1572 1219 1735 1252 Romanis.

146 1265 296 1306 Attalo
320 1274 397 1315 est,
419 1274 468 1308 ut
495 1266 606 1307 mille
637 1267 789 1308 milites
817 1274 1047 1323 praestaret.
1079 1274 1245 1308 tantum
1277 1265 1385 1306 enim
1416 1281 1561 1306 nume-

134 1337 239 1363 >rum
274 1323 432 1364 bellurn
463 1323 705 1379 gerentibus
735 1324 934 1365 adversus
970 1324 1218 1380 Philippum
1254 1323 1444 1364 debebat.
1509 1322 1561 1363 Id

145 1388 344 1435 negatum
367 1380 546 1422 AEtolis:
581 1381 694 1435 quod
716 1380 775 1421 illi
804 1396 974 1437 quoque
1002 1382 1166 1437 gravati
1198 1380 1314 1437 prius
1345 1389 1480 1421 essent
1509 1380 1564 1420 ad

146 1436 430 1492 populandam
483 1435 775 1478 Macedoniam
826 1438 952 1488 exire,
996 1454 1079 1492 quo
1120 1446 1322 1494 tempore,
1366 1437 1563 1492 Philippo

147 1493 256 1534 circa
286 1495 539 1549 Pergamum
574 1503 720 1535 urente
752 1510 864 1535 sacra
894 1495 1169 1550 profanaque,
1199 1493 1437 1535 abstrahere
1467 1509 1564 1534 eum

146 1549 243 1590 inde
265 1549 495 1606 63respectu
525 1566 665 1591 rerum
697 1566 865 1591 suarum
896 1552 1141 1606 potuissent.
1206 1552 1274 1591 Ita
1303 1550 1439 1591 AEtoli
1468 1566 1563 1591 cum

149 1621 220 1662 spe
251 1607 396 1663 magis,
421 1607 621 1648 Romanis
641 1607 778 1648 omnia
805 1607 1114 1663 pollicentibus,
1136 1623 1264 1663 quam
1289 1623 1384 1649 cum
1405 1607 1563 1648 auxilio

149 1663 319 1704 dimissi.
381 1664 592 1719 Apustius
631 1679 726 1704 cum
766 1663 918 1705 Attalo
952 1664 1006 1705 ad
1047 1664 1225 1719 classem(
1256 1664 1392 1706 rediit.
1457 1664 1562 1705 Inde

147 1719 373 1761 consultari
394 1720 446 1760 de
468 1722 577 1762 Oreo
607 1721 891 1776 obpugnando
921 1729 1119 1777 coeptum.
1181 1721 1331 1761 Valida
1351 1737 1399 1762 ea
1418 1720 1564 1762 civitas

147 1783 188 1817 et
205 1777 427 1827 moenibus,
445 1785 500 1828 et,
519 1778 620 1832 quia
636 1786 730 1818 ante
751 1777 888 1818 fuerat
912 1785 1085 1828 tentata,
1104 1778 1224 1819 firmo
1244 1787 1332 1819 erat
1353 1777 1561 1834 praesidio.

150 1834 466 1889 Conjunxerant
497 1850 538 1875 se
571 1835 621 1874 iis
653 1842 746 1890 post
778 1835 1131 1891 expugnationem
1163 1834 1302 1875 Andri
1334 1851 1428 1875 cum
1459 1850 1565 1892 prae-

150 1890 260 1931 fecto
300 1891 599 1947 Agesimbroto
648 1891 798 1947 viginti
841 1892 1021 1933 Rhodiae
1068 1907 1207 1942 naves,
1249 1899 1371 1933 tectae
1411 1907 1563 1933 omnes.

151 1962 240 1988 eam
271 1948 440 1988 classem
461 1948 503 1988 in
525 1948 743 1989 stationem
765 1948 857 1990 6“ad
879 1949 1090 1990 Zelasium
1112 1949 1329 1999 miserunt,
1355 1949 1567 2000 (Isthmiae

150 2003 196 2045 id
217 2019 342 2060 super
362 2005 672 2046 Demetriadem
703 2005 1034 2061 promontorium
1065 2014 1127 2047 est
1157 2014 1468 2061 peropportune
1496 2006 1567 2047 ob-

144 2061 326 2116 jectum)
364 2070 427 2112 ut,
460 2062 493 2102 si
524 2062 624 2117 quid
657 2062 752 2103 inde
781 2071 996 2104 moverent
1032 2062 1316 2104 Macedonum
1347 2078 1487 2113 naves,
1523 2062 1564 2104 in

150 2117 345 2173 praesidio
381 2128 526 2160 essent.
594 2120 839 2161 Heraclides
869 2120 1095 2176 praefectus
1125 2120 1266 2175 regius
1303 2119 1472 2160 classem
1508 2120 1565 2160 ibi

150 2175 333 2225 tenebat,
366 2175 498 2231 magis
532 2191 607 2231 per
642 2177 911 2227 occasionem,
949 2177 980 2218 si
1015 2192 1141 2232 quam
1174 2176 1438 2232 neglegentia
1472 2177 1566 2217 hos-

150 2230 255 2272 tium
286 2232 481 2281 dedisset,
504 2248 629 2288 quam
661 2229 806 2289 a'perta
825 2234 866 2274 vi
888 2234 1122 2290 quidquam
1150 2249 1342 2275 ausurus.
1405 2235 1561 2274 Oreum
1577 2247 1697 2277 Oreum
1712 2247 1765 2277 ob-

1573 2295 1755 2331 pugnatum.

637 2325 652 2341 ⁰
670 2323 845 2352 Cantasti-um
861 2324 960 2355 Gron.
978 2324 1070 2355 Crev.

196 2407 237 2437 62
273 2408 343 2441 (22¹1ae
378 2411 417 2439 ad
450 2410 705 2450 communicanda]
751 2408 836 2440 Libri
879 2415 926 2440 est
949 2407 1188 2451 promontorium
1217 2407 1358 2437 Euboeae.
1403 2405 1502 2435 Istioea
1532 2411 1562 2435 et

152 2448 269 2480 habent
282 2453 342 2491 qui.
386 2453 526 2483 Mutavit
540 2453 724 2484 Gronovius„

195 2493 267 2524 63*
282 2494 419 2533 Respectu.
455 2506 554 2526 rerum
589 2497 727 2537 suarum]
774 2496 835 2527 Co-

154 2535 256 2575 gendo
277 2546 347 2567 eum
370 2538 517 2579 respicere
539 2544 570 2570 et
594 2539 703 2570 reverti
726 2539 766 2569 ad
788 2549 835 2569 res

151 2587 222 2608 suas
235 2579 392 2612 tutandas,

194 2621 235 2651 64
267 2624 315 2653 Ad
352 2624 496 2655 Zelasium
523 2647 531 2655 .
556 2648 564 2655 .
589 2648 596 2653 .
621 2625 766 2666 (Isthmiae
803 2628 833 2656 id

151 2673 237 2702 super
280 2665 511 2709 Demetriadem]
557 2669 712 2703 Zelasium,
754 2668 832 2699 Isth-

152 2707 212 2735 mia
250 2707 360 2740 fictitia.
399 2715 472 2741 sunt
509 2710 644 2742 nomina.
699 2711 833 2752 Conjicit

155 2748 348 2781 Gronovius:
392 2755 431 2783 ad
469 2754 643 2784 Phalasiam
680 2756 832 2790 miserunt,

154 2789 270 2826 Isrioeae,
302 2794 366 2825 sive
402 2795 570 2827 Istioeotidos
605 2808 691 2836 super
728 2797 831 2827 Deme-

152 2835 273 2864 triadem
314 2840 539 2874 promontorium
584 2846 633 2870 εει.
693 2839 832 2871 Ρῆαίαεὶα

881 2453 989 2483 Oreum
1013 2452 1074 2483 duo
1097 2451 1219 2482 diversa
1240 2450 1366 2481 nomina
1387 2453 1458 2479 sunt
1480 2448 1561 2489 ejus-

879 2495 950 2526 dem
974 2496 1068 2531 urbis,
1091 2495 1142 2525 vel
1167 2498 1249 2524 certe
1273 2493 1404 2523 duarum
1427 2491 1559 2525 urbium,

879 2549 948 2580 quae
976 2539 1008 2569 in
1032 2548 1125 2568 unam
1154 2535 1333 2568 coaluerint.
1377 2535 1489 2581 Itaque
1517 2534 1560 2563 Is-

878 2584 977 2613 taceatis
990 2582 1047 2613 erit
1067 2581 1150 2622 regio
1173 2579 1213 2610 ad
1237 2578 1386 2613 Istiaeam,
1402 2587 1464 2606 Slve
1482 2576 1560 2606 Ore-

877 2637 941 2661 um,
985 2624 1151 2668 pertinens.
1206 2624 1305 2661 Super
1347 2620 1561 2650 Demetriadem

877 2674 923 2700 est
937 2679 955 2700 e
969 2668 1094 2710 regione
1109 2664 1321 2699 Demetriadis
1343 2663 1375 2693 in
1394 2661 1456 2692 alto
1472 2661 1560 2692 mari.

877 2712 956 2743 Haec
994 2712 1057 2742 fere
1095 2707 1278 2740 Gronovius.
1337 2704 1400 2735 Adi
1437 2713 1559 2745 quoquc

877 2754 1006 2787 Cellarii
1023 2751 1251 2794 Geographiam
1269 2748 1428 2788 antiquam
1447 2747 1478 2778 in
1495 2747 1560 2777 Eu·-

876 2798 959 2829 boea.
