1947 3222
368 95 445 128 410
875 89 940 127 Tl
955 89 988 128 T
1004 89 1021 127 1
1067 89 1102 126 L
1115 89 1132 127 Ι
1146 89 1178 126 V
1193 89 1210 127 1
1226 90 1244 126 l

370 198 504 241 ⁵⁴tum
519 199 714 256 privatim
733 213 903 240 suorum
919 198 1100 255 quisque
1113 198 1260 249 vicem,
1276 214 1328 241 ne
1340 198 1438 255 quis
1452 195 1600 238 adfinis
1615 196 1653 238 ei
1667 209 1789 239 noxae
1839 249 1842 254 λ

369 264 490 298 esset.
539 256 712 298 Censuit
733 264 874 297 autem
895 264 1077 303 senatuS‚
1098 254 1254 310 gratias
1274 254 1433 297 consuli
1453 253 1650 309 agendas,
1672 254 1789 309 quod
1828 251 1840 279 t

371 329 462 355 eam
482 328 571 355 rem
591 322 633 355 et
653 329 749 354 cum
771 311 973 369 singulari
1001 327 1116 362 cura,
1135 321 1179 353 et
1200 312 1286 354 sine
1307 313 1393 354 ullo
1414 310 1602 354 tumultu
1622 310 1791 352 investi-

371 379 521 427 gasset.
565 371 846 421 Quaestionem
867 367 1018 410 deinde
1039 368 1092 408 de
1114 369 1445 411 Bacchanalibus
1466 367 1674 423 sacrisque
1694 382 1790 417 noc-

373 427 508 470 turnis
527 439 648 469 extra
673 426 862 469 ordinem
889 424 1130 467 consulibus
1149 426 1372 467 mandant:
1404 425 1627 475 indicibus,
1651 423 1790 466 AEbu-

371 484 432 527 tio
451 500 499 526 ac
520 484 724 533 Feceniae,
746 498 798 524 ne
817 481 958 524 fraudi
979 496 1028 522 ea
1055 496 1121 522 res
1141 481 1209 532 sit,
1231 498 1390 533 curare,
1411 482 1490 524 ⁵⁵et
1512 481 1613 522 alios
1633 481 1790 523 indices

371 541 574 598 praemiis‘
608 540 782 581 invitare
811 539 979 596 jubent.
1021 538 1254 579 sacerdotes
1283 555 1426 580 eorum
1462 554 1688 589 sacrorum,
1720 553 1793 579 seu

371 598 451 640 viri
473 614 543 640 seu
565 597 732 638 feminae
753 604 904 646 essent,
921 610 1003 636 non
1026 595 1175 636 Romae
1196 595 1336 646 modo,
1354 596 1426 637 sed
1446 609 1520 652 per
1540 595 1680 636 omnia
1698 595 1794 644 fora,

371 664 412 697 et
443 653 720 698 conciliabula
754 652 960 709 conquiri,
993 660 1042 693 ut
1073 652 1117 692 in
1147 653 1365 696 consulum
1399 661 1606 708 potestate
1640 659 1787 693 essent.

369 712 477 754 edici
506 719 710 768 praeterea
739 710 779 751 in
812 710 917 751 urbe
948 710 1100 759 Roma,
1122 718 1164 751 et
1187 724 1262 766 per
1293 718 1425 751 totam
1457 708 1623 750 Italiam
1652 709 1791 750 edicta

369 768 495 819 mitti,
513 768 581 809 Ne
600 769 703 823 quis,
720 768 791 822 qui
811 767 986 808 Bacchis
1007 767 1196 807 initiatus
1210 773 1322 817 esset,
1341 769 1462 808 coisse
1476 772 1548 806 aut
1566 767 1792 806 convenisse

368 840 510 867 caussa
529 840 734 868 sacrorum
758 825 867 872 velit,
890 839 968 865 neu
987 825 1088 878 quid
1107 825 1205 865 talis
1224 825 1284 865 rei
1304 825 1456 865 divina>
1464 823 1627 879 fecisse.
1654 822 1791 864 ⁵⁶ante

370 882 522 934 omnia,
544 892 595 925 ut
618 883 799 939 quaestio
829 882 881 924 de
910 881 976 923 his
1004 881 1225 932 habeatur,
1247 881 1322 938 qui
1342 881 1530 931 coierint,
1551 880 1794 936 conjurave-

370 939 542 991 rintve⁵,
563 956 651 996 quo
673 948 868 996 stuprum
897 938 1159 994 flagitiumve
1187 939 1426 980 inferretur.
1487 938 1596 978 Haec
1623 945 1792 978 senatus

370 997 567 1038 decrevit.
620 996 823 1038 Consules
843 996 1036 1038 aedilibus
1057 995 1276 1037 curulibus
1296 996 1570 1052 imperarunt,
1592 1002 1640 1035 ut
1662 1008 1793 1034 sacer-

369 1053 489 1096 dotes
509 1054 601 1110 ejus
621 1054 725 1095 sacri
745 1069 888 1094 omnes
908 1052 1217 1109 conquirerent,
1239 1052 1640 1109 comprehensosque
1660 1050 1796 1099 libero

368 1110 554 1152 conclavi
583 1111 638 1152 ad
668 1111 943 1166 quaestionem
978 1118 1216 1156 servarent;
1258 1109 1439 1151 ⁵7aediles
1471 1109 1606 1166 plebis
1634 1107 1791 1157 videre,

368 1183 420 1208 ne
435 1183 522 1224 qua
537 1183 653 1208 sacra
672 1167 714 1208 in
735 1175 882 1223 operto
897 1167 1057 1208 fierent.
1097 1165 1131 1190 ⁵⁸
1141 1166 1394 1207 Triumviris
1411 1165 1662 1223 capitalibus
1677 1179 1791 1205 man-

368 1224 516 1267 datum
537 1232 615 1275 est,
639 1233 688 1266 ut
708 1224 871 1280 vigilias
892 1223 1160 1279 disponerent
1189 1238 1264 1279 per
1294 1224 1456 1274 urbem,
1479 1230 1790 1277 servarentque,

368 1297 421 1323 ne
451 1282 526 1337 qui
557 1281 751 1323 nocturni
782 1289 917 1322 coetus
947 1282 1119 1328 fierent;
1153 1292 1287 1336 utque
1317 1281 1371 1321 ab
1400 1279 1601 1321 incendiis
1630 1293 1792 1320 cavere-

370 1346 455 1389 tur,
476 1338 732 1395 ⁵⁹adjutores
763 1337 993 1379 triumviris
1022 1336 1291 1393 quinqueviri
1317 1337 1381 1379 uti
1401 1337 1460 1378 cis
1483 1336 1673 1378 Tiberim
1704 1350 1791 1376 suae

369 1396 549 1451 quisque
569 1396 750 1451 regionis
772 1394 957 1436 aedificiis
978 1402 1213 1450 praeessent.

430 1452 532 1493 XV.
563 1453 637 1493 Ad
668 1453 757 1493 haec
791 1451 927 1493 officia
956 1451 1135 1492 dimissis
1170 1451 1500 1508 magistratibus,
1531 1449 1719 1492 consules
1747 1449 1792 1490 in

371 1509 528 1551 Rostra
566 1509 868 1557 escenderunt;
915 1517 973 1559 et,
1009 1509 1205 1550 concione
1245 1509 1461 1559 advocata,
1499 1523 1633 1564 quum
1668 1506 1702 1531 ⁶⁰
1715 1506 1794 1548 sol-

443 1586 456 1603 ¹⁵
470 1588 497 1613 et
513 1583 585 1613 alios
600 1583 710 1613 illicere
723 1593 760 1613 ac
773 1583 902 1622 praemiis
918 1581 1012 1612 CreV.

153 211 198 244 U.
209 210 248 242 C.
261 210 337 242 566.

153 254 196 286 Λ.
210 253 249 285 C.
264 254 338 286 186.

157 379 297 419 Quaestio
311 379 351 412 de

153 423 360 455 Bacchanali-

151 466 211 497 bus
228 467 318 498 Coss.

150 510 324 541 mandatur.

1098 1585 1110 1602 ⁸
1123 1584 1244 1613 co'issent
1260 1584 1490 1622 conjuras-sentire
1506 1581 1603 1613 Grou.
1619 1581 1714 1612 Crev-

411 1642 452 1672 54
493 1641 568 1671 Tum
609 1642 749 1680 privatim
784 1651 903 1670 suornm
936 1641 1058 1680 quisque
1371 1639 1527 1682 conferret.
1571 1640 1613 1670 Et
1638 1639 1712 1671 alibi
1733 1649 1792 1670 533-

1102 1652 1229 1681 numque
1253 1662 1260 1670 ι
1284 1663 1292 1672 .
1314 1663 1322 1672 ι
1341 1663 1348 1672 0

371 1684 477 1725 vicem]
513 1684 641 1726 Supple,
662 1689 798 1715 metuere
822 1683 928 1725 coepit.
970 1682 1060 1713 Alio-

370 1726 446 1768 quin
462 1727 583 1757 nullum
599 1732 679 1757 esset
700 1727 841 1762 verbum,
858 1726 898 1757 ad
915 1725 997 1767 quod
1014 1736 1061 1756 re-

370 1769 498 1801 ferretur
513 1770 548 1801 τὸ
562 1772 690 1811 quisque.
736 1770 797 1800 Vel
821 1770 890 1810 lege
912 1780 1061 1809 quemque,

369 1818 405 1842 ut
430 1818 552 1854 regatur
581 1813 620 1844 ab
647 1823 683 1843 eo
711 1812 794 1854 quod
817 1811 982 1853 praecessit,
1005 1822 1058 1850 pa-

369 1867 421 1886 vor
437 1877 445 1885 .
462 1878 470 1887 .
487 1877 496 1886 .
513 1857 598 1895 cepit.

413 1898 454 1929 55
480 1899 520 1929 Et
543 1900 614 1929 alios
638 1898 748 1929 illicere
774 1908 808 1928 ac
832 1899 962 1937 proemiis
985 1898 1060 1927 invi-

371 1942 450 1983 tare]
497 1941 547 1973 Sic
574 1941 689 1973 habere
719 1941 816 1971 MSS.
841 1951 911 1972 suos
933 1946 964 1971 et
986 1945 1062 1971 vett.

371 1984 470 2015 editos
499 1990 630 2016 testatur
660 1984 844 2015 Gronovius.
897 1983 1062 2015 Consentit

372 2033 475 2059 noster
503 2027 589 2059 Vict.
626 2027 684 2059 nisi
713 2027 796 2068 quod
832 2032 916 2058 caret
947 2028 988 2067 τῷ
1017 2037 1061 2057 ac.

372 2071 478 2112 Vulgo
498 2077 524 2101 et
543 2072 613 2101 alios
640 2072 748 2101 indices
772 2072 903 2110 proemiis
925 2071 1062 2100 invitare.

373 2113 435 2143 Sed
446 2125 506 2144 vox
524 2115 631 2145 indices
653 2113 744 2144 facile
756 2124 793 2145 ex
809 2112 846 2143 iis
860 2124 931 2155 quae
947 2122 1063 2155 praece-

372 2155 452 2187 dunt
467 2156 602 2198 suppleri
618 2162 729 2198 potest.

416 2199 459 2230 56
486 2202 568 2229 Ante
603 2201 710 2234 onmia,
743 2205 778 2229 nt
803 2199 937 2239 qna'm'o]
984 2198 1064 2229 Hoec

375 2242 468 2273 verba
500 2247 571 2272 sunt
598 2242 866 2277 senatusconsulti,
891 2252 951 2272 non
979 2241 1064 2272 edic-

375 2284 417 2315 ti:
450 2290 544 2326 atque
575 2285 652 2316 adeo
683 2285 801 2315 diverso
829 2285 994 2316 formarum
1017 2290 1064 2326 ty-

373 2327 632 2369 pographicarum
662 2328 850 2363 charactere,
881 2327 963 2368 quod
991 2326 1063 2358 feci-

375 2380 454 2405 muS,
468 2370 600 2402 edenda.
636 2372 703 2402 Nec
720 2370 873 2401 offendere
890 2371 983 2402 debet
997 2380 1064 2401 ora-

377 2413 469 2444 tionis
500 2413 656 2445 struendae
686 2413 826 2448 mutatio,
853 2413 936 2454 quod
965 2419 1067 2444 cetera

377 2457 634 2487 senatusconsulti
663 2457 767 2499 capita
793 2468 846 2498 per
873 2457 991 2497 infinita
1021 2456 1065 2487 es-

379 2499 527 2533 seruntur,
544 2499 601 2530 hoc
618 2510 671 2541 per
688 2499 871 2541 particulam
887 2507 931 2530 nt.
977 2499 1065 2530 Nihil

379 2542 462 2573 enim
491 2541 627 2573 crebrius
665 2543 747 2584 apud
778 2542 910 2573 Livium.
964 2542 1014 2573 Sic
1044 2542 1065 2572 Ι.

382 2585 520 2616 XXXV.
557 2595 584 2615 c.
619 2587 650 2616 5.
696 2585 814 2625 Equites
848 2595 949 2614 earum
984 2591 1065 2616 extra

381 2630 473 2659 aciem
497 2650 506 2659 .
533 2650 543 2659 .
572 2649 580 2658 .
602 2648 611 2657 .
639 2629 767 2658 tribunos
792 2628 917 2657 militum
945 2628 1067 2658 educere

373 2672 477 2710 jussit.
522 2671 595 2702 Inde
609 2692 617 2700 .
635 2693 643 2701 .
658 2672 797 2711 impetum
819 2681 849 2700 ar
866 2670 1064 2711 aper-rosewe-

381 2721 459 2744 rent.
476 2715 511 2744 L.
530 2714 568 2745 X.
583 2723 612 2744 c.
636 2714 688 2745 43.
718 2713 862 2755 Legatum
876 2724 943 2743 cum
957 2713 1067 2755 legione

382 2759 477 2795 prima
499 2778 507 2786 .
533 2779 540 2787 .
564 2779 572 2788 .
600 2758 642 2788 ire
664 2758 799 2787 adversus
819 2757 979 2787 subsidium
1006 2756 1065 2786 hm-

385 2801 458 2829 !a'um
477 2801 588 2838 jussit:
624 2811 792 2840 quacunque
817 2801 850 2829 in
880 2801 939 2829 tneo
955 2798 1067 2840 sitisset

384 2844 491 2877 obrius.
527 2842 667 2874 obsistat-t
711 2855 746 2874 ac
789 2848 964 2877 moraretur,
1008 2854 1066 2873 mu-

1126 1694 1239 1714 issime.

1103 1695 1124 1726 p
1147 1728 1187 1758 57
1213 1727 1324 1756 AEdiles
1347 1727 1436 1765 plebis
1458 1726 1569 1767 ridere]
1609 1725 1726 1769 Supple
1750 1735 1789 1756 ex

1105 1779 1210 1804 sensu,
1223 1769 1302 1808 jussi
1316 1774 1399 1799 sunt.

1148 1813 1188 1843 58
1200 1813 1216 1829 “
1231 1812 1404 1842 Triwnriris
1461 1811 1650 1853 capitalibus]

1106 1860 1168 1885 not.
1182 1857 1212 1886 5.
1230 1855 1269 1885 ad
1287 1855 1392 1886 XXV.
1415 1856 1441 1884 l.

1148 1900 1188 1929 59
1220 1899 1376 1937 Adiutores
1411 1899 1574 1928 triumviris
1607 1898 1793 1938 quinqueviri

1105 1942 1151 1971 uti
1179 1943 1219 1972 cis
1251 1941 1390 1982 Tiberim]
1436 1942 1592 1981 Adjutores
1627 1941 1790 1971 triumviris

1105 1984 1187 2014 idem
1210 1984 1302 2026 plane
1324 1990 1381 2021 est,
1406 1989 1502 2025 atque
1523 1985 1662 2023 acijnturi
1683 1985 1791 2014 trium·

1103 2029 1189 2063 viros,
1229 2027 1290 2063 vel,
1327 2034 1362 2058 ut
1395 2028 1574 2067 adjuvarent
1613 2028 1792 2058 triumviros.

1107 2069 1201 2107 Quod
1225 2070 1350 2112 quidem
1377 2081 1440 2101 non
1468 2071 1710 2106 observaremus,
1733 2069 1792 2100 nisi

1108 2112 1300 2144 doctissimos
1329 2113 1407 2144 viros
1434 2113 1502 2144 haec
1530 2112 1644 2144 locutio
1673 2117 1792 2143 morata

1107 2163 1199 2193 esset,
1228 2156 1281 2198 qui
1309 2162 1340 2187 et
1366 2157 1457 2187 inseri
1493 2155 1656 2187 voluerunt
1685 2164 1790 2186 vocem

1107 2201 1181 2235 dati,
1205 2199 1270 2230 sine
1295 2200 1360 2230 ulla
1387 2199 1581 2231 necessitate.
1625 2197 1688 2230 Sed
1713 2207 1792 2239 prm·-

1107 2249 1189 2274 terea
1210 2242 1245 2274 «τὸ
1271 2245 1317 2273 uti
1338 2243 1381 2274 sic
1403 2243 1535 2285 positum
1558 2240 1647 2273 nobis
1666 2250 1793 2283 suspec-

1109 2291 1174 2316 tum
1190 2292 1246 2317 est.
1270 2286 1389 2317 Victor.
1405 2286 1482 2317 liber
1499 2284 1591 2316 etiam
1614 2283 1736 2326 praefert
1758 2290 1792 2314 ut

1108 2329 1148 2359 hi.
1194 2329 1376 2370 Legendum
1399 2335 1544 2371 putamus
1565 2328 1611 2357 uls
1633 2333 1660 2357 et
1679 2328 1718 2358 cis
1738 2326 1792 2356 Τι’-

1108 2373 1207 2402 berim.
1254 2371 1385 2413 Antiqui
1408 2371 1556 2402 (licebant
1570 2370 1615 2400 uls
1628 2380 1682 2410 pro
1698 2370 1792 2405 ultra,

1109 2420 1186 2446 teste
1204 2414 1305 2445 Festo.
1334 2416 1376 2445 Et
1389 2414 1498 2448 Varro,
1515 2413 1536 2444 l.
1554 2413 1614 2443 IV.
1630 2412 1669 2444 de
1684 2412 1793 2455 lingua

1112 2458 1180 2488 Lat.
1210 2457 1298 2494 dixit,
1328 2457 1420 2500 plane
1447 2455 1601 2497 quomodo
1627 2455 1676 2487 hic
1704 2455 1793 2487 volu-

1109 2511 1187 2535 mus.
1204 2507 1230 2531 et
1252 2501 1298 2531 uls
1319 2508 1346 2530 et
1367 2501 1407 2530 cis
1432 2499 1574 2530 Tiberim:
1601 2504 1635 2529 ut
1657 2499 1724 2529 haec
1747 2497 1792 2529 lo-

1109 2543 1224 2584 quendi
1256 2542 1354 2574 forma
1388 2541 1530 2573 videatur
1557 2541 1672 2573 usitata.
1699 2539 1793 2573 fuisse

1109 2585 1141 2616 in
1165 2585 1311 2621 formulis,
1335 2595 1371 2616 ae
1389 2595 1442 2626 per
1465 2595 1534 2616 eam
1557 2595 1683 2617 causam
1701 2584 1751 2616 hic
1775 2594 1794 2615 a

1110 2629 1197 2660 Livio
1210 2639 1275 2660 ωε
1289 2634 1447 2670 usurpata.

1152 2672 1193 2702 60
1216 2672 1337 2702 Soletum
1357 2682 1474 2701 carmen
1494 2671 1682 2712 precationis]
1719 2670 1796 2712 Ejus

1109 2714 1254 2745 carminis
1289 2714 1477 2745 mentionem
1513 2714 1598 2748 facit,
1625 2719 1656 2745 et
1688 2723 1726 2744 ex
1756 2723 1794 2745 eo

1111 2757 1216 2797 aliqua
1251 2756 1395 2788 describit
1428 2757 1550 2789 Tullius
1583 2756 1613 2788 in
1646 2755 1742 2798 princi
1767 2755 1797 2786 io

1109 2799 1255 2831 orationis
1276 2811 1330 2841 pro
1351 2801 1508 2831 Muraena.
1551 2800 1589 2830 In
1604 2810 1641 2831 eo
1655 2797 1746 2841 appel
1761 2808 1794 2829 a·

1112 2848 1157 2874 tos
1172 2853 1237 2875 csse
1261 2843 1329 2876 illos
1351 2843 1435 2881 dem,
1451 2843 1503 2885 qui
1523 2842 1659 2874 maxime
1676 2843 1715 2873 ab
1730 2841 1794 2873 Ro-

1713 1809 1790 1842 Vid.
