1947 3222
525 79 642 118 LlB.
674 76 865 116 XXXVI.
905 78 1037 115 CAP.
1067 78 1220 115 XXXI.
1496 79 1570 118 ι263

161 186 236 239 qui
257 186 299 227 in
321 195 460 229 tutum
488 202 582 229 eum
612 193 979 243 prosequerentur,
1003 186 1221 241 Hypatam
1250 188 1459 230 Nicander
1479 203 1573 229 con·
1587 198 1677 229 U.C.
1691 199 1764 230 561.

161 241 415 285 saltantibus
435 244 486 285 de
507 259 607 300 pace
629 244 820 284 Romana
841 242 1092 298 supervenit.
1585 242 1628 273 A·
1642 241 1681 273 C·
1694 242 1763 273 191.

221 299 381 341 XXX.
415 300 489 341 Μ’.
527 300 706 350 Acilius,
747 299 931 349 vendita,
972 307 1047 340 aut
1086 313 1276 339 concessa
1310 300 1431 342 militi
1467 302 1574 344 circa

162 355 408 398 Heracleam
428 356 586 413 praeda,
607 365 831 413 postquam
852 372 926 397 nec
949 356 1136 411 Hypatae
1161 364 1310 411 pacata
1329 371 1414 397 esse
1444 360 1575 400 consi-

163 411 232 462 lia,
253 422 294 455 et
316 415 585 470 Naupactum
615 414 871 454 concurrisse
899 412 1083 462 AEtolos,
1105 420 1154 454 ut
1174 411 1270 453 inde
1291 420 1428 453 totum
1460 414 1576 470 inpe-

162 476 253 510 tum
282 470 380 511 belli
410 471 676 520 sustinerent,
697 470 887 517 audivit;
921 469 1136 526 praemisso
1171 471 1249 524 Ap.
1274 468 1453 510 Claudio
1479 486 1574 512 cum

161 534 345 580 quatuor
374 527 561 568 millibus
580 527 763 568 militum
795 527 847 567 ad
869 526 1113 583 occupanda
1137 526 1257 581 juga,
1280 541 1365 581 qua
1391 525 1577 568 difficiles

162 582 359 624 transitus
389 584 595 626 montium
616 593 748 633 erant,
770 584 858 639 ipse
881 585 1030 625 Oetam
1061 582 1291 633 adscendit,
1315 583 1576 639 Herculique

160 639 406 681 sacrificium
423 640 523 682 fecit
550 640 593 681 in
623 657 671 682 eo
702 641 806 691 loco,
830 656 956 696 quem
986 642 1156 696 Pyram,
1178 640 1294 695 quod
1313 639 1373 681 ibi
1402 641 1576 681 mortale

160 709 312 751 corpus
332 698 423 754 ejus
451 698 533 738 Dei
555 698 607 740 sit
628 706 872 747 crematum,
894 697 1120 752 adpellant.
1150 697 1248 737 inde
1276 704 1365 737 toto
1389 698 1576 738 exercitu

159 752 373 806 profectus
399 754 610 810 reliquum
631 755 710 796 iter
732 754 829 796 satis
858 754 1057 810 expedito
1083 753 1247 809 agmine
1267 753 1379 794 fecit.
1440 755 1503 795 Ut
1523 754 1578 795 ad

167 809 366 851 Coracem
396 819 457 852 est
490 820 676 861 ventum,
701 811 838 863 (mons
867 819 929 851 est
959 810 1185 864 altissimus
1215 810 1323 851 inter
1356 810 1578 867 Callipolin

161 875 202 906 et
219 866 510 923 Naupactum)
533 868 591 909 ibi
612 876 654 909 et
669 869 862 924 jumenta
881 867 1016 909 multa
1042 883 1094 908 ex
1124 866 1287 922 agmine
1317 868 1580 923 praecipitata

164 937 262 963 cum
281 923 383 979 ipsis
412 925 608 966 oneribus
629 933 742 974 sunt,
764 933 806 965 et
835 924 1022 965 homines
1049 923 1202 964 vexati.
1263 924 1346 964 Etu
1367 924 1487 965 facile
1508 924 1581 965 ad-

163 980 352 1034 parebat,
370 997 497 1036 quam
518 997 613 1022 cum
634 981 756 1022 inerti
776 981 895 1023 hoste
916 996 980 1021 res
1001 988 1122 1030 esset,
1139 980 1214 1035 qui
1237 988 1322 1021 tam
1343 979 1579 1036 inpeditum

164 1034 317 1077 saltum
351 1038 468 1079 nullo
501 1038 713 1094 praesidio,
747 1046 795 1079 ut
828 1037 1041 1078 clauderet
1073 1037 1312 1086 transitum,
1348 1037 1578 1079 insedisset.

162 1091 321 1134 ⁹⁰Tum
351 1110 523 1150 quoque
552 1102 704 1136 vexato
734 1094 936 1143 exercitu,
957 1093 1009 1134 ad
1040 1094 1309 1148 Naupactum
1338 1093 1769 1136 descendittcos.Nau-

164 1157 222 1198 et,
244 1165 328 1191 uno
348 1151 516 1193 castello
545 1151 746 1193 adversus
766 1166 902 1191 arcem
929 1150 1080 1206 posito,
1102 1158 1258 1191 ceteras
1288 1158 1427 1206 partes
1448 1151 1578 1202 urbis,
1591 1155 1717 1195 pactum
1729 1148 1783 1179 ⁰¹²*

165 1205 309 1247 divisis
348 1209 478 1264 copiis
517 1223 594 1264 pro
635 1209 719 1249 situ
754 1208 970 1256 moenium,
1007 1206 1286 1248 circumsedit.
1328 1222 1402 1248 nec
1443 1191 1681 1249 minusmdet.

162 1263 301 1319 operis
322 1264 559 1321 laborisque
581 1281 629 1306 ea
647 1264 922 1320 obpugnatio,
945 1279 1073 1320 quam
1096 1264 1328 1315 Heracleae,
1346 1264 1507 1305 habuit.

223 1321 412 1362 XXXI.
445 1322 608 1363 Eodem
639 1331 825 1377 tempore
855 1329 897 1362 et
929 1322 1121 1362 Messene
1152 1320 1193 1361 in
1216 1321 1503 1377 Peloponneso
1528 1322 1581 1363 ab

164 1377 349 1429 Achaeis,
372 1379 489 1434 quod
511 1378 673 1420 concilii
694 1393 838 1419 eorum
859 1386 1066 1419 recusaret
1089 1393 1190 1427 esse,
1211 1378 1447 1433 obpugnari
1472 1394 1583 1435 coep-

166 1442 211 1474 ta
230 1443 305 1476 est.
366 1435 538 1477 Etenim
559 1436 656 1477 duae
677 1434 882 1484 civitates,
905 1434 1099 1476 Messene
1119 1443 1161 1476 et
1182 1434 1288 1485 Elis,
1310 1443 1430 1476 extra
1450 1436 1584 1476 conci-

166 1489 271 1531 lium
297 1491 526 1533 Achaicum
546 1500 687 1533 erant:
721 1506 817 1532 cum
838 1490 995 1533 AEtolis
1012 1490 1255 1533 sentiebant.
1317 1491 1411 1532 Elei
1429 1500 1582 1542 tamen,

166 1555 262 1602 post
291 1548 487 1604 fugatum
509 1565 560 1590 ex
584 1548 749 1590 Graecia
770 1548 1044 1597 Antiochum,
1065 1547 1213 1603 legatis
1242 1548 1499 1589 Achaeorum
1530 1548 1585 1589 le-

166 1604 262 1645 nius
296 1605 621 1662 responderant3
668 1607 830 1647 dimisso
858 1606 1059 1658 praesidio
1091 1606 1229 1661 regiO,
1250 1606 1496 1660 cogitaturos
1529 1620 1583 1654 se,

167 1661 268 1713 quid
285 1662 362 1703 sihi
379 1663 621 1716 faciendum
655 1668 763 1704 esset.
825 1661 1039 1711 Messenii,
1068 1662 1155 1704 sine
1186 1677 1383 1718 responso
1404 1662 1583 1703 dimissis

166 1718 328 1774 legatis,
350 1729 566 1761 moverant
586 1719 770 1767 bellum;
804 1719 1044 1775 trepidique
1072 1733 1212 1759 rerum
1244 1734 1429 1769 suarum,
1452 1735 1584 1776 quum

160 1775 251 1831 jam
279 1791 380 1832 ager
409 1776 541 1817 effuso
571 1776 756 1818 exercitu
785 1775 939 1833 passim
969 1783 1177 1826 ureretur,
1205 1784 1425 1832 castraque
1455 1791 1586 1833 prope

167 1833 315 1874 urbem
344 1832 444 1889 poni
475 1833 681 1884 viderent,
703 1833 862 1889 legatos
894 1832 1136 1874 Chalcidem
1167 1832 1221 1873 ad
1245 1833 1298 1873 T.
1323 1833 1584 1883 Quinctium,

166 1901 380 1931 auctorem
419 1890 639 1941 libertatis,
672 1890 891 1940 miserunt,
933 1890 1008 1946 qui
1048 1889 1309 1940 nunciarent,
1356 1889 1586 1931 Messenios

170 1946 386 1997 Romanis,
407 1961 490 1988 non
520 1947 706 1997 Achaeis,
737 1955 780 1988 et
809 1946 969 2003 aperire
998 1955 1156 2002 portaS,
1187 1955 1227 1988 et
1256 1945 1408 1987 dedere
1438 1947 1585 1988 urbem

168 2011 337 2058 paratos
366 2019 464 2045 esse.
524 2004 701 2046 Auditis
735 2003 900 2059 legatis,
937 2002 1148 2059 extemplo
1183 2003 1398 2058 profectus
1433 2003 1587 2054 Quinc-

169 2059 269 2109 tius,
305 2075 331 2101 a
372 2060 632 2117 Megalopoli
672 2060 726 2102 ad
762 2060 1029 2116 Diophanem
1064 2068 1287 2115 praetorem
1326 2059 1586 2101 Achaeorum

167 2116 296 2167 misit,
332 2117 407 2173 qui
442 2117 654 2174 extemplo
687 2117 887 2159 reducere
920 2131 1016 2158 eum
1053 2132 1078 2157 a
1115 2115 1306 2157 Messene
1341 2116 1585 2168 exercitum,

169 2180 212 2215 et
231 2174 372 2214 venire
392 2173 447 2215 ad
467 2189 509 2215 se
523 2175 704 2230 juberet.
766 2174 894 2215 Dicto
920 2172 1061 2229 paruit
1091 2172 1358 2229 Diophanes:
1391 2182 1448 2224 et,
1480 2173 1589 2215 solu-

169 2239 214 2272 ta
241 2230 472 2281 obsidione,
501 2231 725 2287 expeditus
751 2231 855 2286 ipse,
886 2245 1143 2287 praegressus
1172 2245 1337 2286 agmen,
1360 2231 1469 2271 circa
1497 2232 1589 2271 An-

171 2287 352 2337 daniam,
387 2302 566 2344 parvum
605 2287 825 2344 oppidum,
855 2288 965 2330 inter
1006 2285 1309 2343 Megalopolim
1350 2286 1589 2328 Messenen-

171 2359 255 2399 que
274 2344 476 2400 positum,
494 2345 692 2395 Quinctio
711 2344 923 2393 obcurrit;
956 2352 1013 2395 et,
1030 2359 1164 2400 quum
1185 2359 1349 2385 caussas
1369 2344 1588 2400 obpugna—

175 2400 297 2441 tionis
326 2410 567 2457 exponeret,
588 2402 839 2457 castigatum
869 2401 1032 2448 leniter,
1053 2401 1173 2456 quod
1196 2408 1355 2442 tantam
1385 2416 1472 2441 rem
1503 2401 1588 2442 sine

173 2457 420 2499 auctoritate
454 2474 531 2500 sua
568 2466 743 2500 conatus
778 2466 899 2508 esset,
935 2457 1146 2498 dimittere
1181 2457 1409 2499 exercitum
1445 2458 1588 2513 jussit,

176 2526 250 2553 nec
279 2528 421 2568 pacem
451 2514 637 2557 omnium
657 2515 768 2556 bono
790 2522 954 2570 partam
976 2514 1160 2555 turbare.
1222 2513 1441 2555 Messeniis
1461 2515 1590 2569 impe-

177 2569 300 2620 ravit,
331 2578 379 2611 ut
408 2572 572 2614 exsules
600 2571 863 2622 reducerent,
894 2579 936 2613 et
965 2570 1220 2612 Achaeorum
1252 2571 1412 2612 concilii
1441 2578 1587 2612 essent.

737 2683 754 2701 ¹¹
769 2679 806 2711 Id
823 2679 921 2711 Gron.
938 2679 1031 2712 Crev.

222 2790 264 2821 99
289 2789 363 2838 Tum
381 2793 504 2834 quoque]
528 2793 579 2825 Sic
598 2805 733 2837 quoque,
748 2795 779 2827 id
801 2800 860 2832 est,
905 2801 996 2826 xatus
1009 2800 1115 2826 tamen
1129 2792 1282 2824 exercitus
1296 2798 1353 2824 est.
1397 2792 1522 2824 Frustra
1534 2793 1591 2824 ita-

180 2842 322 2874 quamvis
349 2835 426 2867 nulli
453 2835 554 2869 hostes
575 2844 782 2876 occurrerent,
808 2849 861 2870 ve·
904 2848 966 2880 que
982 2836 1158 2870 Gronovius
1171 2847 1226 2880 pro
1245 2843 1308 2867 tum
1329 2835 1391 2879 legi
1410 2835 1500 2879 jubet
1522 2843 1592 2868 tam.

1035 2881 1102 2921 s4
