1947 3222
158 209 201 283 ,ωε

211 208 253 284 5³52

263 209 282 282 nav·

167 1737 287 1770 Acriter
299 1737 354 1770 ite-

163 1791 231 1812 rum
246 1792 366 1824 pugna-

164 1829 224 1857 tur·

365 87 443 128 426
881 84 1029 123 T1T11
1075 83 1255 122 LIVII

365 196 474 239 inter
501 203 748 238 nocturnam
778 193 1098 251 trepidationem
1127 201 1260 243 erant,
1291 191 1557 248 diripuerunt
1573 208 1587 233 τ
1626 207 1789 249 τεὲτεεη

327 272 337 282 ·
367 254 486 309 sique
514 253 558 294 in
588 268 664 294 sua
691 259 840 303 castra,
861 265 1017 307 paucos
1046 250 1135 292 dies
1163 250 1317 313 quietis
1347 248 1509 291 stativis
1528 259 1780 292 manserunt.

368 311 654 352 Romanorum
686 308 990 363 sociorumque,
1018 307 1061 348 in
1094 307 1242 362 proeho
1273 306 1475 362 fugaque,
1508 305 1562 347 ad
1594 306 1782 362 quinque

366 367 498 408 millia
522 366 679 413 occisa;
722 379 903 421 quorum
934 378 975 404 se
1006 363 1148 419 spoliis
1176 363 1316 405 hostes
1345 370 1571 404 armarunt.
1602 362 1699 403 inde
1728 363 1783 404 ad

369 424 539 480 Tagum
572 422 729 464 flumen
762 419 939 477 profecti
974 428 1084 460 sunt.
1159 420 1366 461 Praetores
1399 420 1565 461 interim
1603 419 1783 460 Romani

368 496 489 523 omne
521 479 567 521 id
602 487 768 534 tempus
802 475 1095 518 contrahendis
1124 491 1176 517 ex
1211 475 1451 517 civitatibus
1481 475 1600 517 sociis
1630 475 1786 532 Hispa-

368 552 519 579 norum
552 535 731 582 auxiliis,
766 532 1082 588 reficiendisque
1122 533 1175 574 ab
1211 540 1367 574 terrore
1406 532 1589 574 adversae
1629 547 1784 588 pugnae

368 594 550 635 militum
580 591 742 642 animis,
773 597 1102 631 consumserunt.
1134 588 1207 630 ubi
1239 588 1336 629 satis
1366 588 1558 643 placuere
1587 589 1710 638 vires,
1742 598 1785 630 et

364 651 455 707 jam
483 649 600 690 miles
630 662 815 704 quoque,
846 646 900 688 ad
930 645 1149 687 delendam
1178 645 1358 702 priorem
1387 645 1671 700 ignominiam,
1693 646 1788 687 hos-

370 716 454 749 tem
484 705 706 762 poscebat3
740 703 961 745 duodecim
991 702 1349 760 millia‘passuum
1378 702 1431 742 ab
1463 703 1589 758 Tago.
1613 702 1785 744 flumine

370 769 600 819 posuerunt
640 770 786 803 castra.
828 760 924 801 inde
959 757 1266 816 tertjfiffrvigilia
1299 757 1474 800 sublatis
1508 758 1649 815 signis,
1685 774 1788 815 qua-

370 819 492 861 drato
520 819 685 875 agmine
719 818 926 874 principio
959 815 1064 858 lucis
1092 815 1147 858 ad
1183 814 1294 871 Tagi
1327 815 1462 872 ripam
1495 824 1786 871 pervenerunt.

373 878 512 918 Trans
530 875 708 917 fiuvium
729 875 772 916 in
793 874 895 915 colle
920 873 1103 916 hostium
1132 881 1266 914 castra
1295 880 1424 914 erant.
1455 871 1681 928 extemplo,
1703 887 1790 928 qua

371 933 539 975 duobus
558 932 658 974 locis
678 931 991 973 vada'nudabat
1013 930 1163 981 amnis,
1181 929 1354 971 dextera
1376 937 1495 985 parte
1518 928 1787 984 Calpurnius,

372 990 478 1031 laeva
508 989 730 1040 Quinctius
759 987 988 1030 exercitum
1019 987 1324 1034 traduxerunt3
1357 985 1501 1041 quieto
1530 985 1663 1035 hoste,
1685 985 1787 1026 dum

373 1047 549 1097 miratur
589 1047 778 1088 subitum
816 1045 1060 1096 adventum,
1101 1043 1408 1099 consultatque,
1443 1042 1518 1098 qui
1558 1041 1792 1084 tumultum

372 1103 541 1159 injicere
560 1102 869 1159 trepidantibus
889 1101 930 1141 in
951 1102 1042 1156 ipso
1072 1101 1250 1142 transitu
1280 1099 1411 1140 amnis
1440 1099 1656 1155 potuisset.
1719 1099 1789 1139 In-

373 1159 494 1202 terim
516 1159 710 1210 Romani,
732 1158 1024 1214 inpedimentis
1044 1172 1213 1213 quoque
1240 1156 1432 1197 omnibus
1462 1155 1666 1197 traductis
1695 1170 1793 1196 con-

373 1216 601 1272 tractisque
630 1216 672 1257 in
702 1230 835 1256 unum
865 1214 1018 1264 locum,
1040 1215 1142 1270 quia
1164 1214 1253 1269 jam
1283 1212 1438 1254 moveri
1470 1212 1667 1254 videbant
1698 1212 1790 1253 hos-

374 1283 474 1324 tem,
496 1289 570 1315 nec
592 1272 774 1329 spatium
803 1279 892 1313 erat
921 1279 1057 1312 castra
1085 1269 1405 1319 communiendi,
1427 1269 1555 1310 aciem
1584 1269 1792 1310 instruxe—

373 1338 486 1372 runt.
531 1331 574 1371 in
610 1329 747 1370 medio
782 1328 928 1370 locatae
968 1328 1117 1383 quinta
1158 1325 1375 1382 Calpurnii
1413 1325 1524 1381 legio
1563 1334 1604 1368 et
1643 1334 1792 1368 octava

375 1387 573 1438 Quinctii.
605 1386 650 1427 id
683 1386 813 1427 robur
848 1394 937 1427 toto
971 1385 1157 1426 exercitu
1192 1392 1293 1425 erat.
1355 1383 1564 1438 Campum
1598 1390 1791 1438 apertum

374 1459 510 1500 usque
531 1443 585 1485 ad
603 1443 788 1485 hostium
809 1451 944 1484 castra
969 1441 1194 1491 habebant,
1216 1440 1395 1482 liberum
1424 1454 1450 1480 a
1478 1447 1594 1481 metu
1622 1438 1791 1480 insidia-

375 1515 482 1542 rum.

433 1558 625 1599 XXXI.
659 1556 857 1613 Hispani,
879 1564 1102 1612 postquam
1132 1554 1175 1596 in
1195 1553 1382 1596 citeriore
1402 1552 1494 1610 ripa
1522 1552 1608 1594 duo
1638 1552 1794 1595 Roma-

375 1630 526 1657 norum
555 1614 723 1671 agmina
750 1621 1071 1670 conspexerunt,
1096 1620 1160 1661 ut,
1182 1611 1428 1668 priusquam
1459 1625 1500 1651 se
1524 1610 1703 1666 jungere
1732 1618 1794 1651 at-

376 1687 461 1727 que
491 1671 696 1713 instruere
725 1678 908 1726 possent,
929 1678 1180 1725 occuparent
1210 1683 1293 1717 eos,
1315 1667 1459 1708 castris
1482 1675 1652 1723 repente
1672 1665 1793 1708 effusi

377 1744 503 1770 cursu
533 1728 588 1770 ad
616 1742 803 1784 pugnam
838 1727 1030 1768 tendunt.
1105 1727 1245 1766 Atrox
1280 1724 1323 1765 in
1357 1723 1561 1780 principio
1595 1722 1792 1779 proelium

376 1785 474 1835 fuit,
495 1793 538 1827 et
568 1784 768 1840 Hispanis
798 1782 953 1824 recenti
982 1782 1158 1824 victoria
1185 1781 1409 1830 ferocibus,
1430 1788 1471 1821 et
1492 1780 1656 1821 insueta
1674 1779 1793 1834 igno-

375 1841 502 1883 minia
536 1842 667 1883 milite
704 1842 895 1881 Romano
929 1854 1110 1880 accenso.
1143 1838 1340 1879 acerrime
1374 1836 1512 1878 media
1543 1836 1662 1886 acies,
1693 1835 1792 1877 duae

375 1898 613 1940 fortissimae
642 1897 838 1954 legiones,
868 1896 1147 1943 dimicabant3
1190 1910 1294 1950 quas
1323 1908 1456 1949 quum
1486 1893 1605 1934 aliter
1635 1893 1792 1934 moveri

375 1955 467 1997 loco
498 1970 581 1997 non
614 1970 734 2011 posse
763 1954 894 1996 hostis
924 1961 1122 2002 cerneret,
1155 1967 1286 1993 cuneo
1319 1950 1470 1992 institit
1503 1964 1714 2006 pugnare:
1752 1957 1792 1991 et

376 2027 512 2068 usque
531 2012 674 2110 plures
696 2010 1064 2066 confertioresque,
1084 2009 1242 2050 medios
1273 2007 1522 2063 urguebant.
1584 2005 1649 2048 Ibi
1680 2013 1794 2063 post·
1816 2025 1817 2028 ¹

376 2084 504 2133 quam
550 2070 722 2111 aborare
751 2068 881 2109 aciem
913 2066 1168 2123 Calpurnius
1199 2073 1354 2122 praetor
1385 2064 1505 2114 vidit,
1529 2064 1582 2105 T.
1607 2062 1793 2114 Quincti-

376 2125 480 2167 lium
500 2126 659 2167 Varum
679 2131 744 2167 etp
765 2125 816 2166 L.
838 2126 868 2166 J
872 2123 1090 2166 uventium
1112 2122 1322 2164 Thalnam
1341 2121 1500 2177 legatos
1528 2120 1583 2162 ad
1610 2119 1794 2176 singulas

376 2182 558 2237 legiones
596 2181 878 2224 adhortandas
915 2196 1091 2237 propere
1130 2179 1273 2221 mittit.
1347 2178 1508 2220 Docere
1547 2185 1596 2218 et¹
1628 2190 1794 2217 monere

371 2239 511 2295 jubet,
534 2240 578 2280 in
609 2241 694 2280 illis
722 2253 826 2291 spem
857 2252 1006 2279 omnem
1036 2237 1223 2279 vincendi
1251 2242 1290 2276 et
1318 2236 1542 2276 retinendae
1570 2233 1796 2286 Hispania?

377 2310 467 2337 esse.
527 2296 575 2338 Si
604 2297 670 2337 illi
702 2296 786 2335 loco
819 2297 976 2343 cedant,
1012 2295 1205 2335 neminem
1236 2292 1318 2347 fgjus
1347 2293 1542 2333 exercitus
1569 2304 1650 2329 non
1679 2290 1796 2330 modo

378 2353 563 2403 Italiam,
584 2354 654 2395 sed
681 2367 730 2393 ne
757 2352 863 2407 Tagi
892 2353 1049 2406 quidem
1069 2352 1298 2392 ulteriorem
1318 2350 1466 2402 ripam,
1487 2361 1669 2401 umquam
1690 2347 1796 2387 visu-

380 2424 480 2451 rum.
547 2411 659 2466 Ipse,
699 2424 794 2451 cum
835 2409 1049 2465 equitibus
1088 2408 1268 2449 duarum
1308 2406 1518 2462 legionum
1557 2403 1794 2460 paullulum

381 2467 698 2516 circumvectus,
733 2467 776 2507 in
814 2481 992 2507 cuneum
1028 2464 1226 2513 hostium,
1263 2462 1336 2519 qui
1370 2461 1548 2503 mediam
1586 2460 1793 2516 urguebat

381 2523 525 2574 aciem,
553 2523 605 2564 ab
636 2523 762 2565 latere
794 2521 980 2564 incurrit.
1041 2520 1301 2572 ¹⁷Quinctius
1334 2533 1430 2560 cum
1462 2518 1548 2560 suis
1579 2517 1795 2574 equitibus

911 2598 927 2623 Ρ
941 2601 967 2625 et
983 2593 1045 2625 del.
1061 2594 1157 2625 Gron.
1174 2593 1265 2624 Crev.

430 2664 466 2694 17
507 2662 647 2697 Quintius
689 2672 755 2690 cum
798 2662 856 2691 suis
907 2660 1064 2701 equilibus]
1109 2670 1201 2701 quam
1231 2657 1350 2700 equites
1370 2658 1462 2689 socii:
1496 2668 1572 2699 quos
1598 2657 1654 2688 sibi
1683 2667 1793 2699 nempe

385 2705 522 2742 Quinam
545 2710 616 2735 sunt
638 2703 681 2735 illi
696 2702 814 2745 equites
837 2703 949 2744 proprii
966 2701 1065 2739 Quin·
1111 2701 1257 2739 Quintius
1288 2701 1510 2743 desumpserat,
1536 2711 1630 2742 quum
1658 2699 1794 2741 legiona-

385 2748 430 2782 tii,
460 2758 553 2789 quum
591 2747 720 2778 duarum
758 2746 910 2786 legionum
948 2745 1066 2784 equites
1110 2745 1168 2775 rios
1191 2744 1309 2786 equites
1332 2743 1398 2784 ejus
1422 2743 1541 2785 collega
1565 2746 1595 2774 in
1620 2743 1720 2774 hostes
1735 2742 1791 2773 du-

387 2790 574 2832 Calpurnius
589 2790 712 2821 duxisse
728 2790 757 2820 in
773 2789 890 2820 hostem
905 2798 997 2829 supra
1019 2787 1064 2817 di-
1109 2793 1199 2818 ceret.
1244 2788 1441 2828 Optmemus,
1467 2793 1500 2817 ut
1527 2786 1637 2818 clarius
1660 2791 1793 2818 mentem

386 2840 429 2863 ca‘
440 2835 493 2864 ur?
516 2833 579 2864 Alii
600 2844 660 2865 non
677 2831 817 2864 videntur
833 2830 961 2869 intelligi
978 2841 1065 2873 posse
1110 2840 1196 2861 suam
1213 2829 1379 2872 aperuisset
1396 2829 1510 2862 Livius.
