1947 3222
125 254 168 284 U.
181 252 218 283 C.
230 251 303 282 555.

125 296 167 327 A.
181 295 219 326 C.
235 294 306 325 197.

148 1781 184 1811 L.
201 1777 319 1815 Quinc-

149 1823 210 1853 tius
223 1822 341 1852 Leuca-

148 1865 222 1896 dem
233 1865 351 1907 obpug-

149 1914 214 1939 nat·

154 2397 309 2446 Leucadis

154 2447 242 2473 situs¹

332 135 406 168 102
854 128 1007 185 r1T1
1056 128 1238 167 Livii

335 236 464 294 genti,
485 235 616 278 altera
642 243 780 279 metus
808 237 1036 294 odiumque
1060 235 1314 280 AEtolorum.
1376 235 1609 277 Concilium
1643 236 1759 277 Leu-

339 294 482 336 cadem
514 293 720 335 indictum
749 301 822 335 est.
884 295 951 335 Eo
980 310 1117 350 neque
1147 295 1286 336 cuncti
1317 308 1544 335 convenere
1571 294 1760 334 Acarna-

340 366 442 392 num
471 350 643 413 populi3
675 365 752 391 nec
780 349 894 406 ipsis,
920 350 994 406 qui
1023 359 1314 401 convenerant,
1342 350 1454 391 idem
1482 349 1654 405 placuit.
1687 349 1761 390 sed

342 416 384 449 et
418 408 625 463 prinoipes
652 415 693 448 et
723 406 992 462 magistratus
1021 407 1301 463 pervicerunt,
1322 415 1371 448 ut
1400 405 1435 433 7³
1446 405 1659 462 privatum
1688 405 1760 446 de-

343 473 503 505 cretum
525 464 726 504 Romanae
748 462 954 504 societatis
983 462 1111 505 fieret.
1174 463 1228 504 Id
1248 478 1404 513 ornnes,
1427 463 1501 518 qui
1523 462 1761 512 abfuerant,

343 536 454 576 aegre
482 519 617 576 passi;
649 527 692 560 et
720 519 763 560 in
791 519 870 559 hoc
896 519 1068 561 fremitu
1098 520 1233 576 gentis
1254 535 1279 560 a
1300 519 1498 576 Philippo
1532 519 1645 560 missi
1677 518 1764 559 duo

344 577 552 634 principes
592 577 878 625 Acarnanum,
914 576 1148 618 Androcles
1188 584 1229 617 et
1269 576 1548 625 Echedemus,
1584 590 1668 616 non
1707 575 1764 616 ad

345 633 576 675 tollendum
620 632 745 673 modo
784 631 998 673 decretum
1034 633 1238 674 Romanae
1278 633 1484 674 societatis
1523 631 1763 683 valuerunt,

348 690 421 732 sed
451 689 575 730 etiam
609 696 659 729 ut
688 687 924 729 Archelaus
952 697 995 730 et
1025 689 1193 739 Bianor,
1218 689 1426 745 principes
1460 688 1597 744 gentis
1626 689 1764 739 ambo,

348 746 464 802 quod
493 753 681 787 auctores
708 745 799 801 ejus
829 745 1043 787 sententiae
1074 745 1265 795 fuissent,
1285 745 1532 801 proditionis
1560 745 1602 786 in
1633 744 1765 786 conci-

349 803 404 844 lio
425 802 737 851 damnarentur,
759 809 800 842 et
823 801 1023 843 Zeuxidae
1052 801 1237 858 praetori,
1259 801 1375 857 quod
1396 801 1447 842 de
1468 817 1516 842 ea
1535 817 1579 842 re
1602 801 1769 843 retulis-

351 867 426 909 set,
457 858 678 914 imperium
714 858 999 914 abrogaretur.
1062 859 1170 900 Rem
1202 857 1477 908 temerariam,
1508 858 1580 899 sed
1612 866 1765 899 eventu

350 930 606 972 prosperam,
628 915 813 956 damnati
843 915 1043 957 fecerunt.
1107 915 1390 957 Suadentibus
1409 929 1589 970 namque
1609 914 1766 965 amicis,

352 972 545 1013 cederent
579 972 772 1028 tempori,
805 981 846 1013 et
884 973 1111 1028 Corcyram
1143 971 1197 1013 ad
1233 973 1445 1012 Romanos
1478 971 1655 1021 abirent,
1688 979 1771 1012 stas

353 1036 524 1070 tuerunt
546 1028 710 1069 obferre
731 1043 772 1069 se
792 1027 1070 1079 multitudini,
1092 1037 1133 1070 et
1154 1037 1229 1070 aut
1250 1043 1298 1069 eo
1317 1028 1408 1084 ipso
1428 1027 1556 1068 lenire
1575 1028 1672 1077 iras,
1693 1035 1769 1069 aut

352 1085 456 1141 pati,
473 1085 590 1141 quod
619 1100 737 1126 casus
761 1084 936 1126 tulisset.
999 1086 1139 1136 Quum
1162 1101 1203 1126 se
1234 1085 1444 1140 frequenti
1466 1084 1638 1125 concilio
1658 1085 1773 1126 intu-

353 1142 510 1192 lissent,
541 1141 678 1198 primo
706 1156 897 1183 murmur
925 1157 973 1183 ac
1001 1142 1195 1183 fremitus
1224 1141 1535 1191 admirantium,
1559 1141 1768 1182 silentium

353 1214 451 1240 mox
472 1213 498 1239 a
516 1198 766 1240 verecundia
795 1198 919 1240 simul
949 1198 1134 1255 pristinae
1155 1197 1385 1254 dignitatis,
1406 1213 1453 1239 ac
1486 1197 1771 1238 misericordia

352 1255 569 1311 praesentis
607 1255 789 1297 fortunae
827 1263 968 1296 ortum
1007 1264 1080 1297 est.
1143 1255 1355 1297 Potestate
1395 1269 1565 1310 quoque
1604 1253 1769 1295 dicendi

352 1313 478 1362 facta,
509 1311 713 1368 principio
743 1311 1001 1369 suppliciter,
1028 1312 1277 1368 procedente
1307 1319 1447 1352 autem
1477 1310 1675 1361 oratione,
1697 1310 1771 1352 ubi

354 1368 408 1409 ad
437 1368 609 1410 crimina
642 1368 841 1410 diluenda
869 1377 1042 1410 ventum
1072 1377 1148 1419 est,
1170 1383 1266 1410 cum
1300 1376 1418 1408 tanta
1451 1366 1618 1417 fiducia,
1640 1382 1774 1423 quan-

354 1434 441 1466 tam
471 1425 705 1467 innocentia
733 1425 876 1476 dabat,
907 1425 1214 1466 disseruerunt:
1256 1433 1480 1480 postremo,
1509 1423 1543 1450 ⁷⁴¹
1558 1423 1670 1465 ultro
1699 1423 1774 1464 ali-

387 1481 461 1522 uid
490 1481 615 1523 etiam
645 1482 781 1538 queri,
803 1490 845 1523 et
875 1482 1077 1538 castigare
1106 1481 1371 1538 iniquitatem
1403 1479 1525 1521 simul
1553 1479 1595 1520 in
1617 1495 1659 1521 se
1679 1495 1774 1521 cru-

356 1497 655 1594 delitatemque
685 1537 790 1588 ausi,
810 1538 871 1580 ita
899 1538 1142 1580 adfecerunt
1173 1538 1344 1587 animos,
1366 1545 1415 1579 ut
1436 1536 1588 1586 omnia,
1610 1551 1706 1592 quae
1728 1536 1772 1577 in

358 1610 426 1636 eos
447 1595 612 1636 decreta
632 1603 764 1645 erant,
785 1594 1025 1651 frequentes
1055 1595 1270 1636 tollerent:
1302 1609 1438 1649 neque
1458 1609 1506 1634 eo
1526 1593 1663 1635 minus
1682 1592 1777 1634 red-

359 1652 544 1693 eundum
583 1651 627 1692 in
667 1651 902 1693 societatem
940 1651 1143 1708 Philippi,
1178 1650 1528 1707 abnuendamque
1562 1651 1776 1692 Romano-

356 1722 452 1749 rum
474 1707 714 1759 amicitiam,
735 1716 959 1750 censerent.

418 1765 572 1806 XVII.
605 1764 802 1806 Leueade
830 1765 920 1806 haec
950 1772 1048 1806 sunt
1080 1764 1256 1807 decreta.
1292 1765 1338 1806 id
1369 1773 1497 1821 caput
1527 1765 1778 1807 Acarnaniae

361 1830 463 1872 erat,
486 1836 618 1877 eoque
649 1821 693 1862 in
722 1821 942 1862 concilium
967 1837 1110 1863 omnes
1138 1821 1285 1878 populi
1316 1821 1627 1863 conveniebant.
1689 1822 1778 1863 Ita-

361 1894 460 1935 que,
477 1893 610 1934 quum
625 1878 715 1919 haec
730 1878 947 1934 repentina
965 1879 1144 1920 mutatio
1162 1880 1387 1935 Corcyram
1403 1878 1458 1919 ad
1477 1878 1662 1934 legatum
1680 1877 1778 1919 Fla-

362 1935 567 1976 mininum
612 1934 774 1991 perlata
821 1943 940 1986 esset,
981 1935 1192 1992 extemplo
1234 1951 1330 1977 cum
1377 1935 1502 1977 classe
1548 1935 1777 1991 profectus,

364 1991 578 2033 Leueade*
597 1991 652 2032 ad
679 1993 897 2042 Heraeum,
918 1992 1036 2048 quod
1054 2000 1218 2043 vocant,
1240 2007 1365 2033 naves
1393 1992 1609 2048 adplicuit.
1670 1991 1778 2033 Inde

363 2064 459 2090 cum
498 2049 610 2090 omni
655 2063 806 2105 genere
849 2056 1152 2090 tormentorum
1197 2049 1582 2105 machinarumque,
1623 2048 1779 2104 quibus

363 2113 663 2162 expugnantur
682 2106 821 2156 urbes,
842 2105 897 2146 ad
923 2121 1065 2147 muros
1084 2106 1268 2156 accessit,
1290 2106 1344 2147 ad
1373 2106 1555 2162 primum
1577 2113 1777 2148 terrorem

363 2171 481 2203 ratus
500 2162 687 2203 inclinari
717 2162 875 2203 animos
904 2178 1034 2219 posse.
1098 2162 1328 2218 Postquam
1355 2163 1492 2219 pacati
1512 2161 1616 2203 nihil
1644 2170 1781 2203 osten-

364 2218 558 2269 debatur,
580 2227 673 2260 tum
693 2218 833 2260 vineas
861 2227 1083 2276 turresque
1103 2219 1274 2275 erigere,
1296 2229 1337 2261 et
1358 2220 1529 2260 arietem
1557 2218 1779 2260 admovere

364 2276 496 2317 muris
535 2276 672 2331 coepit.
744 2276 982 2318 Acarnania
1020 2276 1227 2328 universa,
1261 2277 1370 2318 inter
1408 2275 1613 2317 AEtoliam
1653 2283 1781 2331 atque

365 2332 547 2388 Epirum
576 2333 726 2388 posita,
749 2332 873 2374 solem
903 2332 1159 2375 occidentem
1179 2342 1222 2375 et
1250 2349 1362 2374 mare
1385 2332 1573 2373 Siculum
1603 2348 1621 2373 s
1653 2339 1778 2374 ectat.

364 2387 620 2431 ⁷⁵Lcucadia
652 2404 762 2431 nunc
796 2389 946 2442 insula,
976 2398 1018 2433 et
1053 2390 1210 2433 vadoso
1241 2389 1366 2442 freto,
1396 2389 1512 2445 quod
1546 2403 1598 2445 pe
1639 2403 1779 2430 ossum

865 2517 878 2535 ¹
894 2512 1058 2545 Leucadem
1073 2514 1171 2546 Gron.
1188 2513 1279 2546 Crev.

408 2620 449 2651 73
474 2619 630 2651 Privatum
656 2621 819 2662 decretum]
852 2621 917 2657 An.
947 2622 1052 2653 decrc-
1095 2621 1178 2654 idem
1202 2620 1356 2664 placuisse
1379 2619 1486 2651 Livius
1515 2618 1704 2650 memoravit.
1749 2619 1782 2651 Si

365 2667 443 2698 tum,
484 2672 544 2693 non
585 2661 679 2693 totius
715 2663 915 2694 Acarnanum
953 2665 1053 2706 gentis
1096 2665 1165 2706 quis
1187 2671 1291 2695 tamen
1314 2663 1424 2694 melius
1439 2662 1514 2704 quid
1540 2661 1730 2705 impertierit,
1746 2672 1783 2694 eo

367 2706 489 2736 nomine
524 2706 633 2741 latum,
663 2706 716 2735 sed
749 2707 951 2747 quorumdam
983 2714 1053 2738 tan·
1097 2707 1228 2738 libenter
1243 2713 1377 2738 utemur.

368 2754 431 2777 tum
466 2748 668 2790 populorum?
700 2749 767 2779 IIoc
803 2759 876 2779 sane
911 2749 1053 2780 videntur
1141 2751 1180 2780 74
1192 2752 1209 2768 '⁵
1225 2749 1325 2790 Ultro]
1351 2748 1426 2780 X'id.
1441 2753 1504 2779 not.
1520 2749 1572 2780 39.
1589 2748 1627 2780 ad
1645 2749 1673 2779 Ι.
1687 2750 1718 2780 5.

367 2791 495 2822 suadere
517 2801 554 2822 ea
576 2801 646 2832 quae
669 2791 857 2833 praecedunt.
877 2792 929 2822 ubi
953 2802 1053 2832 neque
1140 2793 1181 2823 75
1208 2793 1355 2823 Leucadia.
1382 2803 1461 2822 nunc
1491 2793 1588 2822 insula
1613 2798 1640 2822 et
1666 2791 1781 2832 vadoso]

368 2839 493 2864 cunctos
517 2834 693 2866 convenisse
717 2834 747 2865 in
770 2834 933 2866 concilium
956 2846 1052 2876 popu-
1099 2835 1181 2865 Huic
1206 2835 1272 2866 loco
1290 2835 1454 2866 sanitatem
1477 2835 1591 2876 perlevi
1614 2833 1782 2864 mutatione

366 2875 422 2911 los,
454 2887 553 2918 neque
588 2877 730 2909 omnibus
759 2878 811 2919 qui
849 2883 1054 2910 convenerant
1098 2878 1230 2910 reddidit
1249 2878 1432 2910 Gronovius.
1479 2878 1583 2909 Antea
1606 2877 1784 2919 legebatu13
