1947 3222
523 119 642 156 ΜΒ.
671 117 886 160 xxxvu.
928 120 1059 156 CAP.
1091 121 1174 158 LV.
1478 126 1549 169 327

133 228 501 281 doctrinarumque,
522 228 708 269 tuendam
731 226 782 266 ab
801 227 968 267 servitio
991 230 1104 281 regio
1122 229 1342 271 libertatem
1363 234 1552 285 suscepis-
1564 242 1604 272 U.
1618 241 1746 273 0.-563.

133 285 198 326 tis.
221 284 332 325 ⁶²lzoc
346 285 615 338 patrocinium
632 289 801 335 receptcc
818 285 990 337 infidem
1007 291 1045 325 et
1063 285 1125 324 ind
1141 287 1364 328 clientelam
1381 296 1549 330 vestram
1567 284 1606 315 A·
1619 284 1658 316 C·
1676 284 1747 314 189.

138 343 334 382 universoe
348 342 502 396 gentise
513 347 750 393 perpetuum
771 354 839 381 vos
854 348 1056 394 praestare
1071 343 1190 382 decet.
1235 343 1271 366 ⁶³
1277 344 1385 394 Non,
1404 360 1492 400 quac
1508 348 1552 387 in

136 400 219 440 solo
239 400 356 439 modo
371 400 537 452 antiquo
556 404 662 447 sunt,
683 398 840 437 Graecae
855 400 982 452 magis
1003 399 1116 440 urbes
1128 406 1232 447 sunt,
1250 415 1366 454 quam
1387 405 1554 444 coloniae

137 471 288 504 earum,
310 456 422 496 illinc
441 456 640 508 quondam
663 455 859 508 projectae
878 458 922 496 in
944 456 1097 496 Asiam.
1159 457 1246 497 Nec
1265 464 1378 498 terra
1399 468 1554 501 nudata

138 514 307 554 mutavit
322 526 447 566 genus
461 519 532 552 aut
552 525 692 553 mores.
717 519 873 552 certare
885 514 962 566 pio
983 515 1202 554 certamine
1216 514 1421 568 cujuslibet
1442 517 1555 558 honae

137 572 242 611 artis
260 584 309 610 ac
328 570 486 610 virtutis
513 571 600 610 ausi
628 584 756 610 smnus
779 585 862 609 cum
879 572 1120 622 parentibus
1147 586 1310 626 quaeque
1338 574 1485 622 civitas
1515 583 1554 623 et

135 627 407 669 conditoribus
435 628 528 668 suis.
590 627 747 668 Adistis
776 626 963 677 Grceciae,
987 630 1134 670 adistis
1155 631 1265 670 Asiae
1285 630 1399 671 urbes
1420 632 1553 684 pleri-

136 699 222 739 que.
247 686 330 724 nisi
350 686 456 738 quod
474 686 633 739 longius
649 699 674 724 α
696 685 804 725 vobis
820 684 1013 734 absumus,
1037 688 1150 727 nulla
1172 689 1368 728 vincimur
1388 689 1477 728 alia
1496 704 1554 729 re.

136 742 429 790 [Massilienseffi
452 757 560 796 quos,
583 743 620 783 si
639 749 790 782 natura
813 743 939 783 insita
960 742 993 766 ⁶⁴
1001 745 1106 784 velut
1127 745 1291 798 ingenio
1310 751 1433 785 terrce
1448 747 1558 787 vinci

125 805 277 852 posset,
287 798 381 853 jam
396 801 559 852 pridem
581 800 812 855 ffrassent
833 806 892 840 tot
912 801 1120 841 indomitce
1138 803 1386 856 circumfusa:
1401 811 1555 857 gentes,

136 858 181 897 in
203 871 248 897 eo
266 857 427 906 honore,
451 859 494 896 in
516 872 563 897 ea
585 858 727 898 merito
746 858 952 910 dignitate
971 860 1154 899 audimus
1173 861 1287 912 apud
1305 874 1372 900 vos
1392 875 1486 911 esse,
1508 875 1557 901 ac

133 915 172 954 si
210 916 380 955 medium
414 914 635 955 umbilicum
676 914 854 955 Grac-eice
887 916 1115 956 incolerent.
1167 931 1247 956 non
1283 917 1383 957 enim
1419 932 1556 958 sonum

134 973 248 1013 modo
267 973 420 1025 linguae
439 974 698 1026 vestitumque
717 978 756 1011 et
775 972 968 1020 habitum,
990 974 1061 1012 sed
1079 981 1174 1014 ante
1200 975 1333 1014 onznia
1357 989 1496 1026 mores,
1520 981 1557 1015 et

134 1031 252 1083 leges,
275 1036 313 1070 et
335 1030 536 1083 ingenium
567 1031 760 1070 sincerum
793 1031 1068 1084 integrumque
1086 1045 1112 1070 a
1132 1033 1375 1084 contagione
1394 1033 1558 1073 adcola-

134 1101 233 1135 rum,
255 1093 477 1127 servarunt.
544 1087 754 1128 Terminus
774 1093 830 1126 est
851 1101 954 1126 nunc
975 1088 1139 1140 imperii
1164 1090 1288 1128 vestri
1307 1103 1420 1129 mons
1446 1090 1489 1129 T
1484 1104 1556 1129 au-

135 1158 213 1184 rus.
245 1145 444 1197 quidquid
464 1145 576 1184 intra
598 1159 681 1184 eum
709 1144 917 1183 cardinem
938 1151 1009 1191 est,
1033 1145 1139 1184 nillil
1167 1146 1427 1199 longinquum
1449 1147 1557 1188 vohis

135 1202 267 1241 videri
290 1202 414 1241 debet.
460 1216 539 1255 qno
572 1215 688 1241 arma
722 1200 863 1241 vestr-'ci‘
882 1207 1169 1253 pervenerunt,
1204 1204 1335 1242 eodem
1356 1202 1432 1256 jus
1462 1204 1557 1244 hinc

125 1259 350 1312 profectum
367 1261 592 1311 perveniat.
653 1259 854 1307 Barbari,
877 1258 1017 1311 quibus
1029 1273 1111 1312 pro
1131 1259 1282 1313 legibus
1311 1275 1465 1313 semper
1485 1263 1555 1301 do-

132 1317 329 1356 minorum
352 1317 525 1369 imperia
532 1316 727 1369 fuerunt,
749 1330 826 1369 quo
841 1317 1038 1369 gaudent,
1060 1331 1172 1370 reges
1192 1317 1387 1359 habeant:
1423 1319 1559 1358 Groeci

132 1383 247 1414 suam
260 1374 494 1427 fortunam,
517 1381 665 1414 vestros
685 1375 840 1413 animos
862 1380 1022 1426 gerunt.
1083 1375 1328 1415 Domesticis
1358 1377 1557 1429 quondam

133 1431 287 1471 viribus
316 1433 438 1471 etiam
469 1432 676 1484 imperium
709 1431 1073 1483 amplectebantur,-
1106 1445 1224 1479 nunc,
1249 1433 1458 1485 imperium
1490 1432 1560 1473 ubi

133 1494 204 1535 est,
228 1488 287 1528 ibi
308 1495 352 1528 ut
371 1489 424 1528 sit
440 1495 691 1541 perpetuum,
710 1494 865 1540 optant.
891 1488 1120 1529 libertatem
1142 1490 1284 1529 vestris
1304 1491 1411 1530 tueri
1431 1491 1558 1530 armis
1583 1492 1588 1506 '

133 1546 235 1586 satis
266 1545 427 1594 habent,
462 1547 650 1599 quoniam
684 1547 767 1586 suis
797 1559 876 1584 non
904 1552 1085 1597 possunt.
1145 1548 1202 1585 At
1238 1548 1341 1586 enim
1374 1548 1556 1600 quoedam

129 1604 318 1643 ‘civitates
333 1617 417 1643 cum
437 1604 637 1643 Antiocho
657 1609 874 1642 senserunt.
916 1603 975 1642 Et
991 1603 1088 1642 aliae
1101 1604 1223 1655 prius
1237 1618 1321 1643 cum
1337 1605 1554 1656 Philippo,

133 1667 174 1700 et
193 1675 277 1700 cum
299 1661 461 1714 Pyrrho
488 1660 717 1700 Tarentini.
812 1659 846 1699 'e
865 1660 970 1699 alios
991 1661 1166 1712 populos
1190 1657 1423 1712 enumerem,
1445 1661 1555 1701 Kar-

135 1718 256 1772 thago
275 1718 404 1758 libera
424 1732 508 1758 cum
529 1718 610 1758 suis
633 1717 786 1770 legibus
806 1723 878 1757 est.
922 1716 1040 1756 IJuic
1060 1723 1190 1757 vestro
1219 1720 1398 1771 exemplo
1428 1732 1554 1771 quan-

131 1781 214 1815 tum
236 1775 427 1824 debeatis,
448 1776 592 1822 videte,
614 1776 767 1814 Patres
793 1774 1024 1826 conscripti.
1083 1774 1292 1814 Inducetis
1313 1777 1357 1815 in
1378 1777 1554 1816 animum

131 1846 282 1886 negare
300 1833 490 1873 Eumenis
504 1833 738 1885 cupiditati,
757 1829 1105 1885 quodjustissimae
1120 1832 1195 1871 ἱνα)
1210 1838 1346 1873 vestrae
1362 1834 1551 1886 negastis.

130 1891 293 1931 Rhodii
311 1897 348 1930 et
370 1891 414 1930 in
435 1890 517 1938 hoc,
537 1897 574 1930 et
593 1890 635 1929 in
655 1888 835 1929 omnibus
854 1888 980 1937 bellis,
999 1902 1088 1942 quoe
1109 1890 1152 1928 in
1174 1890 1249 1929 illa
1266 1904 1340 1929 ora
1356 1891 1554 1943 gessistis,

131 1962 251 2001 quam
265 1948 594 2001 fortifidelique
611 1961 736 1999 opera
757 1960 823 1987 vos
848 1944 1125 1998 adjuverimzw,
1149 1953 1278 1986 vestro
1293 1946 1460 1999 judicio
1490 1963 1553 1987 re—

130 2006 358 2058 linquimus.
391 2019 495 2044 nunc
515 2008 558 2044 in
577 2018 677 2056 pace
697 2004 743 2043 id
767 2004 974 2043 consilium
996 2004 1239 2057 (afferimus,-
1273 2005 1378 2057 quod
1397 2005 1434 2045 si
1453 2018 1553 2045 com-

127 2062 415 2116 probaveritis,
433 2062 751 2115 magnificentius
767 2075 833 2101 vos
853 2060 1022 2100 victoria
1038 2074 1127 2100 usos
1146 2075 1241 2110 esse,
1259 2075 1377 2114 quam
1398 2063 1551 2110 vicisse,

130 2133 264 2161 omnes
293 2120 565 2159 existimaturi
593 2119 688 2159 sint.
748 2118 868 2173 Apta
893 2116 1174 2172 magnitudini
1195 2118 1398 2163 Romanae
1417 2119 1552 2159 oratio

134 2176 224 2217 visa
244 2186 317 2218 est.
352 2218 356 2222 ,
530 2187 537 2194 ·

190 2233 281 2274 LV.
315 2235 417 2274 Post
444 2232 633 2273 Rhodios
655 2231 856 2272 Antiochi
885 2231 1013 2287 legati
1043 2231 1179 2272 vocati
1210 2240 1319 2273 sunt.
1384 2233 1437 2282 Ii,
1461 2233 1551 2273 vul-

129 2299 233 2346 gato
262 2290 496 2346 petentium
528 2289 688 2330 veniam
715 2303 844 2339 more,
866 2303 1047 2328 errorem
1076 2288 1175 2329 fassi
1205 2289 1330 2344 regis,
1353 2289 1551 2330 obtestati

130 2356 232 2396 sunt
253 2349 400 2388 Patres
419 2345 688 2402 conscriptOS,
717 2345 772 2386 Ut
791 2359 874 2386 suae
890 2346 1030 2398 potius
1049 2346 1280 2394 clementiae,
1305 2360 1421 2399 quam
1444 2348 1552 2399 regis

130 2405 270 2459 culpae,
286 2405 358 2459 qui
371 2405 473 2445 satis
490 2417 686 2457 superque
697 2416 913 2456 poenarum
928 2403 1112 2451 dedisset,
1130 2417 1315 2444 memores
1334 2402 1551 2444 &consule-

444 2471 460 2494 d
474 2473 506 2502 in
520 2470 583 2502 del.
599 2465 691 2502 Crev.
821 2474 835 2489 ⁶
846 2470 942 2511 gemis
956 2468 1018 2499 del.
1034 2469 1131 2500 Gron.
1148 2469 1239 2500 Crev.

179 2522 318 2554 62·Hoc
342 2523 556 2564 patrocinium]
610 2518 717 2559 Quum
747 2532 816 2557 eam
859 2522 944 2562 sunt]
999 2521 1087 2552 Modo
1122 2520 1172 2551 hic
1201 2521 1413 2562 intelligimus,
1446 2524 1547 2552 etiam-

137 2570 269 2604 gentetn,
284 2567 428 2598 Graecam
446 2566 574 2602 scilicet,
589 2566 622 2596 in
644 2564 738 2595 fidem
761 2565 818 2595 eli.
860 2576 942 2595 num.
986 2564 1058 2595 Nisi
1074 2564 1150 2594 forte
1165 2563 1259 2595 debet
1272 2564 1396 2595 omnino
1413 2564 1516 2594 recidi.

135 2607 333 2649 eutelamque
372 2616 504 2640 vestram
541 2607 727 2651 receperitis,
762 2619 817 2639 vos
903 2608 974 2638 64*
988 2607 1073 2637 Velut
1099 2608 1217 2648 ingenio
1238 2608 1341 2648 terne]
1389 2607 1546 2647 Ingenium

137 2648 228 2680 decet
244 2650 301 2680 hoc
320 2651 348 2682 ei
365 2653 566 2693 patrocinium
589 2656 746 2694 praestaxe,
761 2660 814 2681 ex·
858 2657 904 2682 est
927 2650 958 2681 id
981 2649 1064 2691 quod
1084 2649 1256 2689 ingenitum
1280 2656 1336 2685 est,
1354 2649 1467 2679 nativae
1491 2649 1545 2679 do—

124 2692 254 2723 ‚solvere
272 2692 364 2723 fidem
387 2702 530 2733 vestram,
551 2702 698 2737 patronos
713 2704 768 2724 vos
787 2693 816 2724 ei
858 2699 915 2723 tes.
961 2692 1046 2730 Quia
1071 2698 1179 2723 tamen
1197 2693 1290 2734 paulo
1319 2691 1466 2722 audacius
1492 2692 1545 2721 tri·-

136 2733 318 2771 exbibendo,
341 2736 501 2775 univetsae‚
525 2738 716 2779 ubicumque
744 2736 811 2767 tan‘-
856 2735 962 2773 buitur
989 2738 1089 2771 terrae,
1113 2735 1183 2766 ideo
1211 2734 1349 2777 apposita
1376 2740 1422 2764 est
1449 2735 1544 2776 parti·

136 2777 218 2812 dem,
235 2780 298 2809 sive
317 2778 350 2808 in
373 2779 495 2812 Graecia
516 2781 593 2822 ipsa,
608 2780 672 2811 sive
692 2780 724 2810 in
739 2779 817 2810 Asia
860 2779 931 2810 cula
946 2779 1035 2814 velut,
1050 2789 1118 2820 quae
1136 2789 1200 2809 rem
1214 2778 1342 2808 molliat.

136 2819 239 2851 Graeci
253 2821 377 2862 degant,
393 2822 469 2853 etin
483 2830 676 2865 perpetuum.
905 2823 975 2853 65*
987 2821 1192 2861 Consulerem]
1232 2820 1459 2856 Deliberarent,
1483 2825 1543 2850 sta-

177 2863 218 2893 63
251 2863 316 2894 Non
350 2875 410 2904 qna:
446 2867 476 2896 in
505 2868 561 2896 solo
590 2868 670 2896 modo
699 2867 818 2906 antiquo
863 2870 993 2896 tuerent.
1179 2868 1185 2873 “

940 2921 969 2947 Y
992 2909 1016 2945 4
