1947 3222
346 151 396 186 54·
865 149 1008 187 TITl
1059 148 1234 186 LIVII

136 268 312 301 U.C.553.
336 260 640 311 proeturamque
640 256 844 312 fastidiri
851 276 864 298 .·
895 271 966 299 nec
985 271 1065 312 per
1084 257 1273 297 honorum
1297 257 1468 312 gradus,
1489 257 1759 297 documentum

134 312 176 343 A.
189 312 226 343 C.
244 312 314 342 199.

136 1178 177 1209 U.
188 1179 224 1207 C.
241 1176 313 1208 554.

133 1220 175 1250 A.
191 1220 228 1251 C.
243 1220 313 1250 198.

136 1264 207 1294 Sex.
225 1262 320 1297 AElio,

132 1306 170 1336 T.
181 1305 329 1343 Quinctio

134 1348 223 1379 Coss.

133 1391 313 1422 Provinciae.

344 312 409 354 sui
427 313 581 362 dantes,
602 314 754 356 nobiles
782 315 958 355 homines
986 315 1149 355 tendere
1167 315 1225 354 ad
1252 316 1510 362 consulatum,
1532 315 1602 355 sed
1629 319 1762 354 trans-

346 371 549 410 cendendo
567 372 714 419 media,
737 385 884 412 summa
907 373 997 412 imis
1015 371 1264 412 continuare.
1324 371 1410 412 Res
1429 370 1521 412 ²⁷ex
1542 370 1764 426 campestri

347 427 570 468 certamine
599 427 641 468 in
671 435 860 468 senatum
881 428 1007 469 venit.
1069 428 1216 468 Patres
1239 436 1507 478 censuerunt,
1531 427 1614 476 Qui
1639 427 1764 467 hono·

346 484 442 532 rem,
463 483 498 508 2⁸
511 498 621 538 quem
641 484 720 524 sibi
739 499 884 537 capere
900 499 978 537 per
996 486 1101 538 leges
1119 485 1271 532 liceret,
1286 490 1458 537 peteret,
1481 486 1522 525 in
1554 499 1598 525 eo
1615 484 1767 537 populo

347 541 529 589 creandi,
549 554 660 594 quem
690 542 802 593 velit,
815 547 1056 594 potestatem
1076 542 1178 596 fieri
1205 555 1357 595 oequzcm
1387 556 1481 582 esse.
1542 542 1595 582 In
1624 547 1767 581 aucto-

347 597 472 638 ritate
507 597 683 638 Patrum
718 598 836 639 fuere
871 597 1042 640 tribuni.
1104 599 1245 640 Creati
1280 598 1469 639 consules
1506 599 1599 639 Sex.
1624 597 1767 638 AElius

350 655 494 695 Paetus
524 661 566 695 et
588 654 642 695 T.
666 653 887 705 Quinctius
909 654 1183 696 Flamininus.
1245 654 1352 696 Inde
1374 655 1611 696 Praetorum
1640 654 1767 695 comi-

349 709 409 750 tia
437 709 593 752 habita.
630 711 756 753 creati
787 711 839 752 L.
864 711 1083 753 Cornelius
1112 711 1296 761 Merula,
1327 712 1391 752 M.
1416 711 1619 752 Claudius
1649 711 1769 751 Mar-

348 766 491 818 cellus,
514 767 577 807 M.
602 767 776 809 Porcius
805 769 929 819 Cato,
952 770 1000 810 C.
1023 767 1218 819 Helvius,
1240 767 1315 823 qui
1345 767 1485 817 aediles
1513 768 1648 824 plebis
1676 767 1767 808 fue-

347 831 454 864 rant.
485 824 539 865 ab
570 823 619 866 iis
650 824 741 866 ludi
772 824 924 881 plebeii
958 824 1202 867 instaurati:
1246 831 1289 864 et
1322 823 1494 880 epulum
1529 824 1650 866 Jovis
1682 823 1768 865 suit

348 879 546 921 ludorum
566 895 721 922 caussa.
782 883 842 923 Et
863 883 916 923 ab
938 882 1131 923 aedilibus
1152 879 1369 922 curulibus
1392 881 1439 921 C.
1462 880 1628 921 Valerio
1648 881 1769 922 Flac-

348 951 397 977 co
416 936 582 978 flamine
603 937 716 979 Diali
737 945 777 979 et
801 939 849 979 C.
873 938 1067 980 Cornelio
1090 938 1279 993 Cethego
1302 936 1393 978 ludi
1415 936 1596 978 Romani
1614 951 1768 993 magno

348 992 554 1049 adparatu
589 993 702 1036 facti.
761 994 795 1019 ⁶²⁹
809 995 896 1036 Ser.
928 1004 970 1037 et
1002 997 1050 1036 C.
1075 995 1248 1051 Sulpicii
1286 993 1436 1036 Galbae
1470 993 1686 1050 pontifices
1720 1008 1769 1034 eo

348 1064 456 1091 anno
476 1050 631 1092 mortui
661 1059 772 1093 sunt.
803 1051 846 1092 in
875 1050 1020 1093 eorum
1049 1051 1187 1092 locum
1208 1052 1272 1092 M.
1296 1050 1494 1092 AEmilius
1516 1050 1706 1106 Lepidus
1726 1056 1770 1092 et

351 1107 427 1147 Cn.
452 1107 670 1149 Cornelius
694 1109 834 1165 Scipio
854 1109 1071 1164 pontifices
1092 1107 1271 1150 subfecti
1292 1115 1402 1148 sunt.
1496 1160 1499 1162 q

404 1163 536 1204 VIII.
571 1164 664 1205 Sex.
684 1164 824 1206 AElius
850 1165 1002 1215 Paetus,
1026 1165 1079 1205 T.
1096 1165 1319 1215 Quinctius
1339 1163 1600 1205 Flamininus
1622 1178 1769 1205 consu-

346 1219 419 1270 les,
455 1220 704 1274 magistratu
738 1222 858 1272 inito,
891 1229 1080 1263 senatum
1113 1221 1157 1262 in
1189 1220 1398 1277 Capitolio
1431 1236 1565 1276 quum
1598 1220 1769 1262 habuis-

347 1285 451 1327 sent,
483 1277 756 1320 decreverunt
793 1280 955 1329 Patres,
988 1284 1032 1319 ut
1060 1279 1299 1332 provincias
1333 1278 1620 1318 Il‘Iacedoniam
1650 1283 1772 1330 atque

345 1334 514 1375 Italiam
549 1336 726 1376 consules
758 1342 1038 1389 compararent
1080 1337 1187 1376 inter
1221 1350 1273 1383 se,
1307 1336 1607 1376 sortirenturve.
1675 1334 1771 1376 Utri

344 1405 478 1431 eorum
508 1392 759 1432 Macedonia
795 1393 998 1443 evenisset,
1031 1393 1074 1432 in
1106 1393 1414 1446 supplementum
1449 1393 1647 1445 legionum
1682 1392 1769 1431 tria

345 1449 477 1488 millia
497 1449 668 1489 militum
692 1450 963 1490 Romanorum
992 1449 1194 1497 scriberet,
1217 1455 1255 1490 et
1274 1455 1469 1489 trecentos
1489 1449 1651 1503 equites.
1677 1450 1770 1488 item

343 1506 536 1546 sociorum
565 1506 718 1547 Latini
745 1508 920 1547 nominis
952 1507 1126 1560 quinque
1156 1507 1286 1547 millia
1312 1507 1509 1559 peditum,
1532 1506 1770 1559 quingentos

345 1563 509 1616 equites.
569 1562 708 1604 Alteri
730 1563 889 1605 consuli
914 1563 1201 1604 novusromnis
1221 1563 1428 1604 exercitus
1448 1561 1651 1603 decretus.
1714 1561 1765 1603 L.

348 1619 532 1660 Lentulo
571 1619 721 1674 prioris
760 1620 855 1662 anni
897 1619 1056 1660 consuli
1099 1627 1372 1676 prorogatum
1415 1618 1638 1676 imperium
1676 1627 1766 1666 est3

347 1676 586 1731 vetitusque
618 1684 692 1716 aut
728 1677 816 1732 ipse
848 1676 1062 1732 provincia
1091 1676 1289 1717 decedere
1323 1676 1455 1732 prius,
1477 1683 1551 1716 aut
1583 1682 1766 1716 veterem

348 1732 578 1773 exercitum
599 1732 820 1783 deducere,
843 1747 970 1788 quam
1000 1747 1095 1774 cum
1126 1733 1359 1789 legionibus
1388 1732 1506 1773 novis
1536 1732 1680 1773 consul
1700 1747 1771 1773 ve-

348 1788 485 1830 nisset.
549 1789 693 1830 Sortiti
724 1790 912 1831 consules
941 1789 1187 1846 provincias.
1248 1789 1364 1830 AElio
1396 1788 1536 1839 Italia,
1569 1788 1768 1838 Quinctio

349 1845 600 1886 Macedonia
618 1847 768 1887 evenit.
802 1848 1023 1897 Praetores,
1047 1847 1097 1887 L.
1118 1845 1336 1887 Cornelius
1358 1845 1528 1886 Merula
1547 1845 1766 1895 urbanam,

349 1903 413 1942 Μ.
439 1901 642 1943 Claudius
684 1903 881 1953 Siciliam,
921 1902 983 1943 M.
1012 1904 1186 1944 Porcius
1229 1902 1475 1953 Sardiniam,
1512 1903 1560 1944 C.
1586 1900 1768 1943 Helvius

351 1958 531 2000 Galliam
571 1967 632 2000 cst
673 1961 856 2014 sortitps.
917 1959 1117 2001 Delectus
1156 1959 1252 2000 inde
1298 1959 1442 2001 haberi
1482 1967 1543 2000 est
1589 1966 1766 2014 coeptus.

349 2030 459 2063 nam,
490 2024 642 2072 praeter
677 2017 912 2058 consulares
942 2016 1163 2067 exercitus,
1189 2014 1434 2072 ³⁰praetores
1464 2030 1636 2072 quoque
1659 2015 1767 2071 jussi

349 2071 525 2113 scribere
560 2072 711 2115 milites
746 2082 874 2115 erant.
938 2073 1141 2114 Marcello
1174 2073 1216 2115 in
1249 2073 1429 2115 Siciliam
1459 2081 1643 2129 quatuor
1677 2071 1768 2113 mil-

349 2128 405 2169 lia
438 2129 627 2185 pediturn
664 2130 821 2172 socium
858 2130 1000 2172 Latini
1035 2129 1226 2180 nominis,
1260 2139 1300 2171 et
1336 2138 1541 2171 trecentos
1575 2128 1764 2185 equites;

352 2184 501 2227 Catoni
533 2186 575 2226 in
609 2187 840 2228 Sardiniam
870 2203 921 2228 ex
953 2187 1096 2229 eodem
1128 2202 1278 2243 genere
1312 2186 1493 2228 militum
1526 2187 1608 2227 tria
1635 2185 1767 2226 millia

351 2293 370 2323 l.
395 2294 519 2324 XXIX.
545 2305 573 2324 c.
605 2295 672 2329 ll.)
695 2295 808 2326 omissa
837 2301 969 2337 proetura
996 2295 1036 2326 ad
1121 2297 1162 2327 29
1186 2298 1248 2327 Ser.
1271 2301 1297 2326 et
1324 2296 1360 2327 C.
1374 2296 1497 2335 Sulpicii
1519 2294 1633 2335 Gazbae]
1659 2293 1763 2325 Olim:

349 2337 542 2367 consulatum
557 2337 749 2369 ascenderat.
1081 2342 1142 2370 Ser.
1172 2341 1319 2379 Sulpicius
1345 2346 1371 2369 et
1402 2338 1440 2369 L.
1469 2338 1576 2368 Galba.
1628 2337 1766 2367 Mutavit

392 2379 528 2409 27³⁶&
569 2380 720 2419 campestri
765 2381 937 2422 certamine]
990 2382 1038 2412 Ex
1080 2383 1234 2424 Sigonius.
1277 2381 1403 2412 Servius
1437 2380 1574 2422 pontifex
1602 2378 1633 2409 in
1663 2379 1764 2410 locum

350 2432 459 2463 campo
483 2422 609 2457 Martio,
626 2422 680 2453 nbi
703 2422 801 2465 primo
829 2424 947 2466 agitata
968 2434 1033 2455 cer·
1079 2425 1166 2456 Fabii
1183 2423 1315 2456 Maximi
1337 2423 1484 2454 suffectus
1507 2427 1691 2453 memoratur
1712 2433 1763 2453 su-

351 2469 454 2496 tamcn
480 2464 678 2497 excitaverat.
723 2467 760 2497 In
788 2477 897 2508 campo
925 2477 1034 2508 nempe
1100 2479 1144 2504 ra,
1167 2468 1190 2499 l.
1216 2468 1321 2498 XXX.
1344 2478 1372 2497 c.
1394 2468 1446 2497 26.
1470 2465 1575 2499 Caius,
1599 2464 1630 2494 in
1660 2464 1762 2495 locum

351 2506 467 2538 Martio
481 2507 606 2538 comitia
621 2509 795 2540 centuriata
808 2505 1012 2540 habebantur.
1078 2479 1193 2542 iilanlii
1208 2509 1369 2550 Torquati,
1383 2508 1491 2540 eodem
1507 2507 1595 2542 libro,
1611 2518 1639 2539 c.
1656 2508 1709 2538 39.

392 2552 433 2581 28
459 2551 551 2584 Quem
564 2553 614 2581 silui
629 2562 729 2591 capere
750 2564 801 2591 per
821 2555 894 2594 leges
918 2553 1033 2594 liceret]
1120 2555 1162 2584 30
1199 2554 1339 2584 Praetores
1381 2562 1490 2593 quoque
1524 2552 1603 2590 jussi
1640 2551 1763 2581 scribere

351 2592 500 2624 Nondum
526 2593 591 2624 ulla
613 2594 662 2624 lex
685 2596 821 2631 vetabat,
845 2595 963 2625 omissis
985 2595 1030 2626 in·
1076 2597 1180 2627 vizilites
1203 2602 1305 2627 erant:
1338 2593 1494 2634 Marcello]
1526 2592 1667 2624 Postulat
1691 2603 1758 2624 ora-

350 2636 509 2667 serioribus
530 2636 677 2667 honorum
702 2637 858 2677 gradibuS.
879 2638 918 2669 ad
942 2648 1032 2679 supe·
1077 2638 1167 2670 tionis
1209 2639 1295 2670 filum
1332 2638 1503 2671 Marcellus,
1539 2642 1573 2666 ut
1615 2641 1646 2666 et
1683 2636 1762 2667 infra

349 2678 442 2710 riores
471 2689 537 2710 sese
571 2679 742 2720 accingere.
787 2681 875 2721 Sylla
902 2680 1034 2712 dictator
1079 2681 1247 2719 Cam-'non
1271 2682 1386 2712 Catoni.
1430 2680 1646 2711 Gnoxouvs.
1693 2678 1763 2710 Nisi

349 2720 448 2761 legem
483 2721 565 2758 tulit,
595 2733 633 2753 ne
662 2722 730 2764 quis
763 2728 927 2764 praeturam
962 2729 1032 2755 ante
1077 2725 1178 2766 potius
1211 2724 1379 2766 legendum
1417 2728 1463 2754 cst
1497 2723 1683 2762 pmrtoribus:
1728 2726 1763 2752 ut

347 2769 532 2804 quaesturam
567 2770 692 2807 peteret,
723 2775 801 2796 neve
835 2766 1029 2797 consulatum
1075 2777 1183 2798 sensus
1199 2767 1250 2804 sit,
1265 2767 1408 2799 consules
1428 2766 1529 2807 jussos
1545 2776 1611 2796 csse
1631 2763 1763 2796 scribere

348 2812 418 2837 ante
446 2813 620 2848 praeturnm.
664 2807 765 2839 Testis
788 2813 833 2839 est
857 2809 1030 2851 Appianus‚
1075 2820 1197 2851 quoque
1221 2810 1345 2845 milite&
1362 2809 1415 2851 qui
1439 2815 1589 2840 mererent
1604 2808 1661 2839 sub
1684 2817 1760 2850 prze-

347 2848 369 2879 1.
394 2849 421 2879 Ι.
449 2850 604 2882 Bellorum
633 2850 726 2883 Civil.
771 2851 844 2881 vid.
871 2852 1030 2894 Supplcm.
1075 2852 1202 2884 toribus.
1251 2852 1351 2895 Atque
1375 2852 1406 2884 id
1431 2863 1486 2884 nos
1509 2852 1634 2884 omnino
1655 2860 1760 2882 verum

348 2891 532 2923 Freinshcm.
550 2894 569 2924 1.
590 2894 771 2925 LXXXIX.
787 2905 814 2924 c.
829 2895 860 2924 9.
1075 2901 1230 2937 putamus.
