1947 3222
547 138 668 174 LIB.
698 135 893 173 XXXIX.
931 138 1064 174 CAP.
1095 136 1208 174 VIII.
1511 142 1584 176 405

165 250 234 285 tus
256 246 411 301 rejecit.
473 246 608 287 Ludis
630 245 831 286 Romanis
851 260 900 285 eo
920 260 1043 294 anno,
1065 261 1170 299 quos
1194 244 1240 285 P.
1265 246 1485 288 Cornelius
1506 247 1681 287 Ce-U.c.
1698 254 1771 284 565.

163 300 330 357 thegus,
362 303 417 342 A.
442 301 681 343 Postumius
713 301 896 343 Albinus
927 301 1149 351 faciebant,
1179 301 1354 344 ³⁵malus
1388 303 1428 344 in
1474 297 1684 344 circoA-C·
1700 297 1771 330 187.

162 356 366 400 instabilis
395 359 438 400 in
468 358 629 413 signum
657 358 873 400 Pollentiae
894 358 1089 415 procidit,
1111 367 1240 414 atque
1270 359 1314 398 id
1341 359 1504 414 dejecit.
1536 376 1585 401 ea

165 414 363 469 religione
396 415 496 456 moti
528 416 690 467 Patres,
711 426 752 457 et
773 415 882 456 diem
917 431 1046 456 unum
1075 414 1355 470 adjiciendum
1386 416 1581 457 ludorum

163 470 391 514 celebritati
422 481 687 522 censuerunt,
719 481 760 514 et
792 471 953 527 ³⁶signa
982 472 1067 512 duo
1102 487 1179 527 pro
1216 486 1299 512 uno
1328 474 1580 527 reponenda,

161 535 205 569 et
226 543 378 569 novum
399 537 593 570 auratum
615 529 866 571 faciendum.
928 531 986 571 Et
1017 528 1169 585 plebeii
1200 528 1287 569 ludi
1309 528 1363 569 ab
1388 529 1582 571 aedilibus

165 585 214 626 C.
237 585 480 641 Sempronio
501 586 639 628 Blaeso
669 596 709 628 et
735 586 796 628 M.
824 587 954 628 Furio
977 587 1116 627 Lusco
1137 585 1247 627 diem
1269 600 1401 627 unum
1425 586 1582 628 instau-

162 640 241 682 rati
262 652 372 684 sunt.

220 697 351 739 VIII.
387 700 616 755 Insequens
651 716 783 743 annus
821 702 891 758 Sp.
925 700 1189 742 Postumium
1222 700 1427 741 Albinum
1458 708 1500 742 et
1531 702 1580 752 Q.
1597 707 1770 758 ἱ«“.(ῑ.56(ξ.

160 753 371 796 Marcium
404 757 650 814 Philippum
686 759 874 799 consules
909 759 962 800 ab
994 759 1180 800 exercitu
1217 757 1506 814 bellorumque
1542 750 1770 823 etg·“'1·,¹³t⁵‘’·

161 811 471 867 provinciarum
522 830 623 856 cura
671 815 726 856 ad
766 816 972 857 intestina„¹
1013 814 1310 872 conjurationis
1354 804 1723 872 νίηάίεῖᾶηιῆξῖξ),ὅὸ
1739 805 1770 824 u-

161 868 325 911 avertit.
388 872 595 913 Praetores
625 873 859 928 provincias
884 872 1018 914 sortiti
1041 880 1153 922 sunt,
1178 873 1231 912 T.
1256 872 1441 912 Maenius
1462 873 1584 913 urba·
1595 878 1716 932 marcio

161 940 274 977 nam,
312 928 375 968 M.
412 927 600 969 Licinius
641 929 845 970 Lucullus
880 930 987 971 inter
1022 929 1131 970 cives
1166 937 1207 970 et
1243 921 1681 984 peregrinos,¹C.[⁰³⁶³·

162 983 365 1025 Aurelius
403 986 584 1026 Scaurus
622 986 869 1036 Sardiniam,
905 988 952 1027 P.
987 986 1206 1026 Cornelius
1239 985 1355 1026 Sulla
1387 986 1583 1036 Siciliam,

163 1039 216 1080 L.
247 1041 469 1090 Quinctius
504 1042 725 1099 Crispinus
762 1043 1010 1099 Hispaniam
1046 1042 1292 1093 citeriorem,
1328 1044 1375 1083 C.
1410 1043 1587 1099 Calpur-

163 1097 258 1138 nius
307 1098 405 1140 Piso
446 1099 694 1155 Hispaniam
745 1100 996 1141 ulteriorem.
1078 1099 1332 1140 Consulibus
1381 1100 1585 1142 ambobus

161 1154 340 1209 quaestio
369 1155 421 1197 de
451 1156 715 1197 clandestinis
745 1155 1102 1214 conjurationibus
1134 1155 1301 1197 decreta
1330 1164 1405 1197 est.
1467 1157 1773 1213 Grae-Raciliam—

160 1226 238 1252 cus
258 1212 453 1267 ignobilis
473 1213 516 1253 in
538 1213 755 1254 Etruriam
780 1214 962 1269 primum
986 1213 1100 1254 venit
1130 1212 1247 1254 nulla
1276 1228 1371 1254 cum
1401 1221 1490 1255 arte
1521 1209 1649 1256 (ΒεμῙῑοη

161 1283 271 1319 rum,
303 1284 409 1324 quas
444 1269 598 1311 multas
627 1270 681 1311 ad
711 1270 944 1312 animorum
979 1285 1287 1326 corporumque
1321 1269 1482 1312 cultum
1515 1287 1586 1313 no-

163 1325 226 1367 bis
259 1326 541 1368 eruditissima
575 1327 760 1369 omnium
801 1342 903 1383 gens
941 1326 1115 1376 invexit,
1148 1327 1404 1368 sacrificulus
1438 1337 1480 1370 et
1516 1344 1585 1370 va-

162 1390 247 1424 tes:
280 1397 355 1424 nec
384 1384 434 1434 is,
465 1384 540 1440 qui
570 1392 717 1440 aperta
744 1384 958 1440 religione,
983 1383 1198 1440 propalam
1229 1391 1271 1425 et
1301 1393 1512 1439 quaestum
1543 1395 1584 1428 et

159 1438 424 1496 disciplinam
475 1441 725 1496 profitendo,
775 1441 933 1482 animos
971 1438 1198 1481 ³⁷h0rrore¹
1238 1440 1461 1491 imbueret,
1512 1444 1584 1484 sed

162 1497 424 1538 occultorum
464 1505 506 1538 et
546 1504 874 1539 nocturnorumm
904 1498 1077 1539 antistes
1117 1512 1340 1543 sacrorum.
1414 1497 1603 1551 33Initias

161 1561 296 1603 erant,
337 1569 434 1609 quae
483 1555 619 1609 primo
667 1556 812 1611 paucis
862 1555 1019 1596 tradita
1059 1562 1179 1596 sunt:
1232 1554 1381 1596 deinde
1421 1556 1585 1612 vulgari

160 1618 301 1665 coepta
349 1619 467 1653 suntn
506 1626 582 1668 per
630 1612 742 1653 viros
789 1611 1080 1668 mulieresque.
1141 1611 1298 1653 additae
1347 1612 1585 1669 voluptates

159 1666 350 1722 religioni
385 1667 471 1709 vini
506 1677 548 1710 et
582 1668 818 1724 epularum,
853 1684 939 1724 quo
977 1668 1164 1724 plurium
1205 1668 1329 1709 animi
1370 1669 1584 1712 inliceren-

156 1730 246 1764 vtur.
322 1722 512 1769 ⁴³9Quum
552 1725 697 1766 vinum
736 1726 908 1773 animos,
948 1734 990 1767 et
1035 1740 1117 1767 nox
1158 1733 1199 1767 et
1248 1725 1370 1767 mixti
1419 1727 1583 1768 feminis

159 1795 307 1831 mares,
343 1781 479 1823 oetatis
519 1790 672 1824 tenerae
707 1783 951 1839 majoribUS,
987 1782 1208 1824 discrimen
1247 1797 1369 1823 omne
1408 1784 1582 1839 pudoris

159 1837 481 1887 exstinxissent3
524 1839 773 1896 corruptelae
802 1841 987 1896 primum
1015 1840 1150 1881 omnis
1179 1840 1342 1895 generis
1362 1840 1449 1881 fieri
1472 1856 1582 1897 coep-

159 1901 230 1945 tae,
251 1910 387 1951 quum
407 1895 461 1938 ad
485 1896 529 1937 id
560 1896 754 1953 quisque,
776 1913 862 1953 quo
891 1905 1044 1939 natura
1072 1897 1278 1953 pronioris
1308 1896 1492 1940 libidinis
1522 1914 1583 1940 es-

159 1959 238 2001 set,
258 1960 447 2007 paratam
474 1953 735 2009 voluptatem
765 1954 950 1996 haberet.
1012 1954 1100 1995 Nec
1127 1968 1261 1994 unum
1287 1969 1420 2009 genus
1444 1970 1580 2005 noxae,

160 2015 309 2063 stupra
342 2010 580 2065 promiscua
614 2009 893 2066 ingenuorum
931 2010 1282 2066 feminarumque,
1318 2019 1460 2052 erant:
1509 2012 1581 2053 sed

158 2063 253 2105 falsi
284 2073 425 2117 testes,
453 2065 597 2108 ⁴⁰falsa
630 2067 749 2123 signa
782 2067 1103 2123 testimoniaque
1137 2075 1178 2108 et
1214 2065 1404 2108 ‘ssindicia
1432 2083 1484 2109 ex
1516 2083 1582 2110 ea-

1247 2149 1264 2166 n
1277 2153 1346 2178 ὸιιηι
1361 2146 1424 2179 del.
1440 2149 1528 2179 Eaed.

209 2142 219 2167 1
233 2155 332 2176 errore
346 2145 439 2178 Crev.
547 2149 573 2167 ¹¹¹
588 2153 616 2178 et
631 2153 842 2178 nocturnorum
855 2146 917 2178 del.
935 2147 1032 2178 Gron.
1049 2146 1140 2178 Crev-

203 2215 247 2246 35
271 2215 372 2246 RIalus
386 2218 417 2247 in
434 2215 518 2247 Circo
531 2217 673 2248 instabilis
689 2218 720 2247 in
732 2218 849 2259 signum

162 2257 319 2289 Pollentiae
339 2259 482 2300 procidit]
518 2259 762 2301 Intelligendum
792 2260 849 2291 hoc

160 2305 210 2331 est
232 2301 272 2333 de
297 2301 386 2343 signo
409 2301 474 2333 deae
498 2302 673 2338 Pollentiae,
699 2302 763 2334 sive
786 2303 847 2333 Po-

161 2344 283 2387 tentiae:
322 2350 488 2386 utrumque
514 2345 596 2376 enim
627 2355 738 2376 nomen
766 2344 848 2377 idem

161 2390 220 2418 est.
261 2387 388 2419 Malum
417 2393 533 2424 autem,
561 2399 580 2418 a
606 2399 667 2429 quo
694 2388 849 2430 dejectum

161 2428 324 2460 Pollentiae
346 2431 469 2472 signum
489 2431 584 2463 tradit
609 2430 726 2469 Livius,
751 2441 848 2462 unum

159 2480 200 2502 ex
219 2466 280 2502 illis
303 2472 396 2505 fuisse
421 2474 615 2510 arbitramur,
642 2473 754 2514 quibus
781 2474 851 2505 vela

161 2522 301 2556 expansa
319 2516 535 2549 suffulciuntur
559 2517 599 2549 ad
621 2517 702 2548 azius
723 2515 851 2557 injurias

162 2556 324 2594 arcendas,
362 2565 397 2590 ut
432 2560 626 2591 commodius
663 2565 849 2601 spectatores

161 2598 252 2630 ludos
277 2606 415 2641 spectare
446 2603 576 2644 possint.
633 2603 849 2634 MAnchws

161 2641 342 2674 DONATus.

204 2685 248 2716 36
270 2685 363 2726 Signa
383 2687 442 2717 duo
461 2699 514 2728 pro
534 2689 610 2730 uno]
645 2689 744 2720 Vetus
764 2687 847 2719 scili-

160 2732 211 2758 cet
224 2727 345 2769 signum
365 2731 588 2770 reponendum,
603 2731 748 2773 adjuncto
771 2741 850 2762 novo

159 2780 234 2843 gno,
263 2769 347 2812 quod
375 2771 500 2813 quidem
528 2780 670 2806 auratum
699 2774 762 2806 fieri
795 2774 845 2816 ju-

183 2817 260 2844 etur.

203 2856 244 2886 37
269 2855 392 2897 Errare]
429 2857 479 2887 Sic
509 2863 580 2891 vett.
611 2859 686 2890 editi
713 2864 745 2890 ct
774 2860 847 2891 MS.

162 2897 245 2930 Vict.
275 2899 395 2935 melius,
426 2910 519 2942 quain
549 2901 631 2941 quod
669 2911 686 2931 a
723 2901 847 2943 sigonio

892 2216 1046 2259 prolatum
1061 2215 1193 2247 editores
1207 2222 1397 2259 receperant,
1410 2217 1536 2249 hamore.

935 2261 976 2290 38
1000 2259 1095 2290 Initia
1120 2259 1220 2300 erant]
1253 2259 1398 2300 Intellige
1423 2262 1578 2302 mysteria,

891 2302 1003 2344 quibus
1046 2301 1267 2333 initiabantur:
1318 2304 1581 2344 quemadmodum

891 2356 996 2387 supra,
1019 2345 1041 2375 1.
1067 2345 1192 2377 XXXI.
1218 2356 1246 2377 c.
1274 2346 1322 2376 14.
1346 2357 1398 2386 per
1423 2346 1581 2378 Initiorum

891 2390 961 2419 (lies.

935 2431 976 2462 39
1002 2431 1103 2465 Quum
1143 2432 1244 2461 vinnm
1287 2432 1395 2461 animos
1439 2438 1466 2462 ct
1509 2434 1580 2473 ⁷1o1]

893 2473 990 2505 Haud
1020 2473 1113 2505 dubie
1139 2478 1284 2515 corrupta
1309 2478 1356 2504 est
1378 2485 1437 2505 vox
1461 2476 1579 2505 animus.

894 2516 1070 2547 Gronovius
1116 2516 1272 2552 emendat,
1317 2519 1429 2553 vinum,
1473 2519 1579 2548 clamo-

894 2569 949 2595 res,
985 2571 1056 2590 ηομ
1094 2559 1245 2595 Clericus,
1282 2560 1393 2595 vinum,
1431 2571 1522 2596 amor,
1551 2567 1578 2590 et

894 2613 956 2632 uox.

936 2646 978 2675 40
1001 2644 1089 2675 Falsa
1112 2666 1120 2675 .
1144 2666 1152 2676 .
1174 2667 1183 2675 .
1206 2645 1334 2686 indicia]
1369 2645 1467 2675 Falsa:
1491 2644 1576 2675 dela-

894 2686 1003 2724 tiones,
1029 2687 1108 2718 falsa
1135 2687 1265 2719 crimina
1285 2687 1318 2717 in
1340 2687 1475 2717 insontes
1501 2697 1574 2718 con—

888 2729 984 2771 jecta.
1038 2730 1111 2761 Non
1135 2730 1307 2761 absimilem
1333 2729 1477 2760 Catilinae
1500 2729 1573 2761 cho-

890 2783 957 2803 rum
980 2772 1088 2804 tribuit
1114 2772 1236 2807 Cicero,
1259 2783 1297 2803 cx
1323 2773 1464 2802 indicibus
1489 2779 1575 2813 atquc

889 2818 1011 2851 sicariis,
1028 2827 1082 2857 pro
1097 2816 1183 2846 Mur,
1200 2826 1230 2845 n.
1245 2816 1298 2845 49.

933 2859 971 2888 41
991 2858 1123 2898 Iudicia]
1148 2855 1375 2896 ProbaSigonii
1389 2858 1574 2889 emendatio.

890 2901 1112 2940 Ante-judicia.

946 2943 1068 2983 ndss
