1947 3222
505 123 539 162 L
555 124 572 161 I
586 123 633 161 B.
660 119 900 172 XXXVIII.
948 122 978 158 C
995 123 1026 158 A
1043 121 1082 159 P.
1113 122 1223 160 XLI.
1497 125 1572 164 375

34 229 38 284 l
155 232 423 291 Lysimachia
440 232 524 283 die,
544 231 599 273 ad
619 245 797 281 amnem,
821 229 993 270 Melana
1022 244 1150 285 quem
1176 238 1339 281 vocant,
1361 229 1457 271 inde
1477 245 1570 286 pos-
1584 240 1625 272 U.
1639 239 1676 272 C.
1687 240 1749 272 564

154 299 243 333 tero
273 290 339 331 die
371 289 552 347 Cypsela
579 287 781 344 pervenit.
827 302 852 327 a
885 286 1077 343 Cypselis
1111 286 1180 326 via
1213 286 1355 328 decem
1390 287 1570 329 millium
1581 283 1749 315 A·C·¹83

152 347 239 388 fere
270 347 484 396 silvestris,
514 352 708 401 angusta,
739 344 986 400 confragosa
1013 342 1261 399 excipiebat.
1297 351 1470 399 propter
1499 360 1570 386 cu-

147 404 220 460 jus
241 403 527 445 difficultatem
554 401 714 443 itineris
735 400 777 442 in
798 401 902 442 duas
932 409 1072 458 partes
1093 399 1252 441 divisus
1276 400 1496 442 exercitus.
1527 411 1569 444 et

153 460 385 516 praecedere
420 474 505 499 una
532 459 665 515 jussa,
701 457 834 500 altera
872 473 1024 514 magno
1058 456 1278 505 intervallo
1317 471 1463 512 cogere
1499 473 1569 513 ag-

152 533 261 566 men,
283 516 420 557 media
442 515 730 572 inpedimenta
757 515 1033 571 interposuit:
1067 514 1257 571 plaustra
1276 528 1371 555 cum
1393 515 1570 569 pecunia

153 574 320 630 publica
348 581 480 622 erant,
508 573 775 629 pretiosaque
805 572 886 614 alia
914 571 1069 628 praeda.
1133 572 1302 627 Itaque,
1331 585 1465 627 quum
1496 587 1571 627 per

153 630 303 672 saltum
333 629 427 680 iret,
452 630 670 671 Thracum
700 629 841 671 decem
872 629 989 670 haud
1019 628 1200 685 amplius
1229 628 1361 678 millia
1388 643 1439 677 ex
1470 643 1572 684 qua-

153 695 249 728 tuor
277 687 460 742 populis,
492 687 622 738 Astii,
653 696 694 729 et
728 687 860 738 Caeni,
887 696 929 728 et
961 686 1228 736 Maduateni,
1254 693 1296 727 et
1325 684 1495 736 Coreli-³,
1517 685 1572 727 ad

150 743 260 798 ipsas
280 744 495 799 angustias
515 744 626 785 viam
647 744 1017 785 circumsederunt.
1080 742 1233 799 Opinio
1255 751 1359 794 erat,
1381 757 1463 790 non
1486 742 1572 784 sine

150 799 337 856 Philippi
368 802 477 856 regis
514 801 798 842 Macedonum
834 801 984 842 fraude
1014 800 1060 841 id
1092 800 1265 841 factum.
1307 814 1405 840 eum
1434 798 1571 851 scisse,

148 872 231 898 non
252 857 347 907 alia,
370 873 498 913 quam
526 874 601 915 per
625 858 866 908 Thraciam,
887 858 1098 899 redituros
1128 858 1356 906 Romanos,
1378 865 1421 897 et
1441 871 1574 912 quan-

150 922 236 956 tam
266 914 486 970 pecuniam
511 930 651 956 secum
672 923 900 971 portarent.
963 916 1014 956 In
1045 915 1182 971 primo
1202 914 1367 970 agmine
1396 913 1574 969 impera·

150 979 216 1012 tor
247 980 350 1023 erat,
382 972 584 1023 sollicitus
613 980 786 1028 propter
820 972 1087 1028 iniquitatem
1124 971 1322 1012 locorum.
1385 970 1573 1012 Thraces
1584 976 1719 1025 Thraces

151 1028 257 1069 nihil
287 1043 329 1069 se
359 1037 596 1080 moverunt,
626 1029 757 1070 donec
787 1029 936 1071 armati
967 1028 1201 1070 transirent.
1233 1036 1459 1084 postquam
1489 1028 1573 1084 pri·
1584 1028 1757 1094 gumtmva-

150 1100 240 1126 mos
273 1101 486 1141 superasse
521 1085 736 1142 angustias
770 1086 983 1136 viderunt,
1018 1093 1249 1141 postremos
1284 1084 1472 1130 nondum
1503 1084 1574 1125 ad·
1608 1074 1674 1094 un.

150 1143 496 1199 propinquantes,
525 1143 809 1199 inpedimenta
838 1152 878 1183 et
913 1143 1092 1183 sarcinas
1121 1141 1341 1183 invadunt.
1373 1141 1574 1197 caesisque

151 1199 411 1249 custodibus,
433 1200 588 1256 partim
609 1215 670 1250 ea,
693 1215 790 1256 quae
820 1199 862 1241 in
888 1199 1088 1256 plaustris
1109 1207 1241 1249 erant,
1263 1197 1459 1254 diripere,
1481 1213 1575 1254 par-

151 1256 225 1297 tim
248 1256 327 1297 sub
347 1256 543 1298 oneribus
568 1257 762 1313 jumenta
782 1257 1035 1298 abstrahere.
1096 1256 1223 1296 Unde
1248 1263 1473 1312 postquam
1495 1255 1577 1296 cla-

150 1328 241 1354 mor
268 1313 452 1370 primum
473 1314 527 1355 ad
549 1329 632 1364 eos,
655 1313 744 1369 qui,
760 1314 849 1370 jam
880 1313 1053 1370 ingressi
1083 1313 1251 1363 saltum,
1274 1312 1574 1368 sequebantur,

151 1369 302 1411 deinde
332 1370 457 1412 etiam
486 1371 543 1420 ad
571 1371 755 1427 primum
786 1386 936 1426 agmen
967 1380 1029 1412 est
1059 1370 1261 1426 perlatus,
1287 1369 1502 1425 utrimque
1532 1370 1576 1411 in

150 1427 338 1468 medium
373 1428 652 1479 concurritur,
689 1436 730 1469 et
765 1427 1050 1468 inordinatum
1088 1427 1211 1468 simul
1246 1425 1441 1483 pluribus
1476 1426 1576 1468 locis

152 1484 350 1540 proelium
381 1485 624 1525 conseritur.
693 1485 882 1525 Thracas
912 1483 1057 1540 praeda
1084 1484 1176 1539 ipsa
1205 1482 1414 1539 inpeditos
1442 1484 1577 1524 oneri-

150 1541 247 1591 bus,
269 1549 310 1582 et
331 1540 553 1597 plerosque
577 1541 645 1594 (ut
666 1541 720 1583 ad
740 1541 989 1597 rapiendum
1009 1556 1158 1582 manus
1179 1556 1332 1581 vacuas
1351 1540 1574 1595 haberent)

152 1596 342 1648 inermes,
374 1598 428 1639 ad
458 1598 615 1639 caedem
651 1598 838 1654 praebet3
888 1599 1101 1639 Romanos
1135 1597 1337 1653 iniquitas
1372 1596 1574 1647 locorum,

150 1654 340 1696 barbaris
369 1670 444 1711 per
465 1655 587 1696 calles
608 1664 728 1697 notos
754 1655 1108 1703 obcursantibus²,
1131 1664 1172 1695 et
1193 1653 1422 1696 latentibus
1449 1653 1575 1695 inter-

151 1710 255 1753 dum
285 1727 359 1767 per
389 1727 510 1753 cavas
539 1712 682 1763 valles,
704 1711 921 1768 prodebat.
952 1712 1045 1767 ipsa
1065 1711 1190 1752 etiam
1214 1727 1340 1752 onera
1369 1710 1576 1767 plaustra-

152 1783 250 1824 que,
272 1777 320 1810 ut
343 1769 429 1809 fors
458 1769 572 1819 tulit,
594 1769 659 1810 his
680 1778 753 1810 aut
782 1768 865 1810 illis
894 1768 1154 1809 incommode
1184 1768 1362 1825 objecta,
1384 1783 1575 1824 pugnan-

151 1825 266 1867 tibus
295 1825 581 1882 inpedimento
613 1834 735 1868 sunt:
781 1825 880 1867 alibi
911 1825 1072 1882 praedo,
1104 1825 1203 1866 alibi
1233 1825 1389 1881 praedae
1419 1825 1575 1866 vindex

150 1881 275 1924 cadit.
337 1884 472 1925 Prout
492 1883 609 1925 locus
628 1883 801 1939 iniquus
821 1898 1022 1938 aequusve
1044 1881 1108 1923 his
1129 1890 1204 1923 aut
1225 1881 1319 1933 illis,
1341 1889 1468 1939 prout
1489 1882 1575 1922 ani-

152 1954 248 1980 mus
274 1940 555 1996 pugnantium
590 1948 667 1991 est,
698 1948 827 1996 prout
856 1954 1072 1991 numerus,
1105 1938 1195 1990 (alii
1225 1938 1334 1980 enim
1364 1938 1574 1995 pluribuS,

151 2010 278 2051 quam
299 1996 379 2052 ipsi
403 2004 535 2045 erant,
557 1996 627 2038 alii
657 1996 942 2053 paucioribus,
964 1996 1258 2050 obcurrerant)
1281 1995 1397 2036 varia
1416 2011 1574 2051 pugnae

151 2054 325 2094 fortuna
352 2062 426 2095 est.
457 2054 582 2095 multi
612 2053 828 2109 utrimque
858 2053 1026 2094 cadunt.
1087 2053 1187 2093 Jam
1216 2067 1301 2093 nox
1331 2053 1572 2108 adpetebat,

151 2125 287 2165 quum
321 2110 470 2166 proelio
504 2110 714 2152 excedunt
751 2110 952 2159 Thraces,
984 2124 1068 2150 non
1102 2109 1206 2166 fuga
1240 2109 1463 2150 vulnerum
1499 2117 1573 2150 aut

152 2167 312 2218 mortis,
335 2167 408 2208 sed
429 2167 530 2224 quia
550 2168 649 2209 satis
669 2166 826 2224 praedae
845 2167 1068 2208 habebant.

210 2225 339 2265 XLI.
375 2224 662 2266 Romanorum
692 2225 876 2280 primum
907 2239 1056 2280 agmen
1086 2231 1206 2265 extra
1235 2223 1389 2265 saltum
1417 2221 1452 2247 ‘¹⁰
1464 2223 1573 2265 circa

154 2281 358 2338 templum
379 2281 635 2323 Bendidium
655 2289 791 2322 castra
818 2281 910 2322 loco
939 2289 1084 2336 aperto
1115 2281 1280 2336 posuit:
1314 2295 1411 2336 pars
1441 2280 1573 2321 altera

154 2338 208 2378 ad
235 2338 468 2380 custodiam
504 2338 882 2394 inpedimentorum
915 2337 1052 2378 medio
1084 2337 1127 2378 in
1156 2337 1281 2388 saltu,
1304 2336 1463 2392 duplici
1495 2336 1572 2377 cir-

156 2395 350 2437 cumdata
369 2395 493 2447 vallo,
515 2395 678 2437 mansit.
741 2396 915 2436 Postero
945 2394 1026 2444 die,
1048 2395 1167 2450 prius
1196 2394 1415 2450 explorato
1445 2393 1571 2443 saltu,

156 2465 282 2505 quam
301 2461 529 2503 moverent,
550 2452 695 2509 primis
717 2467 758 2493 se
778 2452 1052 2508 conjungunt.
1115 2452 1167 2492 In
1184 2467 1232 2492 eo
1251 2450 1414 2507 proelio,
1437 2465 1570 2507 quum

157 2516 199 2548 et
238 2507 616 2563 inpedimentorum
655 2522 752 2565 pars
791 2517 833 2550 et
873 2508 1080 2559 calonum,
1120 2515 1162 2549 et
1202 2507 1354 2550 milites
1393 2507 1570 2563 aliquot,

156 2578 288 2619 quum
316 2567 469 2620 passim
488 2574 579 2608 toto
608 2581 738 2622 prope
764 2565 873 2607 saltu
902 2574 1179 2621 pugnaretur,
1201 2565 1457 2613 cecidissent,
1480 2563 1573 2619 plu-

155 2621 309 2661 rimum
331 2621 380 2671 Q.
401 2623 581 2665 Minucii
605 2623 781 2664 Thermi
811 2631 944 2664 morte
972 2622 1112 2663 damni
1144 2630 1214 2663 est⁴
1236 2629 1470 2677 acceptum,
1492 2619 1574 2660 for-

437 2716 449 2733 ³
465 2714 583 2745 coeletae
601 2715 699 2746 Gron.
715 2716 806 2746 Crev.
935 2714 945 2735 ¹
964 2714 1181 2744 imnrsantibus
1197 2712 1287 2743 Eaed.

199 2795 241 2824 40
266 2795 351 2842 Circsz
375 2797 513 2835 templum
536 2799 734 2841 Bendidium]
758 2800 841 2830 Ben-
884 2799 967 2829 [lidia
1001 2797 1069 2838 ejus
1101 2797 1182 2828 feriae
1214 2795 1346 2826 Athenis
1374 2795 1572 2827 vocabantur.

158 2838 212 2872 dis,
229 2842 264 2868 ut
286 2837 391 2868 scubit
411 2839 596 2880 Hesychius,
615 2841 722 2882 lingua
742 2841 841 2872 Thra·
884 2841 1058 2877 Turnebus,
1077 2841 1097 2870 l.
1114 2840 1206 2870 xlv.
1221 2838 1353 2870 Advers.
1368 2847 1395 2870 c.
1414 2838 1464 2870 11.

158 2890 229 2911 cum
251 2880 359 2912 Diana
386 2881 577 2923 appellatur:
605 2884 687 2916 unde
709 2889 741 2916 et
765 2884 842 2915 Ben-
958 2940 980 2965 Β
1002 2926 1030 2966 b
1053 2927 1078 2965 4
