1947 3222
515 86 635 122 LIB.
667 85 855 122 XXXVI.
903 86 977 122 CA
992 87 1030 122 P.
1060 86 1147 122 XL.
1473 85 1546 131 269

200 194 435 235 XXXIX.
469 194 588 235 ”Per
617 194 780 234 eosdem
803 194 890 234 dies
914 195 974 233 M.
1001 193 1176 234 Fulvius
1200 196 1389 236 Nobilior
1414 211 1464 236 ex
1487 195 1548 236 ul-
1562 207 1736 239 U.C.561.

141 250 289 292 teriore
313 250 516 306 Hispania
545 265 672 291 ovans
703 251 848 291 urbem
884 259 944 291 est
981 250 1201 305 ingressus.
1234 252 1393 305 argenti
1419 261 1549 293 trans·
1561 251 1652 282 A.C.
1670 250 1740 280 191·

141 306 239 348 tulit
276 307 493 349 duodecim
528 307 657 347 millia
689 307 851 363 pondo:
884 307 1017 362 bigati
1052 306 1213 361 argenti
1247 314 1443 348 centumg
1479 309 1550 349 tri-

139 363 280 417 ginta:
323 363 413 405 auri
447 371 614 404 centum
649 363 799 420 viginti
833 372 991 419 septem
1024 363 1164 419 pondo
1177 363 1201 402 ¹¹.
1267 363 1307 403 P.
1333 365 1550 406 Cornelius

140 421 284 461 consul
322 420 469 476 primo,
510 420 726 461 obsidibus
766 437 791 461 a
831 421 1032 462 Boiorum
1071 428 1194 475 gente
1234 420 1428 476 acceptis,
1461 422 1549 476 agri

140 486 256 532 parte
278 477 362 517 fere
383 477 556 518 dimidia
576 482 653 518 eos·
671 477 890 519 multavit:
924 493 1025 533 quo,
1047 477 1080 517 si
1102 476 1240 527 vellet,
1263 476 1444 532 populus
1467 479 1551 518 Ro-

140 548 286 574 manus
320 533 499 574 colonias
529 534 695 575 mittere
724 542 875 590 posset.
938 534 1059 583 Inde,
1092 534 1285 583 Romam,
1317 541 1365 574 ut
1395 534 1450 574 ad
1480 534 1683 576 tri-Trium-

139 590 341 645 umphum
382 590 497 631 haud
535 591 728 642 dubium,
769 591 985 641 decedens,
1026 590 1254 631 exercitum
1294 589 1466 640 dimisit,
1511 599 1551 631 et
1564 590 1658 630 phum
1676 590 1749 631 petit

137 645 278 686 adesse
314 648 462 688 Romae
502 648 556 688 ad
595 648 705 688 diem
740 648 945 704 triumphi
974 648 1112 703 jussit.
1144 648 1246 703 ipse,
1268 655 1434 703 postero
1469 647 1550 696 die,
1566 632 1636 662 Cos.

139 717 265 756 quam
287 704 416 753 venit,
434 714 578 746 senatu
600 705 641 745 in
663 705 795 746 aedem
818 705 1002 746 Bellonae
1022 712 1184 753 vocato,
1200 719 1333 759 quum
1354 704 1406 745 de
1427 704 1552 745 rebus

136 759 189 799 ab
226 776 267 800 se
307 762 435 815 gestis
476 761 750 811 disseruisset,
786 761 1028 817 postulavit,
1068 769 1114 802 ut
1156 761 1233 801 sibi
1275 760 1551 816 triumphanti

137 815 278 858 liceret
313 819 355 858 in
392 819 538 859 urbem
573 819 723 859 invehi.
786 821 833 859 P.
859 819 1129 874 Sempronius
1163 817 1323 859 Blaesus
1356 817 1552 859 tribunus

137 873 284 928 plebis,
300 889 379 915 non
396 877 618 930 negandum
632 877 831 929 Scipioni,
845 877 915 916 secl
929 876 1192 931 differendum
1208 876 1393 915 honorem
1410 876 1552 915 trium·
1565 888 1687 919 Blaesus
1702 889 1754 919 Tr.

129 931 223 982 phi,
246 933 449 973 censebat.
511 934 632 973 Bella
659 933 852 987 Ligurum
878 932 1053 973 Gallicis
1072 946 1224 984 semper
1229 931 1379 984 juncta
1386 933 1525 986 fuisse
1539 950 1551 972 .-
1566 932 1613 962 Pl.
1626 930 1766 961 differen-

137 1003 205 1028 eas
227 990 334 1029 iuter
352 1005 393 1030 se
417 997 556 1043 gentes
585 996 720 1030 mutua
741 1005 789 1029 ea:
811 991 1045 1044 propinquo
1058 989 1182 1043 ferre
1202 990 1375 1029 auxilia.
1436 990 1478 1030 Si.
1497 974 1638 1030 Ρ.(111111
1653 980 1767 1006 censet.

138 1046 288 1098 Scipio,
309 1048 474 1088 devictis
507 1048 593 1088 acie
618 1048 751 1095 Boiis,
784 1054 856 1087 aut
891 1050 976 1100 ipse
1004 1061 1087 1086 cum
1118 1047 1267 1086 victore
1301 1047 1478 1087 exercitu
1509 1049 1553 1087 in

137 1117 278 1157 agrum
300 1104 498 1157 Ligurum
528 1105 750 1153 transisset,
773 1110 845 1144 aut
872 1110 1034 1157 partem
1064 1104 1270 1155 copiarum
1297 1102 1346 1151 Q.
1371 1104 1555 1144 Minucio

138 1162 321 1210 misisset,
343 1162 414 1215 qui
433 1161 526 1215 jam
561 1163 723 1202 tertium
755 1161 812 1201 ibi
841 1176 988 1201 amium
1018 1160 1137 1201 dubio
1161 1161 1408 1200 detineretur
1438 1161 1551 1210 bello,

137 1218 334 1258 debellari
362 1233 444 1259 cum
476 1219 701 1272 Liguribus
725 1220 914 1271 poluisse.
980 1218 1096 1259 Nunc
1120 1219 1176 1257 ad
1203 1219 1446 1270 triumphum
1460 1219 1554 1272 fie-

136 1277 404 1328 queritandum
422 1278 608 1317 deductos
628 1291 707 1317 esse
729 1277 887 1325 milites,
906 1276 976 1330 qui
995 1275 1198 1329 egregiam
1220 1289 1373 1315 navare
1392 1290 1553 1327 operam

135 1333 363 1386 reipublicae
386 1335 636 1386 potuissent:
660 1340 823 1387 possent
844 1335 980 1381 etiam,
1003 1334 1039 1373 si
1057 1338 1230 1381 senatus,
1254 1333 1360 1385 quod
1368 1333 1553 1386 festina-

136 1391 245 1430 tione
265 1391 461 1443 triumphi
474 1391 784 1444 praetermissum
806 1397 918 1442 esset,
941 1391 985 1430 id
1006 1391 1216 1431 restituere
1236 1390 1457 1444 dgffi‘reudo
1476 1391 1553 1430 tri-

137 1448 281 1500 umpho
311 1449 441 1489 vellet.
500 1448 706 1498 Juberent,
737 1450 930 1488 consulem
966 1462 1049 1487 cum
1084 1447 1310 1500 legionibus
1345 1448 1480 1487 redire
1510 1448 1554 1487 in

133 1506 386 1557 provinciam
395 1528 408 1550 ;
443 1506 543 1545 (lare
572 1519 747 1558 operam,
777 1512 821 1545 ut
841 1506 1019 1558 Ligures
1048 1503 1302 1557 subigantur.
1364 1503 1461 1544 Nisi
1490 1504 1555 1544 illi

137 1568 334 1615 cogantur
363 1561 393 1585 ¹⁵
408 1563 451 1602 in
467 1561 541 1615 jus
561 1562 840 1616 judiciumque
863 1563 1007 1615 populi
1026 1562 1219 1609 Romani,
1243 1575 1292 1600 ue
1314 1561 1437 1601 Boios
1467 1562 1554 1614 qui-

138 1620 224 1658 dem
264 1620 486 1673 quieturos.-
530 1626 601 1673 aut
632 1634 788 1672 pacem,
824 1626 895 1659 aut
929 1619 1070 1658 bellum
1106 1618 1314 1670 utrobique
1353 1618 1552 1658 habenda.

138 1677 322 1717 Devictis
343 1677 578 1730 Liguribus,
596 1691 746 1729 paucos
760 1683 854 1729 post
874 1690 1021 1717 menses
1034 1675 1308 1728 proconsulem
1335 1676 1387 1715 P.
1406 1677 1553 1717 Corne-

137 1734 233 1773 lium
260 1735 471 1773 multorum
491 1735 682 1787 exemplo,
705 1733 738 1757 ¹⁶
750 1735 820 1787 qui
851 1735 894 1774 in
916 1734 1156 1787 magistratu
1176 1746 1257 1772 uon
1287 1732 1553 1786 triumphave-

137 1797 246 1839 runt,
268 1791 606 1844 triumphaturum
629 1805 720 1831 esse.

196 1848 297 1888 XL.
321 1848 394 1888 Ad
424 1863 472 1889 ea
491 1848 649 1898 consul,
673 1848 813 1902 Neque
833 1863 873 1889 se
894 1849 1071 1902 Ligures
1096 1848 1347 1901 provinciam
1370 1848 1551 1888 sortitum
1567 1854 1767 1902 Cosnconce-

136 1919 228 1953 esse,
261 1905 333 1955 ait,
362 1919 486 1959 neque
519 1920 602 1946 cum
632 1906 855 1959 Liguribus
884 1906 1025 1945 bellum
1054 1906 1235 1959 gessisse,
1262 1919 1386 1958 neque
1414 1906 1555 1945 trium·
1567 1897 1696 1971 1111111ξο

130 1962 256 2014 plium
273 1964 322 2002 de
342 1963 394 2003 iis
415 1964 636 2015 postulare.
701 1962 752 2010 Q.
775 1963 1003 2002 BIiuucium
1024 1963 1221 2014 confidere
1241 1961 1367 2010 brevi,
1382 1962 1555 2003 subactis
1565 1947 1654 1983 postu
1669 1947 1711 1971 at.

139 2020 205 2069 iis,
228 2021 407 2060 meritum
424 2021 666 2074 triumphum
680 2021 976 2073 postulaturum
998 2025 1118 2073 atque
1134 2020 1438 2071 impetraturum
1460 2034 1553 2060 esse.

139 2091 180 2117 se
201 2078 249 2117 (Ie
273 2076 411 2118 Gallis
432 2078 551 2118 Boiis
564 2079 774 2130 postulare
793 2077 1047 2130 triumphum,
1070 2090 1165 2129 quos
1186 2076 1273 2115 acie
1293 2076 1449 2126 vicerit,
1471 2090 1555 2117 cas-

138 2135 215 2175 tris
236 2136 411 2175 exuerit:
442 2149 603 2188 quorum
621 2141 779 2189 gentem
800 2134 920 2175 biduo
943 2140 1037 2186 post
1052 2147 1231 2187 pugnam
1252 2138 1376 2172 totam
1397 2147 1555 2186 accepe-

139 2193 195 2231 rit
226 2193 270 2232 in
300 2192 568 2232 deditionem?
599 2207 624 2232 a
656 2192 795 2245 quibus
825 2191 974 2232 obsides
1003 2190 1228 2238 abduxerit,
1254 2191 1374 2242 pacis
1388 2190 1555 2244 futuroe

132 2250 295 2302 pignus.
318 2244 321 2247 ¹
362 2249 403 2290 V
398 2263 504 2289 eium
526 2250 722 2290 enimvero
742 2249 844 2289 illud
868 2249 990 2289 multo
1010 2247 1138 2302 majus
1159 2262 1251 2296 esse,
1275 2248 1380 2300 quod
1397 2253 1552 2287 tantum

138 2319 338 2346 numerum
363 2306 577 2361 Gallorum
597 2305 806 2347 occideriti
829 2306 870 2345 iu
893 2306 990 2354 acie,
1012 2305 1045 2331 17
1057 2305 1163 2359 quod
1190 2319 1273 2345 cum
1295 2310 1354 2344 tot
1377 2305 1553 2345 millibus

182 2380 198 2405 g
214 2378 270 2408 ins.
285 2385 311 2408 et
329 2379 427 2410 Gron.
443 2379 534 2410 Crev.
581 2422 586 2424 Π
632 2379 649 2402 h
663 2384 766 2418 septem
778 2379 871 2418 pondo
885 2377 907 2408 l.
923 2379 1049 2418 quinque
1061 2376 1148 2407 Eaed.
1248 2374 1258 2396 i
1272 2377 1406 2406 ceciderit
1420 2376 1508 2407 Eaed.

187 2448 225 2477 14
247 2449 308 2479 Per
319 2451 426 2480 eosdem
450 2451 509 2480 dies
528 2449 574 2479 M.
590 2448 730 2488 Fulvius]
762 2448 823 2479 Ea·
867 2447 990 2478 oblivio.

145 2489 214 2519 dem
236 2501 284 2522 ies
296 2491 426 2523 totidem
450 2491 511 2523 fere
524 2491 625 2523 verbis
646 2501 740 2533 supra
760 2501 824 2521 me·
887 2507 891 2511 —
913 2491 952 2521 15
975 2489 1013 2520 In
1018 2492 1076 2529 jus
1080 2490 1288 2529 judiciumque
1297 2488 1398 2527 populi
1410 2487 1550 2527 Romani]

144 2538 261 2564 morata
273 2539 329 2570 est,
345 2545 372 2565 c.
384 2536 437 2565 21.
472 2535 532 2572 Ac,
548 2545 586 2566 ne
601 2533 676 2575 quid
690 2532 770 2565 desit
785 2534 825 2564 ad
868 2533 918 2564 Sic
933 2538 963 2563 et
978 2533 999 2563 1.
1014 2532 1169 2562 XXXIX.
1186 2542 1212 2562 c.
1227 2532 1280 2562 24.
1303 2537 1390 2561 totam
1410 2531 1550 2560 Athama-

143 2574 291 2615 integram
325 2577 567 2614 similitudinem,
600 2583 680 2608 notae
717 2586 824 2607 nume·
867 2579 948 2606 ‘niam
969 2577 1020 2605 sub
1035 2577 1092 2614 jus
1105 2576 1315 2616 judiciumque
1336 2575 1412 2614 regis
1431 2574 1551 2602 venisse.-

145 2627 256 2653 rorum,
270 2629 338 2659 quae
365 2619 414 2650 hic
436 2620 468 2650 in
488 2620 620 2662 vulgatis
641 2619 727 2650 libris
748 2629 824 2661 pau·
868 2624 899 2649 et
923 2619 944 2649 l.
964 2618 1052 2648 XLI.
1080 2628 1108 2648 c.
1125 2618 1178 2648 22.
1201 2618 1252 2647 sub
1270 2618 1326 2656 jus
1345 2616 1553 2655 judiciumque

145 2659 209 2690 lum
235 2660 410 2703 discrepant
437 2663 476 2693 ab
503 2663 541 2694 iis
569 2673 647 2704 quas
673 2662 826 2703 superiore
868 2673 952 2693 suum
968 2667 1055 2691 totam
1067 2662 1295 2702 coe'gitgeutem.

144 2702 211 2733 loco
233 2703 409 2744 reperimus,
430 2716 500 2736 cum
522 2706 560 2736 iis
581 2706 673 2747 plane
696 2705 728 2735 in
751 2706 822 2736 Mo·
912 2705 950 2735 16
975 2705 1035 2739 Qui
1053 2706 1086 2734 in
1109 2705 1283 2744 magistratu
1306 2713 1361 2731 uon
1388 2700 1549 2738 triumpha-

143 2744 272 2785 guntino
294 2745 400 2777 codiee
424 2748 627 2783 consentiunt,
652 2754 726 2779 teste
750 2749 824 2779 Μο-
867 2747 986 2787 verunt]
1019 2746 1183 2777 Indirectae
1206 2743 1335 2775 orationi
1358 2742 1456 2783 magis
1477 2752 1549 2772 con-

145 2787 206 2817 dio.
253 2787 354 2827 Hujus
373 2790 560 2830 repetitionis
575 2791 661 2821 nulla
674 2801 748 2821 sane
762 2790 824 2822 alia
868 2791 970 2821 venire
986 2789 1147 2823 videretur,
1164 2787 1417 2825 triumphaverint.

142 2840 235 2860 causa
270 2830 367 2861 afferri
402 2837 513 2873 potest,
544 2844 636 2874 quam
671 2833 824 2874 scriptoris
916 2834 949 2863 17
976 2833 1059 2866 Quod
1082 2843 1145 2861 curu
1163 2837 1200 2860 to(
1227 2829 1366 2869 miliums]
1412 2827 1550 2858 Multum
