1947 3222
518 119 549 155 L
567 119 581 155 Ι
598 118 639 154 Β,
670 115 906 153 XXXVIII.
950 117 976 151 C
994 116 1021 152 A
1039 117 1077 152 P.
1109 117 1200 154 LII.
1492 124 1566 164 387

143 226 314 268 decretis
351 227 534 275 patrum,
562 240 642 279 pro
669 226 817 278 populi
833 224 962 278 jussis
994 240 1083 265 esse.
1117 225 1327 267 ⁸⁶infamia
1360 228 1563 272 intactum
1580 240 1620 272 U.
1634 241 1669 272 C.
1686 242 1760 274 565.

144 284 316 335 invidia,
339 299 424 340 qua
443 291 632 340 possunt,
654 290 849 338 urguent.
912 282 1184 324 Orationibus
1209 283 1249 322 in
1280 293 1442 327 noctem
1473 302 1565 342 per-
1579 283 1669 315 A·C·
1686 286 1758 317 187.

144 341 297 391 ducti-s,
319 340 549 397 ⁸⁷prodicta
578 339 668 381 dies
696 346 771 380 est.
804 339 876 380 ubi
908 354 956 380 ea
985 339 1115 388 venit,
1141 339 1299 380 tribuni
1325 341 1368 381 in
1400 343 1564 386 Rostris

143 398 278 453 prima
300 397 390 439 luce
418 395 706 438 consederunt.
769 395 936 438 Citatus
965 410 1061 438 reus
1091 410 1243 451 magno
1272 397 1435 451 agmine
1465 402 1565 442 ami-

141 469 285 498 corum
306 453 604 510 clientiumque
624 468 699 509 per
719 453 897 495 mediam
929 453 1166 496 concionem
1197 452 1251 494 ad
1283 454 1439 496 Rostra
1468 458 1564 498 sub-

140 511 213 553 iit:
247 510 492 566 silentioque
512 511 638 560 facto,
663 511 772 560 Hoc,
794 510 949 566 inquit,
971 512 1051 559 (lie,
1073 511 1231 552 tribuni
1250 511 1398 564 plebis,
1421 527 1562 567 vosque
1575 524 1727 567 Scipionis
1738 526 1776 557 ad

143 567 338 617 Quirites,
359 581 443 609 cum
465 568 710 609 Hannibale
733 575 772 609 et
798 568 1213 623 Karthaginiensibus
1231 569 1359 623 signis
1373 572 1560 622 conlatis,
1575 568 1762 609 POP·0ffi¹i0=

140 626 184 665 in
204 624 353 679 Africa
374 624 471 665 bene
490 626 740 680 acfeliciter
759 627 958 680 pugnavi.
1017 626 1177 680 Itaque,
1199 640 1315 680 quum
1334 626 1453 668 hodie
1471 629 1562 670 liti-

137 682 207 722 bus
226 688 265 722 et
269 680 424 735 jurgiis
442 683 695 736 supersederi
713 697 867 737 aequum
896 683 965 733 sit,
987 697 1060 738 ego
1080 683 1173 724 hinc
1198 685 1395 737 extemplo
1415 684 1457 725 in
1480 688 1561 728 Ca-

129 739 321 792 pitolium
341 741 399 780 ad
416 741 553 783 Jovem
576 741 766 793 optimum
796 740 1006 782 maximnm
1032 742 1307 795 «Iunonemque
1336 747 1375 782 et
1402 742 1562 785 Miner-

135 810 224 836 vam
263 803 488 851 ceterosque
528 798 654 846 Deos,
691 799 763 852 qni
803 798 1007 851 Capitolio
1046 805 1166 852 atque
1197 800 1289 839 arci
1318 801 1560 852 prcesident,

132 855 370 895 salutandos
400 855 491 897 ibo.-
526 855 666 909 hisque
690 856 855 910 gratias
884 870 1018 910 agam,
1051 857 1158 910 quod
1182 856 1284 896 mihi
1309 863 1346 897 et
1374 857 1445 898 lzoc
1472 859 1562 910 ipso

133 911 213 959 die,
235 917 274 952 et
293 925 400 964 saepe
417 913 539 962 alias,
561 913 720 967 egregie
738 914 802 954 rei
797 912 972 967 publica²
985 914 1178 968 gerendae
1196 920 1361 954 mentem
1365 914 1559 968 faculta-

133 974 290 1022 temque
319 970 526 1011 dederunt.
592 969 774 1011 Vestrrlm
803 985 955 1024 quoque
984 970 1122 1024 quibus
1147 972 1384 1012 commodum
1414 979 1485 1020 est,
1507 973 1562 1014 ite

133 1039 293 1076 mecum,
315 1025 512 1076 Qzeirites,
530 1033 569 1068 et
589 1034 705 1069 orate
725 1028 850 1076 Deos,
867 1034 911 1068 ut
930 1029 1008 1068 mei
1027 1029 1177 1069 similes
1189 1028 1399 1081 principes
1413 1029 1560 1070 habea-

133 1084 202 1124 tis.
223 1083 339 1133 83ita,
359 1085 397 1125 si
415 1084 508 1126 ⁸⁹ab
534 1085 655 1125 annis
681 1085 954 1138 septemdecim
975 1086 1034 1125 ad
1058 1091 1292 1126 senectutem
1318 1100 1470 1139 semper
1494 1102 1560 1129 vos

131 1147 291 1183 (etatem
322 1155 446 1182 meam
474 1142 691 1183 honoribus
719 1143 863 1183 vestris
891 1142 1091 1190 anteistis‚
1114 1156 1185 1196 ego
1212 1148 1362 1184 vestros
1389 1144 1560 1185 honores

132 1199 249 1241 rebus
266 1200 459 1253 gerendis
483 1199 678 1251 pra’cessi.
740 1199 810 1240 Ab
832 1199 999 1240 Rostris
1028 1198 1070 1239 in
1103 1198 1360 1255 Capitolium
1390 1200 1559 1242 adscen-
1573 1213 1690 1244 Concio
1701 1224 1771 1245 eum

134 1255 212 1297 dit.
244 1256 369 1298 simul
401 1271 443 1297 se
479 1257 674 1299 universa
707 1256 851 1298 concio
879 1255 1046 1306 avertit,
1077 1264 1119 1298 et
1150 1264 1293 1298 secuta
1325 1257 1557 1314 Scipionem
1572 1256 1750 1303 ῑῐῑςῑῑῑιῑῑῐοῑυ

132 1321 219 1354 est:
252 1313 371 1364 adeo,
395 1321 443 1354 ut
472 1322 683 1369 postremo
714 1313 860 1354 scribae
879 1313 1184 1370 ⁹⁰viatoresque
1214 1313 1406 1356 tribunos
1436 1315 1559 1357 relin-
1571 1307 1719 1340 sequntur.

130 1378 323 1425 querent,
346 1386 421 1411 nec
441 1386 537 1411 cum
566 1371 632 1419 iis,
654 1378 807 1426 praeter
832 1370 1023 1411 servilem
1054 1371 1300 1411 comitatum
1330 1379 1372 1413 et
1402 1387 1558 1427 praeco-

134 1442 243 1477 nem,
265 1427 340 1482 qui
367 1443 486 1469 reum
513 1442 565 1467 ex
596 1427 760 1469 Rostris
790 1428 961 1478 citabat,
983 1427 1207 1483 quisquam
1238 1436 1355 1470 esset.
1419 1430 1558 1485 Scipio

134 1499 216 1524 non
236 1484 280 1524 in
304 1484 514 1540 Capitolio
533 1485 673 1534 modo,
696 1484 768 1525 sed
788 1500 863 1540 per
892 1492 1025 1526 totam
1054 1485 1203 1525 urbem
1232 1485 1372 1526 omnia
1402 1487 1558 1542 templa

133 1541 275 1581 Deum
296 1556 391 1582 cum
412 1541 571 1597 populo
592 1542 785 1583 Romano
812 1541 1030 1583 circumiit.
1093 1541 1351 1583 Celebratior
1371 1542 1406 1583 is
1426 1557 1556 1599 prope

131 1596 220 1638 dies
258 1597 402 1639 favore
440 1598 657 1641 hominum
697 1607 738 1640 et
783 1598 1056 1640 aestimatione
1104 1613 1215 1639 verae
1246 1599 1556 1654 ‘magnitudinis

131 1654 165 1710 ej
174 1669 222 1695 us
242 1654 339 1702 fuit,
361 1670 489 1711 quam
511 1671 597 1711 quo
617 1655 883 1712 triumphans
904 1655 956 1696 de
979 1655 1170 1711 Syphace
1190 1670 1288 1712 rege
1308 1665 1349 1697 et
1373 1656 1555 1698 Kartha-

129 1711 388 1766 giniensibus
409 1713 555 1753 urbem
577 1720 639 1754 est
660 1712 862 1753 invectus.

188 1768 295 1809 LII.
348 1770 434 1810 Hic
474 1770 683 1825 speciosus
727 1769 904 1813 ultimus
944 1769 1032 1811 dies
1072 1770 1121 1810 P.
1161 1769 1345 1826 Scipioni
1385 1770 1552 1813 inluxit.
1568 1783 1671 1825 Scipio
1687 1784 1716 1814 {n

128 1833 223 1881 post
244 1841 369 1881 quem
402 1842 536 1882 quum
566 1826 765 1867 invidiam
796 1834 837 1868 et
867 1826 1094 1868 certamina
1123 1842 1218 1867 cum
1249 1826 1430 1868 tribunis
1459 1843 1554 1884 pro-
1568 1826 1759 1886 Literninum

129 1881 320 1938 spiceret,
360 1883 428 1925 die
463 1884 650 1939 longiore
689 1883 895 1940 prodicta,
930 1884 973 1924 in
1015 1883 1283 1925 Literninum
1323 1871 1718 1933 concessit;⁶⁰”⁰0‘¹·¹·

128 1947 243 1980 certo
282 1940 466 1991 consilio,
508 1956 560 1981 ne
599 1940 653 1981 ad
692 1955 880 1981 caussam
919 1940 1139 1982 dicendam
1173 1940 1348 1982 adesset.
1410 1942 1553 1998 Major

128 1995 291 2037 animus
312 2005 353 2038 et
374 2006 525 2039 natura
545 2005 649 2047 crat,
671 2013 718 2038 ac
738 1998 886 2052 majori
906 1997 1089 2038 fortunae
1115 1997 1330 2047 adsuetus,
1352 2013 1481 2053 quam
1503 2007 1552 2041 ut

128 2067 224 2093 reus
259 2068 346 2094 esse
381 2055 517 2102 sciret,
551 2063 592 2095 et
628 2054 874 2095 submittere
904 2069 946 2095 se
976 2054 1019 2096 in
1053 2054 1334 2095 humilitatem
1364 2070 1551 2096 caussam

127 2109 368 2151 dicentium.
431 2111 519 2152 Ubi
555 2111 644 2153 dies
682 2110 811 2161 venit,
847 2111 1051 2167 citarique
1086 2111 1234 2152 absens
1268 2119 1330 2152 est
1370 2121 1549 2167 coeptus,

129 2166 178 2206 L.
218 2167 358 2223 Scipio
397 2169 591 2209 morbum
630 2173 807 2209 caussaeq
847 2183 949 2217 esse,
978 2183 1060 2213 cur
1094 2168 1271 2216 abesset,
1308 2169 1549 2211 excusabat.

126 2239 255 2278 quam
285 2226 594 2267 excusationem
624 2240 757 2281 quum
787 2224 962 2275 tribuni,
990 2224 1064 2281 qui
1094 2224 1204 2266 diem
1235 2223 1444 2277 dixerant,
1466 2241 1548 2267 non

645 2328 661 2353 q
676 2336 804 2356 caussam
821 2325 919 2356 Gron.
937 2324 1027 2355 Crev-

858 2403 959 2433 aetatis
981 2401 1130 2443 vigesimo
1153 2406 1262 2443 quarto
1285 2401 1397 2431 missus
1420 2400 1452 2430 in
1475 2400 1548 2431 His-

172 2402 382 2445 86'Irffamia
391 2404 687 2445 inmet11m,in1>idia]
706 2405 813 2442 Quum
1365 2443 1370 2447 μ
1524 2443 1530 2449 .

858 2445 984 2487 panium
1008 2444 1067 2475 fuit
1089 2444 1204 2486 Scipio.
1250 2444 1313 2474 Sed
1335 2444 1477 2474 tribunus
1491 2454 1547 2473 nn-

130 2453 192 2473 non
209 2453 332 2485 possent
354 2446 514 2478 infamiam
537 2448 565 2478 ei
591 2457 731 2478 verorum
754 2447 814 2477 cri-

132 2486 249 2517 minum
281 2488 460 2532 impingere,
491 2490 640 2521 invidiam
677 2490 709 2520 in
743 2500 815 2521 eum

131 2529 304 2560 concitant:
329 2534 411 2573 quod
426 2540 460 2564 ut
475 2539 600 2576 possent
617 2533 672 2565 viri
695 2533 816 2575 magni-

130 2572 205 2602 tudo
220 2572 360 2605 faciebat.

174 2615 394 2648 87¹*Prodicta
413 2619 473 2649 dies
493 2619 550 2660 est]
576 2618 652 2650 Vid.
674 2623 739 2650 not.
763 2619 816 2650 57.

132 2657 171 2688 ad
188 2658 254 2688 ΙΙΙ.
269 2659 321 2689 57.

174 2701 214 2731 88
240 2700 298 2738 Ita,
327 2702 367 2742 si]
406 2703 497 2739 Quod
526 2704 652 2745 quidem
685 2714 738 2735 vos
774 2703 818 2734 ita

132 2743 251 2783 precari
273 2743 373 2779 decet,
389 2744 434 2775 si.
451 2768 460 2776 .
477 2769 485 2776 .
500 2757 561 2777 non
584 2747 671 2778 aliter
692 2747 816 2789 postulo

131 2790 165 2815 ut
180 2786 212 2816 id
227 2786 317 2817 oretis
331 2786 416 2823 deos,
431 2798 525 2828 quam
540 2789 565 2820 si
580 2811 589 2820 .
604 2813 612 2821 .
628 2812 637 2821 .

173 2829 213 2858 89
239 2830 281 2858 Ab
305 2831 391 2859 annis
416 2833 626 2872 septemdecim]
659 2833 711 2863 Ab
736 2843 817 2864 anno

131 2870 230 2901 aetatis
252 2871 371 2904 decimo
393 2873 534 2914 septimo.
578 2874 671 2906 Anno
693 2875 816 2907 demum

858 2488 948 2518 litum
985 2492 1051 2519 erat
1087 2487 1120 2518 in
1146 2496 1253 2528 pugna
1286 2487 1456 2523 Cannensi,
1487 2496 1549 2527 quo

859 2536 996 2573 tempore
1026 2530 1110 2561 haud
1141 2530 1271 2560 multum
1309 2540 1449 2570 egressus
1483 2534 1548 2559 erat

860 2584 957 2605 annos
979 2572 1216 2615 septemdecim:
1245 2582 1281 2603 ac
1305 2572 1417 2603 deinde
1441 2571 1546 2607 etiam,

860 2624 1028 2658 antequam
1064 2616 1096 2646 in
1130 2615 1317 2658 Hispaniam
1350 2614 1418 2649 iret,
1450 2613 1548 2644 aedilis

860 2660 975 2691 curulis
997 2669 1118 2689 summa.
1140 2656 1246 2701 populi
1266 2658 1436 2692 voluntate,
1453 2666 1548 2696 quum

860 2703 1030 2738 legitimam
1066 2707 1189 2732 aetatem
1232 2700 1369 2730 nondum
1409 2699 1547 2734 haberet,

860 2737 959 2777 faEtus
982 2745 1091 2776 fuerat.
1136 2744 1211 2775 Vid.
1238 2752 1331 2784 supra
1356 2742 1466 2771 XXII.
1495 2742 1548 2772 53.

860 2795 891 2820 et
906 2789 1014 2820 XXV.
1027 2789 1058 2818 2.

907 2830 1136 2870 90*Viut0rm]
1172 2828 1246 2860 Vid.
1269 2832 1330 2858 not.
1356 2828 1407 2857 21.
1434 2825 1472 2857 ad
1501 2825 1548 2855 Π.

922 2918 1037 2955 (ῖς-92
