1947 3222
117 227 159 300 es:

172 226 210 300 φφ

221 225 241 298 1021·

243 223 284 297 ss

127 727 225 760 AEtoli
240 727 325 758 dese-

127 778 197 803 runt
208 776 318 802 castra.

134 1348 267 1388 Fugiunt
282 1347 312 1377 in

137 1390 286 1421 EEtoliam

133 1444 203 1464 cum
219 1432 318 1463 Atha-

133 1476 285 1507 manibus.

145 1915 287 1948 Dardani

144 1959 227 1990 male
236 1957 313 1989 mul-1

145 2002 212 2033 tati.

328 111 376 144 38
855 101 995 140 ΤΙΤΙ
1034 102 1208 139 LIVII

286 244 295 254 .
329 225 501 267 cemque
533 209 765 267 manipulos
799 210 899 252 levis
934 208 1171 261 armaturae,
1204 212 1406 267 aquatum
1441 210 1501 251 ire
1537 217 1578 251 et
1617 225 1739 266 pran-

288 287 295 296 ·
330 269 426 310 dere
463 268 610 324 jubet:
657 267 757 309 alios
800 267 842 308 in
883 267 1057 308 statione
1097 274 1276 308 armatos
1318 267 1481 315 retinet,
1524 266 1740 322 opperiens

331 338 478 382 agmen
526 323 717 380 peditum
757 323 918 365 tardius
957 323 1133 364 ductum
1176 331 1351 387 propter
1389 324 1637 380 gravitatem
1677 338 1743 364 ar-

330 396 506 423 morum.
569 380 691 431 Quod
720 380 794 420 ubi
826 379 1010 429 advenit,
1038 387 1078 420 et
1111 379 1210 435 ipsis
1239 381 1503 436 imperatum,
1525 388 1588 431 ut,
1612 387 1743 421 statu-

333 439 386 480 tis
407 437 534 493 signis
566 436 773 491 armisque
804 444 899 477 ante
931 449 972 476 se
1001 435 1159 490 positis,
1182 437 1333 491 raptim
1366 437 1505 478 cibum
1535 442 1743 493 caperent,

333 494 440 536 binis
462 493 639 535 ternisve
661 507 869 533 summum
890 506 940 532 ex
971 492 1195 548 manipulis
1215 493 1398 548 aquandi
1420 509 1563 535 caussa
1583 492 1742 534 missis:

335 552 499 592 interim
519 564 645 604 eques
674 565 768 590 cum
800 549 879 589 levi
900 556 1112 589 armatura
1139 548 1311 605 paratus
1336 549 1646 606 instructusque
1669 555 1747 590 ste-

336 608 400 655 tit,
425 605 583 661 siquid
612 606 740 647 hostis
767 613 963 646 moveret.
1024 605 1172 656 AEtoli,
1197 606 1303 663 (jam
1333 606 1441 647 enim
1470 615 1526 657 et,
1548 621 1643 663 quae
1673 606 1748 663 per

338 678 458 719 agros
477 662 708 703 multitudo
729 677 870 719 sparsa
898 661 1050 712 fuerat,
1071 671 1281 718 receperat
1303 679 1343 704 se
1372 663 1414 704 in
1435 666 1587 718 castra)
1610 671 1658 704 ut
1680 662 1750 704 de-

339 719 495 761 fensuri
529 718 799 769 munimenta,
821 718 929 759 circa
959 725 1100 774 portas
1131 716 1371 775 vallumque
1403 727 1581 761 armatos
1613 720 1750 776 dispo-

339 785 460 826 nunt,
491 776 593 816 dum
626 775 789 831 quietos
823 775 962 816 hostes
992 775 1072 831 ipsi
1104 775 1258 816 feroces
1291 791 1342 816 ex
1371 783 1466 818 tuto
1495 777 1749 832 spectabant.

339 841 561 889 postquam
601 840 714 873 mota
749 833 867 887 signa
901 831 1182 872 Macedonum
1224 835 1335 882 sunt,
1371 841 1412 874 et
1448 833 1664 874 succedere
1698 831 1752 873 ad

342 889 497 931 vallum
527 889 663 945 parati
695 896 823 945 atque
857 888 1050 929 instructi
1070 903 1246 944 coepere,
1268 904 1408 930 omnes
1433 904 1477 929 re
1510 897 1617 939 ente,
1637 888 1752 929 relic-

342 947 395 987 tis
417 945 678 996 stationibus,
700 960 774 1002 per
803 959 988 986 aversam
1012 953 1173 1000 partem
1194 952 1423 986 castrorum
1444 961 1468 986 a
1528 944 1754 995 tumulum,

342 1003 395 1043 ad
417 1009 551 1044 castra
571 1003 857 1043 Athamanum
883 1002 1142 1058 perfugiunt.
1173 1002 1295 1042 multi
1320 1002 1362 1042 in
1382 1002 1459 1043 hac
1480 1017 1650 1058 quoque
1670 1009 1756 1042 tam

345 1059 508 1115 trepida
541 1060 645 1115 fuga
673 1058 784 1115 capti
814 1058 992 1113 caesique
1022 1065 1119 1099 sunt
1151 1058 1402 1100 AEtolorum.
1464 1058 1701 1114 Philippus,
1723 1057 1756 1098 si

344 1118 442 1157 satis
471 1116 552 1157 diei
590 1122 835 1172 superesset,
859 1129 942 1155 non
971 1113 1142 1165 dubius,
1168 1115 1271 1170 quin
1299 1116 1557 1156 Athamanes
1587 1129 1757 1171 quoque

345 1173 441 1213 exui
473 1173 616 1214 castris
645 1171 891 1228 potuissent,
915 1171 981 1212 die
1015 1187 1089 1227 per
1118 1171 1328 1228 proelium,
1350 1171 1498 1213 deinde
1527 1185 1603 1228 per
1621 1170 1759 1227 direp-

346 1230 498 1270 tionem
529 1238 758 1270 castrorum
791 1229 998 1279 absumto,
1027 1229 1107 1269 sub
1139 1229 1304 1270 tumulo
1335 1229 1377 1269 in
1410 1228 1599 1285 proxima
1627 1227 1758 1284 plani-

346 1286 401 1328 tie
422 1285 622 1335 consedit,
642 1285 778 1341 prima
798 1285 889 1325 luce
909 1284 1164 1340 insequentis
1185 1284 1265 1325 diei
1292 1285 1452 1326 hostem
1473 1285 1757 1341 adgressurus.

349 1343 429 1383 Sed
454 1342 586 1384 AEtoli
616 1342 761 1383 eodem
791 1356 958 1398 pavore,
979 1357 1064 1397 quo
1085 1355 1160 1382 sua
1188 1344 1322 1382 castra
1350 1342 1618 1397 reliquerant,
1639 1349 1760 1382 nocte

346 1399 536 1455 proxima
565 1398 738 1455 dispersi
773 1399 987 1454 fugerunt.
1047 1397 1074 1421 ⁵¹
1090 1397 1279 1439 Maximo
1313 1398 1406 1439 usui
1438 1398 1519 1440 fuit
1545 1399 1762 1454 Amynan-

347 1456 434 1504 der,
457 1470 542 1512 quo
562 1455 668 1496 duce
690 1455 962 1504 Athamanes,
983 1455 1180 1496 itinerum
1200 1455 1340 1510 periti,
1358 1455 1528 1496 summis
1548 1454 1762 1496 montibus

348 1512 382 1536 ⁵⁹
398 1527 472 1568 per
507 1511 628 1552 calles
662 1511 827 1566 ignotos
863 1511 1132 1566 sequentibus
1166 1526 1236 1552 eos
1268 1511 1460 1552 hostibus
1490 1511 1533 1552 in
1562 1510 1763 1553 AEtoliam

350 1569 652 1625 perduxerunt.
683 1582 765 1608 non
797 1567 856 1608 ita
884 1567 1039 1608 multos
1068 1564 1112 1608 in
1132 1567 1317 1624 dispersa
1346 1567 1450 1624 fuga
1480 1583 1593 1609 error
1621 1566 1764 1609 intulit

351 1626 392 1666 in
434 1624 716 1665 Macedonum
756 1623 932 1679 equites,
972 1639 1077 1679 quos
1123 1624 1215 1665 luce
1291 1624 1396 1665 rima
1437 1625 1675 1682 Philippus,
1716 1632 1764 1665 ut

352 1682 562 1723 desertum
602 1680 815 1722 tumulum
854 1680 975 1731 vidit,
1011 1680 1064 1721 ad
1105 1640 1358 1736 cal-pendium
1398 1681 1580 1722 hostium
1617 1693 1765 1736 agmen

352 1738 475 1780 misit.

412 1794 593 1836 XLIII.
627 1795 708 1836 Per
738 1809 806 1834 eos
840 1793 942 1843 dies,
964 1802 1005 1834 et
1034 1793 1324 1849 Athenagoras
1354 1794 1493 1850 regius
1528 1794 1766 1850 praefectus,

355 1851 574 1893 Dardanos
603 1851 847 1914 recipientes
868 1865 910 1891 se
929 1850 971 1891 in
998 1850 1099 1891 fines
1120 1849 1312 1906 adeptus,
1333 1859 1590 1906 postremum
1620 1854 1768 1906 agmen

354 1908 489 1965 primo
527 1908 726 1950 turbavlt.
763 1907 873 1958 dein,
909 1915 1132 1963 postquam
1168 1906 1354 1948 Dardani
1395 1907 1603 1949 conversis
1641 1906 1769 1962 'signis

358 1966 545 2006 direxere
577 1964 720 2014 aciem,
742 1979 865 2019 aequa
895 1978 1039 2020 pugna
1063 1964 1181 2020 justo
1209 1964 1358 2020 proelio
1387 1973 1487 2006 erat.
1519 1965 1593 2006 ubi
1625 1974 1770 2005 rursus

357 2022 578 2079 procedere
600 2021 787 2062 Dardani
812 2020 1046 2077 coepissent,
1068 2020 1209 2076 equite
1236 2029 1277 2062 et
1303 2021 1385 2062 levi
1415 2031 1627 2064 armatura
1649 2020 1770 2078 regii,

359 2079 521 2120 nullum
551 2078 645 2120 talis
674 2077 819 2118 auxilii
848 2092 980 2134 genus
1009 2077 1208 2119 habentes
1235 2077 1469 2129 Dardanos,
1491 2087 1682 2121 oneratos
1710 2079 1772 2119 in-

359 2136 582 2176 mobilibus
615 2135 753 2185 armis,
784 2134 1014 2176 vexabant:
1047 2141 1088 2175 et
1123 2133 1213 2176 loca
1240 2134 1331 2191 ipsa
1364 2134 1632 2192 adjuvabant.
1693 2136 1772 2177 Oc-

361 2192 432 2233 cisi
462 2191 659 2248 perpauci
690 2199 801 2240 sunt,
823 2191 963 2248 plures
983 2190 1204 2242 vulnerati,
1227 2201 1374 2248 captus
1403 2207 1538 2243 nemo,
1560 2192 1661 2249 quia
1688 2197 1771 2234 'non

361 2249 569 2289 excedunt
599 2258 751 2290 temere
780 2248 995 2289 ordinibus
1023 2248 1121 2298 suis,
1144 2248 1217 2289 sed
1245 2249 1463 2290 confertim
1492 2257 1533 2290 et
1565 2254 1772 2307 pugnant,

362 2314 403 2346 et
434 2305 599 2347 cedunt.
661 2305 731 2346 Ita
761 2304 912 2346 damna
933 2305 1123 2346 Romano
1155 2314 1324 2362 accepta
1357 2305 1481 2356 bello,
1504 2305 1669 2348 duabus
1750 2321 1772 2347 r

363 2370 618 2417 opportunas
649 2361 932 2418 expeditiones
961 2361 1147 2403 coercitis
1175 2363 1386 2418 gentibuS,
1407 2362 1646 2404 restituerat
1674 2363 1710 2404 P
1744 2363 1774 2398 '-

368 2418 518 2474 lippus,
549 2419 711 2474 incepto
740 2418 855 2466 forti,
883 2432 962 2459 non
995 2433 1191 2475 prospero
1224 2418 1354 2459 solum
1385 2427 1549 2461 eventu.
1612 2419 1773 2461 Minuit

367 2474 515 2515 deinde
553 2475 587 2514 oi
622 2474 727 2515 forte
762 2475 902 2516 oblata
941 2490 1004 2516 res
1042 2475 1225 2516 hostium
1264 2474 1504 2517 AEtolorum
1539 2490 1771 2517 numerum.

371 2533 522 2587 Scopas
553 2531 743 2587 princeps
778 2531 926 2586 gentis,
949 2532 1001 2574 ab
1031 2531 1287 2573 Alexandria
1315 2547 1466 2588 magno
1496 2548 1589 2574 cum
1619 2533 1774 2590 ponde-

413 2672 450 2700 51
482 2669 605 2700 Maaimn
626 2672 693 2699 usui
711 2669 798 2711 sust]
830 2669 933 2710 Vulgo
962 2672 1050 2700 mari·
1095 2673 1239 2711 equitatus
1255 2694 1262 2702 .
1280 2694 1288 2702 .
1304 2695 1311 2702 .
1328 2695 1336 2702 .
1350 2674 1471 2702 maximo
1485 2675 1551 2703 τιςιιί
1564 2673 1637 2710 suit.

372 2724 424 2741 me.
469 2712 528 2742 Sed
552 2713 672 2744 Thuan.
687 2712 753 2742 cod.
776 2724 792 2742 a
809 2713 880 2743 Jac.
897 2713 1052 2744 Gronovio
1138 2715 1178 2744 52
1204 2715 1262 2745 Per
1283 2715 1384 2756 calles]
1418 2716 1485 2745 lloc
1512 2708 1625 2757 recepit
1649 2716 1678 2746 in
1704 2726 1775 2747 con-

373 2753 537 2795 inspcctus,
561 2762 592 2786 ct
613 2760 714 2787 noster
737 2754 854 2785 Victor.
877 2754 907 2785 id
937 2755 1051 2785 hahent
1095 2761 1211 2787 textum
1236 2757 1408 2788 Gronovius
1430 2769 1484 2799 pro
1506 2769 1557 2798 per
1579 2760 1670 2793 colles,
1686 2758 1776 2790 nixus

372 2797 452 2836 quod
480 2798 639 2829 edidimus.
685 2796 801 2828 Eodem
830 2803 932 2838 tamen
963 2797 1052 2829 modo
1096 2800 1276 2830 auctoritate
1313 2800 1419 2842 primae
1456 2801 1590 2832 omnium
1625 2801 1776 2834 editioni&

378 2839 489 2873 Livius,
521 2841 539 2871 1.
569 2842 672 2872 XLII.
702 2851 729 2871 c.
758 2841 808 2871 59.
857 2840 1050 2872 Thessalorum
1096 2842 1224 2874 Accedit
1240 2842 1356 2874 Victor.
1370 2843 1458 2874 liber.
