1947 3222
355 127 430 162 252
858 121 1008 160 ΤΙΤΙ
1054 121 1235 159 LIVII

144 240 185 270 15.
201 239 321 270 c.561.
356 231 601 281 Tichiunta,
619 231 819 272 Catonem
838 230 881 272 in
903 230 1205 272 Callidromum
1225 230 1368 272 mittit.
1390 230 1493 286 ipse,
1513 229 1758 287 priusquam

143 283 234 353 “PC-
250 282 322 314 19¹·
354 288 409 329 ad
437 288 598 329 hostem
626 288 764 343 copias
794 288 1048 338 admoveret,
1067 296 1236 329 vocatos
1269 289 1313 328 in
1342 286 1578 328 concionem
1607 286 1760 328 milites

143 335 300 398 h‘ffissffs
353 345 498 400 paucis
527 352 588 386 est
617 344 854 386 adlocutus:
886 343 1143 398 62Ρίενοεᾳαε
1174 346 1346 385 omnium
1375 344 1572 392 ordinum,
1601 345 1761 391 milites,

355 403 463 442 inter
482 415 547 442 vos
566 415 648 442 esse
675 402 803 450 video,
826 402 896 454 qui
930 402 974 441 in
1000 401 1076 441 lzac
1104 403 1240 441 eadem
1265 402 1481 454 provincia
1509 402 1555 441 T.
1582 400 1765 449 Quinctii

354 459 473 498 ductu
491 460 746 511 auspicioque
766 459 1052 498 militaveritis.
1095 458 1359 498 Macedonico
1379 459 1479 499 bello
1500 459 1764 510 inexsupera-

354 515 448 556 bilis
477 517 606 569 magis
633 517 759 555 saltus
779 516 835 554 ad
863 529 1014 554 amnem
1037 515 1166 555 Aoum.
1184 515 1294 568 fuit,
1317 531 1433 569 quam
1464 517 1540 556 hic.
1604 514 1767 567 Quippe

346 579 484 626 portoe
502 578 592 613 sunt
612 572 688 620 lice,
712 578 749 611 et
768 585 882 620 unus,
905 572 1012 611 inter
1033 573 1109 611 duo
1131 573 1261 612 maria
1281 574 1428 613 clausis
1447 572 1637 620 omnibus,
1660 573 1767 612 velut

356 631 557 669 naturalis
584 629 781 668 transitus
811 635 878 668 est.
910 627 944 651 ⁶³
961 629 1262 669 munitiones—et
1291 630 1386 670 locis
1415 628 1766 682 opportunioribus

354 687 645 739 tuncfuerunt,
668 691 705 724 et
735 685 956 726 validiores
985 686 1190 738 inpositcc:
1223 687 1417 727 exercitus
1447 688 1610 727 hostium
1639 687 1709 726 ille
1729 691 1767 726 et

355 757 516 782 numero
545 740 684 796 mqjor,
707 747 746 781 et
774 743 944 783 militum
975 757 1123 797 genere
1152 743 1365 796 aliquanto
1394 744 1545 783 melior.
1609 744 1770 796 Quippe

355 801 442 839 illic
465 799 705 839 Macedones
727 798 976 853 Thracesque
994 805 1032 840 et
1052 799 1195 854 Illyrii
1215 806 1344 848 erant,
1350 800 1620 853 ferocissimae
1639 810 1771 840 omnes

351 863 513 911 gentes:
541 857 604 896 hic
619 857 716 911 Syri
735 863 773 896 et
786 856 964 897 Asiatici
983 855 1120 897 Graece?
1140 863 1246 905 sunt,
1263 858 1463 897 levissima
1479 871 1628 911 genera
1645 857 1770 896 lzomi-

356 928 447 954 num
478 920 515 953 et
549 914 737 953 servituti
770 920 881 954 nata.
946 915 1037 954 Rex
1067 915 1137 954 ille
1171 913 1492 959 bellicosissimus,
1530 914 1773 954 exercitatus

342 970 436 1025 jam
468 971 562 1011 inde
591 970 642 1010 ab
657 969 832 1023 juventa
843 971 1046 1023 finitimis
1079 971 1277 1011 Thracum
1313 977 1434 1024 atque
1458 972 1710 1026 Illyriorum,
1733 976 1772 1010 et

356 1029 466 1068 circa
501 1028 672 1067 omnium
711 1029 941 1068 adcolarum
973 1029 1107 1074 bellis;
1140 1028 1217 1076 lzic,
1244 1034 1287 1067 ut
1317 1030 1441 1068 aliam
1473 1042 1620 1068 omnem
1647 1029 1772 1068 vitam

358 1083 569 1135 omittam2
593 1086 627 1125 is
647 1091 718 1134 est,
741 1086 823 1138 qui,
847 1099 962 1138 quum
983 1086 1040 1125 ad
1059 1086 1306 1139 inserendum
1325 1087 1475 1139 populo
1490 1086 1676 1126 Romano
1695 1084 1775 1125 bel-

358 1143 437 1182 lum
468 1157 517 1182 ex
538 1143 639 1183 Asia
670 1143 711 1182 in
744 1143 948 1194 Europam
979 1144 1202 1191 transisset,
1226 1143 1333 1182 nilzil
1366 1142 1661 1182 memorabilius
1691 1147 1774 1182 toto

359 1206 536 1252 tempore
568 1199 822 1239 hibernorum
856 1199 1035 1253 gesserit,
1071 1212 1188 1252 quam
1228 1201 1335 1253 quod
1366 1201 1516 1240 amoris
1550 1213 1689 1240 caussa
1725 1213 1775 1238 ea:

359 1258 472 1296 domo
489 1258 671 1309 privata,
690 1262 727 1296 et
747 1257 903 1297 obscuri
922 1258 1043 1296 etiam
1065 1257 1169 1296 inter
1183 1258 1403 1310 populares
1418 1257 1594 1311 generis,
1611 1269 1775 1296 uxorem

359 1315 496 1353 duxit:
528 1320 567 1354 et
588 1328 709 1354 novus
729 1314 912 1363 maritus,
934 1315 1037 1354 velut
1061 1314 1273 1367 saginatus
1293 1314 1542 1367 nuptialibus
1561 1314 1696 1361 coenis,
1719 1314 1777 1353 ad

349 1385 532 1424 pugnam
547 1370 751 1423 processit.
802 1371 959 1412 Summa
981 1372 1126 1411 virium
1147 1372 1308 1424 speique
1328 1370 1411 1425 ejus
1432 1372 1473 1411 in
1496 1370 1773 1424 AEtolisfuit;

353 1435 473 1482 gente
488 1429 705 1468 vanissima
722 1434 760 1468 et
780 1428 1073 1482 ingratissima,
1091 1436 1133 1468 ut
1154 1442 1220 1468 vos
1234 1429 1353 1480 prius
1373 1429 1531 1481 experti
1551 1429 1657 1475 estis,
1675 1441 1779 1468 nunc

361 1485 584 1525 Antiochus
618 1486 836 1537 coeperitur.
902 1485 1005 1525 Nam
1038 1500 1109 1525 nec
1139 1492 1406 1525 convenerunt
1425 1486 1680 1539 frequentes,
1709 1499 1780 1525 nec

361 1543 564 1582 contineri
579 1544 621 1582 in
634 1543 778 1583 castris
792 1548 1022 1595 potuerunt,
1036 1549 1073 1582 et
1087 1544 1128 1582 in
1141 1542 1334 1583 seditione
1348 1543 1428 1595 ipsi
1441 1544 1548 1582 inter
1558 1557 1599 1583 se
1610 1547 1722 1582 sunt.-
1740 1547 1779 1582 et

363 1614 478 1653 quum
492 1600 705 1653 Hypatam
718 1601 906 1640 tuendam
922 1600 1245 1653 Heracleamque
1258 1601 1586 1653 depoposcissent,
1596 1605 1777 1639 neutram

363 1658 503 1707 tutati,
526 1657 761 1711 refugerunt
782 1658 824 1696 in
832 1655 941 1710 juga
962 1657 1162 1703 montium,
1178 1671 1282 1709 pars
1297 1658 1515 1697 Heracleae
1535 1658 1780 1697 incluserunt

363 1728 456 1754 sese.
519 1714 610 1754 Rex
629 1715 712 1766 ipse
730 1714 941 1768 confessus,
956 1728 1145 1767 nusquam
1167 1728 1281 1768 a’quo
1301 1729 1441 1767 campo
1461 1728 1538 1754 nou
1560 1715 1674 1754 modo
1689 1727 1781 1753 con-

359 1772 481 1825 gredi
499 1785 540 1811 se
559 1772 616 1811 ad
630 1785 808 1825 pugnam
825 1773 987 1820 audere,
1002 1772 1072 1811 sed
1092 1785 1140 1810 ne
1154 1778 1288 1811 castra
1310 1773 1466 1824 quidem
1489 1773 1531 1811 in
1547 1777 1690 1824 aperto
1704 1784 1780 1822 po-

364 1842 473 1878 nere,
491 1829 633 1868 relicta
652 1829 760 1868 omni
774 1835 869 1868 ante
881 1843 921 1868 se
942 1829 1104 1881 regione
1120 1842 1181 1878 ea,
1199 1842 1315 1882 quam
1331 1843 1372 1869 se
1392 1828 1504 1869 nobis
1519 1843 1567 1868 ac
1580 1827 1780 1880 Philippo

364 1886 556 1925 ademisse
580 1885 853 1938 gloriabatur,
874 1886 1054 1925 condidit
1073 1900 1114 1926 se
1142 1886 1253 1925 intra
1284 1900 1421 1938 rupes:
1454 1900 1502 1926 ne
1522 1891 1618 1925 ante
1629 1885 1781 1938 fauces

365 1943 522 1996 quidem
542 1943 682 1993 saltus,
704 1949 746 1982 ut
770 1944 968 1996 quondam
992 1943 1453 1997 Lacedaemoniosfama
1475 1949 1546 1992 est,
1567 1943 1637 1983 sed
1665 1943 1779 1982 intra

358 2000 524 2053 penitus
545 2000 732 2040 retractis
750 2000 913 2040 castris:
944 1999 1089 2054 ⁶4quod
1117 2007 1308 2054 quantum
1331 2001 1497 2041 interest
1516 2001 1573 2039 ad
1600 2000 1779 2040 timorem

901 2068 915 2092 f
927 2073 1025 2103 sileam
1043 2073 1138 2104 Gron.
1152 2074 1240 2103 Crcv.

409 2137 450 2166 62
477 2137 628 2178 Plerosque
659 2138 786 2167 omnium
818 2138 966 2172 ordinum,
996 2139 1049 2167 mi·
1093 2143 1184 2168 natur
1206 2147 1264 2167 vox
1286 2139 1436 2171 caen-itus,
1460 2142 1491 2167 et
1513 2135 1638 2178 quidem
1662 2134 1693 2165 in
1721 2144 1779 2165 nu-

367 2180 440 2213 lites,
468 2181 545 2209 inter
572 2180 634 2220 ros]
664 2178 850 2220 Adjuvimus
874 2179 1050 2221 interpunc-
1094 2190 1178 2211 mero
1205 2180 1338 2222 primum
1366 2179 1581 2214 multitudinis,
1607 2177 1719 2208 deinde
1747 2178 1779 2209 in

366 2222 449 2252 tione
473 2223 554 2252 hunc
579 2223 693 2258 locum,
717 2227 751 2252 ut
774 2228 922 2264 appareat
942 2233 1050 2254 vocem
1093 2223 1250 2264 singulari,
1282 2233 1376 2264 quum
1410 2222 1571 2263 utrobique
1600 2219 1638 2251 de
1667 2220 1778 2250 iisdem

367 2266 473 2294 milites
496 2264 622 2295 seorsim
650 2263 826 2304 legendam,
849 2265 963 2307 quippe
989 2275 1052 2307 qua
1093 2265 1189 2307 copiis
1211 2272 1332 2308 agatur,
1346 2265 1378 2297 id
1402 2271 1459 2299 est,
1475 2264 1513 2296 de
1535 2262 1671 2304 Philippi
1694 2273 1780 2294 exer—

368 2307 475 2338 consul
491 2317 542 2337 eos
557 2307 610 2348 qui
633 2307 763 2337 audiunt
785 2308 966 2350 compellet:
989 2310 1050 2348 ple-
1094 2309 1169 2340 citu.
1224 2309 1342 2340 Victor.
1370 2307 1483 2339 omittit
1518 2306 1667 2348 posterius
1701 2306 1779 2338 illud

368 2361 466 2390 rosque
495 2358 598 2380 autem
624 2352 752 2380 manium
775 2352 911 2381 ordinum
939 2350 1050 2382 intelli·
1095 2354 1244 2382 exercitus.
1289 2351 1351 2382 Sed
1366 2351 1390 2381 si
1406 2350 1555 2384 deleatur,
1572 2349 1691 2378 nullum
1710 2349 1776 2389 jam

368 2392 484 2434 gendos
520 2403 585 2423 esse
620 2403 681 2424 non
713 2392 824 2423 milites
857 2393 967 2429 solum,
998 2394 1053 2425 sed
1097 2405 1209 2426 nomen
1236 2394 1389 2435 reliquum
1414 2398 1471 2428 est,
1499 2391 1539 2422 ad
1565 2391 1649 2432 quod
1679 2392 1780 2423 reerri

369 2436 466 2466 duces
488 2445 622 2477 quoque,
642 2441 674 2467 et
697 2437 901 2473 centuriones,
920 2443 951 2468 et
975 2448 1053 2479 prae-
1096 2437 1190 2480 possit
1213 2437 1246 2468 τὸ
1268 2438 1325 2467 ille.
1371 2437 1593 2477 Exspectemus
1617 2433 1691 2465 dum
1714 2445 1780 2466 me-

370 2479 476 2514 sectos,
493 2484 553 2509 etc.
1097 2481 1186 2511 liores
1212 2479 1334 2510 codices
1362 2477 1561 2519 reperiantur.
1607 2477 1718 2518 Neque
1747 2488 1779 2509 e-

413 2522 453 2552 63
478 2521 656 2551 municiones
686 2528 712 2552 et
747 2522 813 2552 Iocis
841 2524 1054 2561 oppmtuniori-
1098 2523 1161 2552 nim
1177 2522 1326 2553 Gronovii
1341 2521 1524 2562 conjecturae
1549 2519 1636 2550 uobis
1658 2520 1779 2551 satissa-

372 2566 423 2594 bus
450 2570 520 2594 tunc
538 2563 683 2604 fuerunt,
710 2570 737 2594 et
762 2566 914 2594 validiores
943 2566 1054 2604 imposi—
1098 2565 1193 2596 ciunt.
1237 2565 1327 2604 Legit
1349 2564 1419 2594 ille:
1448 2563 1655 2593 Munium-ibus
1668 2570 1695 2593 er
1711 2570 1782 2594 tunc

374 2614 425 2637 lae:
459 2608 600 2637 exercitus
633 2607 754 2636 hostium
791 2608 839 2637 ille
874 2613 901 2637 et
938 2619 1057 2638 numero
1089 2608 1234 2649 suerunt,
1261 2614 1287 2637 et
1314 2608 1463 2637 validiores
1491 2607 1613 2644 impositi
1642 2608 1784 2637 exercitus

374 2650 482 2690 major]
510 2650 593 2680 Vett.
607 2648 757 2679 editorum
774 2649 875 2683 lectio,
892 2659 986 2690 aqua
1002 2660 1055 2691 pa·
1099 2652 1222 2680 hostium
1252 2651 1334 2681 locis.-
1366 2649 1416 2679 ille
1449 2654 1475 2679 et
1504 2659 1642 2678 numerus
1669 2651 1782 2688 mqjor:

378 2703 442 2723 rum
458 2697 511 2723 aut
526 2691 603 2722 nihil
618 2692 732 2722 abeunt
751 2691 865 2732 scripti,
882 2698 959 2722 teste
976 2693 1055 2723 Gro-
1100 2692 1278 2733 compositio
1307 2692 1438 2733 abrupta
1473 2696 1503 2722 et
1533 2691 1720 2727 subsultans,
1751 2697 1782 2722 et

377 2735 477 2770 novio,
493 2735 564 2765 talis
577 2739 639 2765 est:
662 2735 881 2765 Munitiorzhus
898 2735 1056 2775 tuncsne-
1101 2736 1140 2766 ab
1163 2736 1229 2765 suso
1259 2735 1311 2765 illo
1336 2733 1526 2776 aequabiliter
1550 2733 1678 2764 Liviano
1702 2734 1782 2775 stylo

377 2785 448 2808 runt
483 2784 509 2808 et
547 2778 733 2808 validioribus
764 2779 887 2816 impositi
919 2779 1057 2808 exercilus
1101 2777 1276 2809 abhorrens.

379 2822 501 2850 hostium
529 2822 612 2850 lacis:
644 2822 784 2850 exercitus
810 2821 860 2850 ille
883 2826 909 2849 et
939 2832 1058 2850 numero
1142 2821 1183 2851 64
1217 2821 1300 2855 Quod
1336 2826 1476 2860 quantum
1514 2819 1646 2859 interest]
1697 2818 1782 2856 Quid

380 2866 481 2903 major.
527 2863 587 2894 Ubi
610 2862 686 2894 illud
700 2862 839 2899 offendit,
855 2862 937 2903 quod
960 2863 1056 2904 gemi-
1101 2865 1225 2895 interest
1248 2863 1287 2894 ad
1309 2863 1446 2894 timorem
1469 2861 1703 2898 ostendendum,
1727 2861 1783 2893 hoc
