<?xml version="1.0" encoding="UTF-8"?>
<!DOCTYPE html PUBLIC "-//W3C//DTD XHTML 1.0 Transitional//EN"
    "http://www.w3.org/TR/xhtml1/DTD/xhtml1-transitional.dtd">
<html xmlns="http://www.w3.org/1999/xhtml" xml:lang="en" lang="en">
 <head>
  <title>
</title>
<meta http-equiv="Content-Type" content="text/html;charset=utf-8" />
  <meta name='ocr-system' content='tesseract 3.04.00' />
  <meta name='ocr-capabilities' content='ocr_page ocr_carea ocr_par ocr_line ocrx_word'/>
</head>
<body>
  <div class='ocr_page' id='page_1' title='image "./historiarumaburb03livyuoft_0099.png"; bbox 0 0 1947 3222; ppageno 0'>
   <div class='ocr_carea' id='block_1_1' title="bbox 505 123 1531 168">
    <p class='ocr_par' dir='ltr' id='par_1_1' title="bbox 505 123 1531 168">
     <span class='ocr_line' id='line_1_1' title="bbox 505 123 1531 168; baseline -0.001 -6"><span class='ocrx_word' id='word_1_1' title='bbox 505 124 624 162; x_wconf 69' lang='grc' dir='ltr'>ΜΒ.</span> <span class='ocrx_word' id='word_1_2' title='bbox 659 123 863 162; x_wconf 79' lang='lat' dir='ltr'>xxxm,</span> <span class='ocrx_word' id='word_1_3' title='bbox 920 123 1052 161; x_wconf 79' lang='lat' dir='ltr'><strong>CAP.</strong></span> <span class='ocrx_word' id='word_1_4' title='bbox 1083 124 1162 161; x_wconf 89' lang='lat'>111.</span> <span class='ocrx_word' id='word_1_5' title='bbox 1482 129 1531 168; x_wconf 80' lang='lat'>89</span> 
     </span>
    </p>
   </div>
   <div class='ocr_carea' id='block_1_2' title="bbox 123 231 1762 2386">
    <p class='ocr_par' dir='ltr' id='par_1_2' title="bbox 123 231 1725 458">
     <span class='ocr_line' id='line_1_2' title="bbox 123 231 1725 290; baseline -0.001 -16"><span class='ocrx_word' id='word_1_6' title='bbox 123 233 178 275; x_wconf 85' lang='lat' dir='ltr'>ad</span> <span class='ocrx_word' id='word_1_7' title='bbox 207 233 432 290; x_wconf 82' lang='lat' dir='ltr'>hospitium</span> <span class='ocrx_word' id='word_1_8' title='bbox 469 231 729 288; x_wconf 87' lang='lat' dir='ltr'>imperatoris</span> <span class='ocrx_word' id='word_1_9' title='bbox 760 240 932 273; x_wconf 79' lang='lat' dir='ltr'>ventum</span> <span class='ocrx_word' id='word_1_10' title='bbox 967 240 1044 280; x_wconf 89' lang='lat' dir='ltr'>est,</span> <span class='ocrx_word' id='word_1_11' title='bbox 1077 246 1336 287; x_wconf 78' lang='lat' dir='ltr'>conspexere.</span> <span class='ocrx_word' id='word_1_12' title='bbox 1399 233 1530 283; x_wconf 88' lang='lat' dir='ltr'>Tum,</span> <span class='ocrx_word' id='word_1_13' title='bbox 1547 242 1586 272; x_wconf 82' lang='lat' dir='ltr'>U.</span> <span class='ocrx_word' id='word_1_14' title='bbox 1599 241 1635 273; x_wconf 90' lang='lat' dir='ltr'>C.</span> <span class='ocrx_word' id='word_1_15' title='bbox 1650 242 1725 272; x_wconf 85' lang='lat'><strong><em>555.</em></strong></span> 
     </span>
     <span class='ocr_line' id='line_1_3' title="bbox 126 285 1723 346; baseline -0.001 -15"><span class='ocrx_word' id='word_1_16' title='bbox 126 290 241 332; x_wconf 83' lang='lat' dir='ltr'>velut</span> <span class='ocrx_word' id='word_1_17' title='bbox 272 290 436 346; x_wconf 85' lang='lat' dir='ltr'>prodita</span> <span class='ocrx_word' id='word_1_18' title='bbox 457 288 553 329; x_wconf 89' lang='lat' dir='ltr'>dolo</span> <span class='ocrx_word' id='word_1_19' title='bbox 574 288 784 343; x_wconf 81' lang='lat' dir='ltr'>Antiphili</span> <span class='ocrx_word' id='word_1_20' title='bbox 816 287 1006 343; x_wconf 85' lang='lat' dir='ltr'>praetoris</span> <span class='ocrx_word' id='word_1_21' title='bbox 1027 287 1129 328; x_wconf 89' lang='lat' dir='ltr'>urbe</span> <span class='ocrx_word' id='word_1_22' title='bbox 1151 296 1370 343; x_wconf 88' lang='lat' dir='ltr'>captaque,</span> <span class='ocrx_word' id='word_1_23' title='bbox 1391 290 1534 330; x_wconf 89' lang='lat' dir='ltr'>obstu-</span> <span class='ocrx_word' id='word_1_24' title='bbox 1548 285 1637 316; x_wconf 80' lang='lat' dir='ltr'><strong>A.C.</strong></span> <span class='ocrx_word' id='word_1_25' title='bbox 1655 285 1723 314; x_wconf 82' lang='lat'>197.</span> 
     </span>
     <span class='ocr_line' id='line_1_4' title="bbox 126 343 1533 403; baseline -0.001 -15"><span class='ocrx_word' id='word_1_26' title='bbox 126 356 309 403; x_wconf 85' lang='lat' dir='ltr'>puerunt</span> <span class='ocrx_word' id='word_1_27' title='bbox 339 360 489 387; x_wconf 90' lang='lat' dir='ltr'>omnes.</span> <span class='ocrx_word' id='word_1_28' title='bbox 551 346 610 386; x_wconf 84' lang='lat' dir='ltr'>Et</span> <span class='ocrx_word' id='word_1_29' title='bbox 645 345 888 401; x_wconf 76' lang='lat' dir='ltr'>adparebat,</span> <span class='ocrx_word' id='word_1_30' title='bbox 920 344 1022 384; x_wconf 88' lang='lat' dir='ltr'>nihil</span> <span class='ocrx_word' id='word_1_31' title='bbox 1055 343 1195 384; x_wconf 85' lang='lat' dir='ltr'>liberae</span> <span class='ocrx_word' id='word_1_32' title='bbox 1222 345 1533 386; x_wconf 86' lang='lat' dir='ltr'>consultationis</span> 
     </span>
     <span class='ocr_line' id='line_1_5' title="bbox 128 400 1535 458; baseline -0.001 -14"><span class='ocrx_word' id='word_1_33' title='bbox 128 403 314 454; x_wconf 87' lang='lat' dir='ltr'>concilio,</span> <span class='ocrx_word' id='word_1_34' title='bbox 337 401 451 458; x_wconf 91' lang='lat' dir='ltr'>quod</span> <span class='ocrx_word' id='word_1_35' title='bbox 480 402 523 442; x_wconf 90' lang='lat' dir='ltr'>in</span> <span class='ocrx_word' id='word_1_36' title='bbox 552 401 660 443; x_wconf 90' lang='lat' dir='ltr'>diem</span> <span class='ocrx_word' id='word_1_37' title='bbox 691 410 905 457; x_wconf 86' lang='lat' dir='ltr'>posterum</span> <span class='ocrx_word' id='word_1_38' title='bbox 936 400 1140 442; x_wconf 88' lang='lat' dir='ltr'>indictum</span> <span class='ocrx_word' id='word_1_39' title='bbox 1169 409 1256 441; x_wconf 85' lang='lat' dir='ltr'>erat</span> <span class='ocrx_word' id='word_1_40' title='bbox 1280 401 1451 451; x_wconf 85' lang='lat' dir='ltr'>Boeotis,</span> <span class='ocrx_word' id='word_1_41' title='bbox 1474 417 1535 442; x_wconf 87' lang='lat' dir='ltr'>re-</span> 
     </span>
    </p>

    <p class='ocr_par' dir='ltr' id='par_1_3' title="bbox 128 456 1535 513">
     <span class='ocr_line' id='line_1_6' title="bbox 128 456 1535 513; baseline -0.004 -11"><span class='ocrx_word' id='word_1_42' title='bbox 128 460 286 502; x_wconf 89' lang='lat' dir='ltr'>lictum.</span> <span class='ocrx_word' id='word_1_43' title='bbox 348 460 566 503; x_wconf 72' lang='lat' dir='ltr'>Texerunt</span> <span class='ocrx_word' id='word_1_44' title='bbox 597 458 797 508; x_wconf 90' lang='lat' dir='ltr'>dolorem,</span> <span class='ocrx_word' id='word_1_45' title='bbox 829 472 954 513; x_wconf 87' lang='lat' dir='ltr'>quem</span> <span class='ocrx_word' id='word_1_46' title='bbox 985 466 1026 499; x_wconf 88' lang='lat' dir='ltr'>et</span> <span class='ocrx_word' id='word_1_47' title='bbox 1055 456 1356 513; x_wconf 84' lang='lat' dir='ltr'>nequidquam,</span> <span class='ocrx_word' id='word_1_48' title='bbox 1382 466 1423 498; x_wconf 88' lang='lat' dir='ltr'>et</span> <span class='ocrx_word' id='word_1_49' title='bbox 1454 472 1535 497; x_wconf 91' lang='lat' dir='ltr'>non</span> 
     </span>
    </p>

    <p class='ocr_par' dir='ltr' id='par_1_4' title="bbox 129 514 725 572">
     <span class='ocr_line' id='line_1_7' title="bbox 129 514 725 572; baseline -0.007 -13"><span class='ocrx_word' id='word_1_50' title='bbox 129 518 216 559; x_wconf 85' lang='lat' dir='ltr'>sine</span> <span class='ocrx_word' id='word_1_51' title='bbox 236 515 419 572; x_wconf 89' lang='lat' dir='ltr'>periculo</span> <span class='ocrx_word' id='word_1_52' title='bbox 439 514 725 556; x_wconf 82' lang='lat' dir='ltr'>ostendissent.</span> 
     </span>
    </p>

    <p class='ocr_par' dir='ltr' id='par_1_5' title="bbox 123 570 1733 1023">
     <span class='ocr_line' id='line_1_8' title="bbox 188 570 1730 627; baseline -0.003 -13"><span class='ocrx_word' id='word_1_53' title='bbox 188 574 252 615; x_wconf 86' lang='lat' dir='ltr'>II.</span> <span class='ocrx_word' id='word_1_54' title='bbox 285 573 336 613; x_wconf 91' lang='lat' dir='ltr'>In</span> <span class='ocrx_word' id='word_1_55' title='bbox 364 572 536 613; x_wconf 89' lang='lat' dir='ltr'>concilio</span> <span class='ocrx_word' id='word_1_56' title='bbox 558 571 732 612; x_wconf 89' lang='lat' dir='ltr'>Attalus</span> <span class='ocrx_word' id='word_1_57' title='bbox 756 571 861 627; x_wconf 85' lang='lat' dir='ltr'>prim</span> <span class='ocrx_word' id='word_1_58' title='bbox 870 587 916 612; x_wconf 91' lang='lat' dir='ltr'>us</span> <span class='ocrx_word' id='word_1_59' title='bbox 937 571 1065 612; x_wconf 88' lang='lat' dir='ltr'>verba</span> <span class='ocrx_word' id='word_1_60' title='bbox 1085 570 1196 612; x_wconf 88' lang='lat' dir='ltr'>fecit.</span> <span class='ocrx_word' id='word_1_61' title='bbox 1258 571 1389 612; x_wconf 85' lang='lat' dir='ltr'>Orsus</span> <span class='ocrx_word' id='word_1_62' title='bbox 1409 585 1434 610; x_wconf 90' lang='lat' dir='ltr'>a</span> <span class='ocrx_word' id='word_1_63' title='bbox 1453 585 1537 610; x_wconf 88' lang='lat' dir='ltr'>ma-</span> <span class='ocrx_word' id='word_1_64' title='bbox 1552 589 1589 619; x_wconf 88' lang='lat' dir='ltr'>In</span> <span class='ocrx_word' id='word_1_65' title='bbox 1603 589 1730 620; x_wconf 75' lang='lat' dir='ltr'>concilio</span> 
     </span>
     <span class='ocr_line' id='line_1_9' title="bbox 123 627 1729 687; baseline -0.002 -16"><span class='ocrx_word' id='word_1_66' title='bbox 123 631 265 687; x_wconf 86' lang='lat' dir='ltr'>jorum</span> <span class='ocrx_word' id='word_1_67' title='bbox 287 644 458 677; x_wconf 70' lang='lat' dir='ltr'>suorum</span> <span class='ocrx_word' id='word_1_68' title='bbox 486 627 669 684; x_wconf 89' lang='lat' dir='ltr'>suisque,</span> <span class='ocrx_word' id='word_1_69' title='bbox 691 636 732 669; x_wconf 91' lang='lat' dir='ltr'>et</span> <span class='ocrx_word' id='word_1_70' title='bbox 757 628 1046 669; x_wconf 86' lang='lat' dir='ltr'>communibus</span> <span class='ocrx_word' id='word_1_71' title='bbox 1066 628 1110 668; x_wconf 92' lang='lat' dir='ltr'>in</span> <span class='ocrx_word' id='word_1_72' title='bbox 1129 642 1289 668; x_wconf 88' lang='lat' dir='ltr'>omnem</span> <span class='ocrx_word' id='word_1_73' title='bbox 1315 627 1536 676; x_wconf 80' lang='lat' dir='ltr'>Graeciam,</span> <span class='ocrx_word' id='word_1_74' title='bbox 1551 632 1729 662; x_wconf 66' lang='lat' dir='ltr'>Boeotorum</span> 
     </span>
     <span class='ocr_line' id='line_1_10' title="bbox 129 675 1733 747; baseline -0.003 -19"><span class='ocrx_word' id='word_1_75' title='bbox 129 695 171 728; x_wconf 90' lang='lat' dir='ltr'>et</span> <span class='ocrx_word' id='word_1_76' title='bbox 197 685 376 742; x_wconf 89' lang='lat' dir='ltr'>propriis</span> <span class='ocrx_word' id='word_1_77' title='bbox 405 685 448 726; x_wconf 91' lang='lat' dir='ltr'>in</span> <span class='ocrx_word' id='word_1_78' title='bbox 479 686 726 726; x_wconf 85' lang='lat' dir='ltr'>Boeotorum</span> <span class='ocrx_word' id='word_1_79' title='bbox 756 693 937 740; x_wconf 82' lang='lat' dir='ltr'>gentem,</span> <span class='ocrx_word' id='word_1_80' title='bbox 968 684 1140 735; x_wconf 89' lang='lat' dir='ltr'>meritis,</span> <span class='ocrx_word' id='word_1_81' title='bbox 1162 684 1354 740; x_wconf 76' lang='lat' dir='ltr'>6segnior</span> <span class='ocrx_word' id='word_1_82' title='bbox 1377 684 1465 740; x_wconf 86' lang='lat' dir='ltr'>jam</span> <span class='ocrx_word' id='word_1_83' title='bbox 1496 692 1537 724; x_wconf 88' lang='lat' dir='ltr'>et</span> <span class='ocrx_word' id='word_1_84' title='bbox 1551 675 1733 747; x_wconf 51' lang='grc' dir='ltr'>Αὲἑῖιέἰὲζ</span> 
     </span>
     <span class='ocr_line' id='line_1_11' title="bbox 129 728 1638 798; baseline -0.001 -15"><span class='ocrx_word' id='word_1_85' title='bbox 129 743 344 793; x_wconf 88' lang='lat' dir='ltr'>infirmior,</span> <span class='ocrx_word' id='word_1_86' title='bbox 373 757 500 798; x_wconf 87' lang='lat' dir='ltr'>quam</span> <span class='ocrx_word' id='word_1_87' title='bbox 534 751 580 783; x_wconf 89' lang='lat' dir='ltr'>ut</span> <span class='ocrx_word' id='word_1_88' title='bbox 611 741 915 782; x_wconf 87' lang='lat' dir='ltr'>contentionem</span> <span class='ocrx_word' id='word_1_89' title='bbox 945 740 1108 782; x_wconf 90' lang='lat' dir='ltr'>dicendi</span> <span class='ocrx_word' id='word_1_90' title='bbox 1137 742 1372 790; x_wconf 88' lang='lat' dir='ltr'>sustineret,</span> <span class='ocrx_word' id='word_1_91' title='bbox 1393 741 1540 781; x_wconf 91' lang='lat' dir='ltr'>obmu-</span> <span class='ocrx_word' id='word_1_92' title='bbox 1551 728 1638 791; x_wconf 40' lang='lat' dir='ltr'>2241st</span> 
     </span>
     <span class='ocr_line' id='line_1_12' title="bbox 129 797 1540 853; baseline -0.001 -13"><span class='ocrx_word' id='word_1_93' title='bbox 129 800 214 841; x_wconf 90' lang='lat' dir='ltr'>tuit</span> <span class='ocrx_word' id='word_1_94' title='bbox 244 808 285 840; x_wconf 91' lang='lat' dir='ltr'>et</span> <span class='ocrx_word' id='word_1_95' title='bbox 315 799 506 840; x_wconf 83' lang='lat' dir='ltr'>concidit.</span> <span class='ocrx_word' id='word_1_96' title='bbox 569 800 642 848; x_wconf 88' lang='lat' dir='ltr'>Et,</span> <span class='ocrx_word' id='word_1_97' title='bbox 671 798 803 839; x_wconf 82' lang='lat' dir='ltr'>⁷dum</span> <span class='ocrx_word' id='word_1_98' title='bbox 837 813 976 853; x_wconf 80' lang='lat' dir='ltr'>regem</span> <span class='ocrx_word' id='word_1_99' title='bbox 1008 798 1204 838; x_wconf 83' lang='lat' dir='ltr'>auferunt</span> <span class='ocrx_word' id='word_1_100' title='bbox 1238 797 1540 853; x_wconf 86' lang='lat' dir='ltr'>perferuntque</span> 
     </span>
     <span class='ocr_line' id='line_1_13' title="bbox 131 854 1540 913; baseline -0.002 -16"><span class='ocrx_word' id='word_1_101' title='bbox 131 865 250 913; x_wconf 72' lang='lat' dir='ltr'>parte</span> <span class='ocrx_word' id='word_1_102' title='bbox 280 856 561 896; x_wconf 88' lang='lat' dir='ltr'>membrorum</span> <span class='ocrx_word' id='word_1_103' title='bbox 587 864 772 911; x_wconf 91' lang='lat' dir='ltr'>captum,</span> <span class='ocrx_word' id='word_1_104' title='bbox 793 855 1020 910; x_wconf 82' lang='lat' dir='ltr'>paullisper</span> <span class='ocrx_word' id='word_1_105' title='bbox 1045 854 1185 894; x_wconf 89' lang='lat' dir='ltr'>concio</span> <span class='ocrx_word' id='word_1_106' title='bbox 1215 854 1446 895; x_wconf 88' lang='lat' dir='ltr'>intermissa</span> <span class='ocrx_word' id='word_1_107' title='bbox 1466 862 1540 895; x_wconf 89' lang='lat' dir='ltr'>est.</span> 
     </span>
     <span class='ocr_line' id='line_1_14' title="bbox 133 911 1543 966; baseline -0.003 -12"><span class='ocrx_word' id='word_1_108' title='bbox 133 913 369 955; x_wconf 85' lang='lat' dir='ltr'>Aristaenus</span> <span class='ocrx_word' id='word_1_109' title='bbox 399 913 509 962; x_wconf 89' lang='lat' dir='ltr'>inde,</span> <span class='ocrx_word' id='word_1_110' title='bbox 532 912 787 952; x_wconf 83' lang='lat' dir='ltr'>Achaeorum</span> <span class='ocrx_word' id='word_1_111' title='bbox 816 922 986 966; x_wconf 78' lang='lat' dir='ltr'>praetor,</span> <span class='ocrx_word' id='word_1_112' title='bbox 1008 925 1056 950; x_wconf 89' lang='lat' dir='ltr'>eo</span> <span class='ocrx_word' id='word_1_113' title='bbox 1082 925 1177 950; x_wconf 91' lang='lat' dir='ltr'>cum</span> <span class='ocrx_word' id='word_1_114' title='bbox 1202 911 1384 966; x_wconf 63' lang='lat' dir='ltr'>majoreu</span> <span class='ocrx_word' id='word_1_115' title='bbox 1403 918 1543 951; x_wconf 90' lang='lat' dir='ltr'>aucto-</span> 
     </span>
     <span class='ocr_line' id='line_1_15' title="bbox 131 967 1542 1023; baseline -0.002 -12"><span class='ocrx_word' id='word_1_116' title='bbox 131 970 257 1011; x_wconf 88' lang='lat' dir='ltr'>ritate</span> <span class='ocrx_word' id='word_1_117' title='bbox 286 970 470 1019; x_wconf 86' lang='lat' dir='ltr'>auditus,</span> <span class='ocrx_word' id='word_1_118' title='bbox 494 968 609 1023; x_wconf 93' lang='lat' dir='ltr'>quod</span> <span class='ocrx_word' id='word_1_119' title='bbox 638 983 720 1008; x_wconf 92' lang='lat' dir='ltr'>non</span> <span class='ocrx_word' id='word_1_120' title='bbox 750 967 844 1017; x_wconf 87' lang='lat' dir='ltr'>alia,</span> <span class='ocrx_word' id='word_1_121' title='bbox 867 982 992 1022; x_wconf 90' lang='lat' dir='ltr'>quam</span> <span class='ocrx_word' id='word_1_122' title='bbox 1023 982 1119 1022; x_wconf 87' lang='lat' dir='ltr'>quae</span> <span class='ocrx_word' id='word_1_123' title='bbox 1147 967 1313 1008; x_wconf 88' lang='lat' dir='ltr'>Achaeis</span> <span class='ocrx_word' id='word_1_124' title='bbox 1343 976 1542 1017; x_wconf 85' lang='lat' dir='ltr'>suaserat,</span> 
     </span>
    </p>

    <p class='ocr_par' dir='ltr' id='par_1_6' title="bbox 135 1023 1543 1080">
     <span class='ocr_line' id='line_1_16' title="bbox 135 1023 1543 1080; baseline -0.004 -12"><span class='ocrx_word' id='word_1_125' title='bbox 135 1026 294 1068; x_wconf 81' lang='lat' dir='ltr'>Boeotis</span> <span class='ocrx_word' id='word_1_126' title='bbox 323 1026 535 1067; x_wconf 85' lang='lat' dir='ltr'>suadebat.</span> <span class='ocrx_word' id='word_1_127' title='bbox 599 1026 740 1065; x_wconf 90' lang='lat' dir='ltr'>Pauca</span> <span class='ocrx_word' id='word_1_128' title='bbox 769 1024 822 1064; x_wconf 88' lang='lat' dir='ltr'>ab</span> <span class='ocrx_word' id='word_1_129' title='bbox 851 1023 942 1079; x_wconf 82' lang='lat' dir='ltr'>ipso</span> <span class='ocrx_word' id='word_1_130' title='bbox 979 1023 1175 1073; x_wconf 83' lang='lat' dir='ltr'>Quinctio</span> <span class='ocrx_word' id='word_1_131' title='bbox 1210 1024 1387 1080; x_wconf 85' lang='lat' dir='ltr'>adjecta,</span> <span class='ocrx_word' id='word_1_132' title='bbox 1418 1023 1543 1064; x_wconf 91' lang='lat' dir='ltr'>fidem</span> 
     </span>
    </p>

    <p class='ocr_par' dir='ltr' id='par_1_7' title="bbox 132 1080 1761 1592">
     <span class='ocr_line' id='line_1_17' title="bbox 134 1080 1541 1138; baseline -0.004 -14"><span class='ocrx_word' id='word_1_133' title='bbox 134 1083 266 1138; x_wconf 85' lang='lat' dir='ltr'>magis</span> <span class='ocrx_word' id='word_1_134' title='bbox 297 1084 543 1131; x_wconf 85' lang='lat' dir='ltr'>Romanam,</span> <span class='ocrx_word' id='word_1_135' title='bbox 574 1096 701 1137; x_wconf 90' lang='lat' dir='ltr'>quam</span> <span class='ocrx_word' id='word_1_136' title='bbox 737 1096 851 1121; x_wconf 85' lang='lat' dir='ltr'>arma</span> <span class='ocrx_word' id='word_1_137' title='bbox 881 1088 954 1121; x_wconf 84' lang='lat' dir='ltr'>aut</span> <span class='ocrx_word' id='word_1_138' title='bbox 989 1094 1102 1135; x_wconf 81' lang='lat' dir='ltr'>opeS,</span> <span class='ocrx_word' id='word_1_139' title='bbox 1134 1080 1357 1121; x_wconf 88' lang='lat' dir='ltr'>extollente</span> <span class='ocrx_word' id='word_1_140' title='bbox 1392 1080 1541 1120; x_wconf 87' lang='lat' dir='ltr'>verbis.</span> 
     </span>
     <span class='ocr_line' id='line_1_18' title="bbox 137 1136 1542 1195; baseline -0.003 -15"><span class='ocrx_word' id='word_1_141' title='bbox 137 1139 319 1195; x_wconf 88' lang='lat' dir='ltr'>Rogatio</span> <span class='ocrx_word' id='word_1_142' title='bbox 348 1139 458 1189; x_wconf 91' lang='lat' dir='ltr'>inde,</span> <span class='ocrx_word' id='word_1_143' title='bbox 483 1137 536 1178; x_wconf 74' lang='lat' dir='ltr'>8a</span> <span class='ocrx_word' id='word_1_144' title='bbox 567 1137 789 1179; x_wconf 86' lang='lat' dir='ltr'>Plataeensi</span> <span class='ocrx_word' id='word_1_145' title='bbox 811 1136 1055 1177; x_wconf 88' lang='lat' dir='ltr'>Dicaearcho</span> <span class='ocrx_word' id='word_1_146' title='bbox 1085 1137 1170 1178; x_wconf 90' lang='lat' dir='ltr'>lata</span> <span class='ocrx_word' id='word_1_147' title='bbox 1197 1137 1468 1192; x_wconf 88' lang='lat' dir='ltr'>recitataque,</span> <span class='ocrx_word' id='word_1_148' title='bbox 1490 1136 1542 1177; x_wconf 87' lang='lat' dir='ltr'>de</span> 
     </span>
     <span class='ocr_line' id='line_1_19' title="bbox 136 1193 1692 1250; baseline -0.001 -13"><span class='ocrx_word' id='word_1_149' title='bbox 136 1197 331 1237; x_wconf 87' lang='lat' dir='ltr'>societate</span> <span class='ocrx_word' id='word_1_150' title='bbox 366 1210 461 1236; x_wconf 90' lang='lat' dir='ltr'>cum</span> <span class='ocrx_word' id='word_1_151' title='bbox 495 1195 694 1236; x_wconf 88' lang='lat' dir='ltr'>Romanis</span> <span class='ocrx_word' id='word_1_152' title='bbox 724 1193 955 1250; x_wconf 83' lang='lat' dir='ltr'>jungenda,</span> <span class='ocrx_word' id='word_1_153' title='bbox 977 1193 1094 1234; x_wconf 89' lang='lat' dir='ltr'>nullo</span> <span class='ocrx_word' id='word_1_154' title='bbox 1129 1202 1272 1234; x_wconf 88' lang='lat' dir='ltr'>contra</span> <span class='ocrx_word' id='word_1_155' title='bbox 1304 1193 1439 1234; x_wconf 87' lang='lat' dir='ltr'>dicere</span> <span class='ocrx_word' id='word_1_156' title='bbox 1471 1208 1542 1234; x_wconf 88' lang='lat' dir='ltr'>au·</span> <span class='ocrx_word' id='word_1_157' title='bbox 1556 1205 1692 1236; x_wconf 68' lang='lat' dir='ltr'>Societas</span> 
     </span>
     <span class='ocr_line' id='line_1_20' title="bbox 135 1249 1761 1306; baseline -0.002 -13"><span class='ocrx_word' id='word_1_158' title='bbox 135 1252 273 1302; x_wconf 85' lang='lat' dir='ltr'>dente,</span> <span class='ocrx_word' id='word_1_159' title='bbox 295 1253 479 1293; x_wconf 90' lang='lat' dir='ltr'>omnium</span> <span class='ocrx_word' id='word_1_160' title='bbox 503 1251 677 1292; x_wconf 86' lang='lat' dir='ltr'>Boeotiae</span> <span class='ocrx_word' id='word_1_161' title='bbox 705 1251 938 1292; x_wconf 77' lang='lat' dir='ltr'>civitatium</span> <span class='ocrx_word' id='word_1_162' title='bbox 959 1250 1165 1306; x_wconf 84' lang='lat' dir='ltr'>suffragiis</span> <span class='ocrx_word' id='word_1_163' title='bbox 1195 1250 1398 1306; x_wconf 88' lang='lat' dir='ltr'>accipitur</span> <span class='ocrx_word' id='word_1_164' title='bbox 1421 1250 1543 1306; x_wconf 80' lang='lat' dir='ltr'>jube-</span> <span class='ocrx_word' id='word_1_165' title='bbox 1555 1260 1626 1297; x_wconf 56' lang='lat' dir='ltr'>epm</span> <span class='ocrx_word' id='word_1_166' title='bbox 1644 1249 1761 1278; x_wconf 79' lang='lat' dir='ltr'>Roma·</span> 
     </span>
     <span class='ocr_line' id='line_1_21' title="bbox 135 1291 1748 1364; baseline -0.002 -14"><span class='ocrx_word' id='word_1_167' title='bbox 135 1318 300 1364; x_wconf 89' lang='lat' dir='ltr'>turque.</span> <span class='ocrx_word' id='word_1_168' title='bbox 363 1308 548 1350; x_wconf 87' lang='lat' dir='ltr'>Concilio</span> <span class='ocrx_word' id='word_1_169' title='bbox 577 1308 760 1358; x_wconf 89' lang='lat' dir='ltr'>dimisso,</span> <span class='ocrx_word' id='word_1_170' title='bbox 784 1306 1004 1357; x_wconf 78' lang='lat' dir='ltr'>Quinctius</span> <span class='ocrx_word' id='word_1_171' title='bbox 1034 1316 1199 1348; x_wconf 88' lang='lat' dir='ltr'>tantum</span> <span class='ocrx_word' id='word_1_172' title='bbox 1225 1307 1385 1348; x_wconf 87' lang='lat' dir='ltr'>Thebis</span> <span class='ocrx_word' id='word_1_173' title='bbox 1413 1322 1544 1347; x_wconf 85' lang='lat' dir='ltr'>mora·</span> <span class='ocrx_word' id='word_1_174' title='bbox 1556 1303 1602 1323; x_wconf 71' lang='lat'>¹¹¹⁵</span> <span class='ocrx_word' id='word_1_175' title='bbox 1618 1291 1748 1323; x_wconf 79' lang='lat' dir='ltr'>decreta.</span> 
     </span>
     <span class='ocr_line' id='line_1_22' title="bbox 136 1363 1545 1421; baseline -0.002 -14"><span class='ocrx_word' id='word_1_176' title='bbox 136 1374 221 1416; x_wconf 86' lang='lat' dir='ltr'>tus,</span> <span class='ocrx_word' id='word_1_177' title='bbox 243 1374 448 1421; x_wconf 85' lang='lat' dir='ltr'>quantum</span> <span class='ocrx_word' id='word_1_178' title='bbox 471 1365 608 1406; x_wconf 84' lang='lat' dir='ltr'>Attali</span> <span class='ocrx_word' id='word_1_179' title='bbox 628 1380 774 1420; x_wconf 87' lang='lat' dir='ltr'>repens</span> <span class='ocrx_word' id='word_1_180' title='bbox 795 1380 913 1405; x_wconf 88' lang='lat' dir='ltr'>casus</span> <span class='ocrx_word' id='word_1_181' title='bbox 934 1364 1084 1420; x_wconf 71' lang='lat' dir='ltr'>coegit,</span> <span class='ocrx_word' id='word_1_182' title='bbox 1101 1373 1324 1420; x_wconf 79' lang='lat' dir='ltr'>postquam</span> <span class='ocrx_word' id='word_1_183' title='bbox 1344 1379 1426 1404; x_wconf 92' lang='lat' dir='ltr'>non</span> <span class='ocrx_word' id='word_1_184' title='bbox 1446 1363 1545 1404; x_wconf 82' lang='lat' dir='ltr'>vitae</span> 
     </span>
     <span class='ocr_line' id='line_1_23' title="bbox 132 1420 1545 1479; baseline -0.002 -15"><span class='ocrx_word' id='word_1_185' title='bbox 132 1438 314 1479; x_wconf 85' lang='lat' dir='ltr'>praesens</span> <span class='ocrx_word' id='word_1_186' title='bbox 348 1422 582 1478; x_wconf 89' lang='lat' dir='ltr'>periculum</span> <span class='ocrx_word' id='word_1_187' title='bbox 617 1421 678 1462; x_wconf 81' lang='lat' dir='ltr'>vis</span> <span class='ocrx_word' id='word_1_188' title='bbox 714 1421 847 1462; x_wconf 87' lang='lat' dir='ltr'>morbi</span> <span class='ocrx_word' id='word_1_189' title='bbox 881 1420 1095 1471; x_wconf 88' lang='lat' dir='ltr'>adtulisse,</span> <span class='ocrx_word' id='word_1_190' title='bbox 1130 1421 1202 1461; x_wconf 88' lang='lat' dir='ltr'>sed</span> <span class='ocrx_word' id='word_1_191' title='bbox 1233 1421 1545 1461; x_wconf 83' lang='lat' dir='ltr'>9membrorum</span> 
     </span>
     <span class='ocr_line' id='line_1_24' title="bbox 139 1477 1545 1528; baseline -0.003 -7"><span class='ocrx_word' id='word_1_192' title='bbox 139 1479 395 1521; x_wconf 82' lang='lat' dir='ltr'>debilitatem</span> <span class='ocrx_word' id='word_1_193' title='bbox 428 1480 515 1519; x_wconf 66' lang='lat' dir='ltr'>visa</span> <span class='ocrx_word' id='word_1_194' title='bbox 547 1487 623 1528; x_wconf 91' lang='lat' dir='ltr'>est,</span> <span class='ocrx_word' id='word_1_195' title='bbox 656 1478 800 1519; x_wconf 86' lang='lat' dir='ltr'>relicto</span> <span class='ocrx_word' id='word_1_196' title='bbox 830 1494 878 1518; x_wconf 91' lang='lat' dir='ltr'>eo</span> <span class='ocrx_word' id='word_1_197' title='bbox 909 1477 963 1517; x_wconf 86' lang='lat' dir='ltr'>ad</span> <span class='ocrx_word' id='word_1_198' title='bbox 992 1477 1247 1518; x_wconf 88' lang='lat' dir='ltr'>curationem</span> <span class='ocrx_word' id='word_1_199' title='bbox 1278 1478 1545 1518; x_wconf 88' lang='lat' dir='ltr'>necessariam</span> 
     </span>
     <span class='ocr_line' id='line_1_25' title="bbox 140 1534 1548 1592; baseline -0.003 -15"><span class='ocrx_word' id='word_1_200' title='bbox 140 1537 337 1592; x_wconf 88' lang='lat' dir='ltr'>corporis,</span> <span class='ocrx_word' id='word_1_201' title='bbox 361 1536 559 1585; x_wconf 86' lang='lat' dir='ltr'>Elatiam,</span> <span class='ocrx_word' id='word_1_202' title='bbox 582 1534 693 1575; x_wconf 88' lang='lat' dir='ltr'>unde</span> <span class='ocrx_word' id='word_1_203' title='bbox 724 1534 935 1590; x_wconf 87' lang='lat' dir='ltr'>profectus</span> <span class='ocrx_word' id='word_1_204' title='bbox 965 1542 1068 1583; x_wconf 83' lang='lat' dir='ltr'>erat,</span> <span class='ocrx_word' id='word_1_205' title='bbox 1089 1534 1224 1581; x_wconf 86' lang='lat' dir='ltr'>redit;</span> <span class='ocrx_word' id='word_1_206' title='bbox 1259 1534 1418 1574; x_wconf 85' lang='lat' dir='ltr'>Boeotis</span> <span class='ocrx_word' id='word_1_207' title='bbox 1445 1549 1548 1589; x_wconf 88' lang='lat' dir='ltr'>quo—</span> 
     </span>
    </p>

    <p class='ocr_par' dir='ltr' id='par_1_8' title="bbox 142 1589 1550 1648">
     <span class='ocr_line' id='line_1_26' title="bbox 142 1589 1550 1648; baseline -0.002 -15"><span class='ocrx_word' id='word_1_208' title='bbox 142 1608 240 1648; x_wconf 90' lang='lat' dir='ltr'>que,</span> <span class='ocrx_word' id='word_1_209' title='bbox 262 1593 368 1634; x_wconf 90' lang='lat' dir='ltr'>sicut</span> <span class='ocrx_word' id='word_1_210' title='bbox 397 1593 514 1648; x_wconf 84' lang='lat' dir='ltr'>prius</span> <span class='ocrx_word' id='word_1_211' title='bbox 547 1591 726 1641; x_wconf 83' lang='lat' dir='ltr'>Achaeis,</span> <span class='ocrx_word' id='word_1_212' title='bbox 752 1590 806 1631; x_wconf 91' lang='lat' dir='ltr'>ad</span> <span class='ocrx_word' id='word_1_213' title='bbox 837 1591 1071 1632; x_wconf 86' lang='lat' dir='ltr'>societatem</span> <span class='ocrx_word' id='word_1_214' title='bbox 1103 1590 1285 1640; x_wconf 85' lang='lat' dir='ltr'>adscitis,</span> <span class='ocrx_word' id='word_1_215' title='bbox 1307 1589 1339 1614; x_wconf 76' lang='lat'>²⁰</span> <span class='ocrx_word' id='word_1_216' title='bbox 1351 1598 1393 1631; x_wconf 89' lang='lat' dir='ltr'>et</span> <span class='ocrx_word' id='word_1_217' title='bbox 1420 1605 1550 1645; x_wconf 77' lang='lat' dir='ltr'>quan-</span> 
     </span>
    </p>

    <p class='ocr_par' dir='ltr' id='par_1_9' title="bbox 141 1647 1550 1705">
     <span class='ocr_line' id='line_1_27' title="bbox 141 1647 1550 1705; baseline -0.001 -15"><span class='ocrx_word' id='word_1_218' title='bbox 141 1650 224 1690; x_wconf 79' lang='lat' dir='ltr'>dob</span> <span class='ocrx_word' id='word_1_219' title='bbox 255 1658 347 1690; x_wconf 90' lang='lat' dir='ltr'>tuta</span> <span class='ocrx_word' id='word_1_220' title='bbox 381 1664 428 1689; x_wconf 86' lang='lat' dir='ltr'>ea</span> <span class='ocrx_word' id='word_1_221' title='bbox 462 1657 692 1705; x_wconf 88' lang='lat' dir='ltr'>pacataque</span> <span class='ocrx_word' id='word_1_222' title='bbox 727 1648 780 1688; x_wconf 86' lang='lat' dir='ltr'>ab</span> <span class='ocrx_word' id='word_1_223' title='bbox 814 1655 932 1702; x_wconf 86' lang='lat' dir='ltr'>tergo</span> <span class='ocrx_word' id='word_1_224' title='bbox 966 1647 1324 1702; x_wconf 87' lang='lat' dir='ltr'>relinquebantur,</span> <span class='ocrx_word' id='word_1_225' title='bbox 1358 1647 1550 1688; x_wconf 88' lang='lat' dir='ltr'>omnibus</span> 
     </span>
    </p>

    <p class='ocr_par' dir='ltr' id='par_1_10' title="bbox 137 1703 1548 1762">
     <span class='ocr_line' id='line_1_28' title="bbox 137 1703 1548 1762; baseline -0.002 -15"><span class='ocrx_word' id='word_1_226' title='bbox 137 1706 226 1762; x_wconf 87' lang='lat' dir='ltr'>jam</span> <span class='ocrx_word' id='word_1_227' title='bbox 253 1705 576 1762; x_wconf 86' lang='lat' dir='ltr'>cogitationibus</span> <span class='ocrx_word' id='word_1_228' title='bbox 610 1706 654 1745; x_wconf 91' lang='lat' dir='ltr'>in</span> <span class='ocrx_word' id='word_1_229' title='bbox 689 1703 950 1760; x_wconf 87' lang='lat' dir='ltr'>Philippum,</span> <span class='ocrx_word' id='word_1_230' title='bbox 982 1712 1023 1746; x_wconf 89' lang='lat' dir='ltr'>et</span> <span class='ocrx_word' id='word_1_231' title='bbox 1059 1703 1174 1759; x_wconf 88' lang='lat' dir='ltr'>quod</span> <span class='ocrx_word' id='word_1_232' title='bbox 1206 1704 1415 1759; x_wconf 79' lang='lat' dir='ltr'>reliquum</span> <span class='ocrx_word' id='word_1_233' title='bbox 1450 1703 1548 1744; x_wconf 89' lang='lat' dir='ltr'>belli</span> 
     </span>
    </p>

    <p class='ocr_par' dir='ltr' id='par_1_11' title="bbox 141 1762 1308 1812">
     <span class='ocr_line' id='line_1_29' title="bbox 141 1762 1308 1812; baseline -0.003 -9"><span class='ocrx_word' id='word_1_234' title='bbox 141 1770 245 1812; x_wconf 88' lang='lat' dir='ltr'>erat,</span> <span class='ocrx_word' id='word_1_235' title='bbox 269 1762 485 1803; x_wconf 85' lang='lat' dir='ltr'>conversis.</span> <span class='ocrx_word' id='word_1_236' title='bbox 1302 1793 1308 1795; x_wconf 9' lang='lat' dir='ltr'>a</span> 
     </span>
    </p>

    <p class='ocr_par' dir='ltr' id='par_1_12' title="bbox 144 1818 1762 2328">
     <span class='ocr_line' id='line_1_30' title="bbox 202 1818 1762 1875; baseline 0.001 -16"><span class='ocrx_word' id='word_1_237' title='bbox 202 1820 292 1860; x_wconf 91' lang='lat' dir='ltr'><strong>III.</strong></span> <span class='ocrx_word' id='word_1_238' title='bbox 324 1819 548 1875; x_wconf 89' lang='lat' dir='ltr'>Philippus</span> <span class='ocrx_word' id='word_1_239' title='bbox 580 1835 751 1875; x_wconf 88' lang='lat' dir='ltr'>quoque</span> <span class='ocrx_word' id='word_1_240' title='bbox 782 1818 916 1875; x_wconf 78' lang='lat' dir='ltr'>primo</span> <span class='ocrx_word' id='word_1_241' title='bbox 946 1834 1055 1868; x_wconf 85' lang='lat' dir='ltr'>vere,</span> <span class='ocrx_word' id='word_1_242' title='bbox 1086 1827 1309 1874; x_wconf 89' lang='lat' dir='ltr'>postquam</span> <span class='ocrx_word' id='word_1_243' title='bbox 1338 1818 1466 1874; x_wconf 86' lang='lat' dir='ltr'>legati</span> <span class='ocrx_word' id='word_1_244' title='bbox 1496 1818 1548 1859; x_wconf 87' lang='lat' dir='ltr'>ab</span> <span class='ocrx_word' id='word_1_245' title='bbox 1562 1829 1697 1872; x_wconf 81' lang='lat' dir='ltr'>Philippi</span> <span class='ocrx_word' id='word_1_246' title='bbox 1708 1829 1762 1861; x_wconf 87' lang='lat' dir='ltr'>ad-</span> 
     </span>
     <span class='ocr_line' id='line_1_31' title="bbox 144 1875 1694 1931; baseline -0.001 -14"><span class='ocrx_word' id='word_1_247' title='bbox 144 1876 282 1917; x_wconf 82' lang='lat' dir='ltr'>Roma</span> <span class='ocrx_word' id='word_1_248' title='bbox 313 1876 414 1916; x_wconf 90' lang='lat' dir='ltr'>nihil</span> <span class='ocrx_word' id='word_1_249' title='bbox 448 1875 584 1931; x_wconf 86' lang='lat' dir='ltr'>pacati</span> <span class='ocrx_word' id='word_1_250' title='bbox 616 1876 858 1925; x_wconf 89' lang='lat' dir='ltr'>retulerant,</span> <span class='ocrx_word' id='word_1_251' title='bbox 889 1875 1095 1916; x_wconf 90' lang='lat' dir='ltr'>delectum</span> <span class='ocrx_word' id='word_1_252' title='bbox 1126 1891 1200 1931; x_wconf 91' lang='lat' dir='ltr'>per</span> <span class='ocrx_word' id='word_1_253' title='bbox 1229 1875 1366 1916; x_wconf 90' lang='lat' dir='ltr'>omnia</span> <span class='ocrx_word' id='word_1_254' title='bbox 1395 1875 1694 1931; x_wconf 71' lang='lat' dir='ltr'>oppidaparatus.</span> 
     </span>
     <span class='ocr_line' id='line_1_32' title="bbox 144 1932 1551 1988; baseline -0.001 -15"><span class='ocrx_word' id='word_1_255' title='bbox 144 1933 262 1988; x_wconf 86' lang='lat' dir='ltr'>regni</span> <span class='ocrx_word' id='word_1_256' title='bbox 282 1932 433 1973; x_wconf 88' lang='lat' dir='ltr'>habere</span> <span class='ocrx_word' id='word_1_257' title='bbox 454 1932 652 1982; x_wconf 83' lang='lat' dir='ltr'>instituit,</span> <span class='ocrx_word' id='word_1_258' title='bbox 674 1932 715 1973; x_wconf 90' lang='lat' dir='ltr'>in</span> <span class='ocrx_word' id='word_1_259' title='bbox 736 1948 888 1988; x_wconf 87' lang='lat' dir='ltr'>magna</span> <span class='ocrx_word' id='word_1_260' title='bbox 916 1932 1057 1988; x_wconf 87' lang='lat' dir='ltr'>inopia</span> <span class='ocrx_word' id='word_1_261' title='bbox 1080 1932 1309 1987; x_wconf 83' lang='lat' dir='ltr'>juniorum.</span> <span class='ocrx_word' id='word_1_262' title='bbox 1341 1932 1551 1973; x_wconf 89' lang='lat' dir='ltr'>absumse-</span> 
     </span>
     <span class='ocr_line' id='line_1_33' title="bbox 144 1989 1553 2045; baseline 0 -16"><span class='ocrx_word' id='word_1_263' title='bbox 144 1997 239 2030; x_wconf 88' lang='lat' dir='ltr'>rant</span> <span class='ocrx_word' id='word_1_264' title='bbox 269 1989 377 2030; x_wconf 90' lang='lat' dir='ltr'>enim</span> <span class='ocrx_word' id='word_1_265' title='bbox 406 2005 480 2045; x_wconf 92' lang='lat' dir='ltr'>per</span> <span class='ocrx_word' id='word_1_266' title='bbox 511 1989 663 2030; x_wconf 87' lang='lat' dir='ltr'>multas</span> <span class='ocrx_word' id='word_1_267' title='bbox 690 1990 779 2045; x_wconf 81' lang='lat' dir='ltr'>jam</span> <span class='ocrx_word' id='word_1_268' title='bbox 814 1997 956 2030; x_wconf 87' lang='lat' dir='ltr'>aetates</span> <span class='ocrx_word' id='word_1_269' title='bbox 991 1990 1187 2030; x_wconf 86' lang='lat' dir='ltr'>continua</span> <span class='ocrx_word' id='word_1_270' title='bbox 1215 1989 1325 2030; x_wconf 91' lang='lat' dir='ltr'>bella</span> <span class='ocrx_word' id='word_1_271' title='bbox 1356 1989 1553 2029; x_wconf 88' lang='lat' dir='ltr'>Macedo-</span> 
     </span>
     <span class='ocr_line' id='line_1_34' title="bbox 145 2045 1552 2102; baseline -0.001 -16"><span class='ocrx_word' id='word_1_272' title='bbox 145 2060 242 2086; x_wconf 88' lang='lat' dir='ltr'>nas:</span> <span class='ocrx_word' id='word_1_273' title='bbox 295 2046 384 2102; x_wconf 85' lang='lat' dir='ltr'>ipso</span> <span class='ocrx_word' id='word_1_274' title='bbox 423 2061 591 2101; x_wconf 87' lang='lat' dir='ltr'>quoque</span> <span class='ocrx_word' id='word_1_275' title='bbox 630 2054 844 2101; x_wconf 85' lang='lat' dir='ltr'>regnante,</span> <span class='ocrx_word' id='word_1_276' title='bbox 876 2055 917 2087; x_wconf 91' lang='lat' dir='ltr'>et</span> <span class='ocrx_word' id='word_1_277' title='bbox 948 2045 1165 2087; x_wconf 88' lang='lat' dir='ltr'>navalibus</span> <span class='ocrx_word' id='word_1_278' title='bbox 1198 2046 1318 2087; x_wconf 91' lang='lat' dir='ltr'>bellis</span> <span class='ocrx_word' id='word_1_279' title='bbox 1354 2045 1552 2086; x_wconf 76' lang='lat' dir='ltr'>adversus</span> 
     </span>
     <span class='ocr_line' id='line_1_35' title="bbox 147 2102 1553 2158; baseline 0 -15"><span class='ocrx_word' id='word_1_280' title='bbox 147 2102 337 2143; x_wconf 86' lang='lat' dir='ltr'>Rhodios</span> <span class='ocrx_word' id='word_1_281' title='bbox 359 2102 653 2158; x_wconf 80' lang='lat' dir='ltr'>Attalumque,</span> <span class='ocrx_word' id='word_1_282' title='bbox 676 2111 716 2144; x_wconf 90' lang='lat' dir='ltr'>et</span> <span class='ocrx_word' id='word_1_283' title='bbox 743 2103 1008 2144; x_wconf 85' lang='lat' dir='ltr'>terrestribus</span> <span class='ocrx_word' id='word_1_284' title='bbox 1038 2102 1236 2143; x_wconf 86' lang='lat' dir='ltr'>adversus</span> <span class='ocrx_word' id='word_1_285' title='bbox 1259 2103 1470 2143; x_wconf 87' lang='lat' dir='ltr'>Romanos</span> <span class='ocrx_word' id='word_1_286' title='bbox 1491 2118 1553 2143; x_wconf 90' lang='lat' dir='ltr'>ce-</span> 
     </span>
     <span class='ocr_line' id='line_1_36' title="bbox 146 2159 1554 2213; baseline 0 -14"><span class='ocrx_word' id='word_1_287' title='bbox 146 2159 303 2200; x_wconf 84' lang='lat' dir='ltr'>ciderat</span> <span class='ocrx_word' id='word_1_288' title='bbox 335 2174 510 2213; x_wconf 82' lang='lat' dir='ltr'>magnus</span> <span class='ocrx_word' id='word_1_289' title='bbox 539 2174 748 2200; x_wconf 90' lang='lat' dir='ltr'>numerus.</span> <span class='ocrx_word' id='word_1_290' title='bbox 781 2159 840 2200; x_wconf 87' lang='lat' dir='ltr'>ita</span> <span class='ocrx_word' id='word_1_291' title='bbox 868 2168 910 2200; x_wconf 89' lang='lat' dir='ltr'>et</span> <span class='ocrx_word' id='word_1_292' title='bbox 938 2160 1091 2201; x_wconf 89' lang='lat' dir='ltr'>tirones</span> <span class='ocrx_word' id='word_1_293' title='bbox 1122 2159 1174 2200; x_wconf 84' lang='lat' dir='ltr'>ab</span> <span class='ocrx_word' id='word_1_294' title='bbox 1206 2159 1407 2200; x_wconf 77' lang='lat' dir='ltr'>sedecim⁰</span> <span class='ocrx_word' id='word_1_295' title='bbox 1438 2159 1554 2199; x_wconf 89' lang='lat' dir='ltr'>annis</span> 
     </span>
     <span class='ocr_line' id='line_1_37' title="bbox 146 2215 1556 2272; baseline -0.001 -15"><span class='ocrx_word' id='word_1_296' title='bbox 146 2215 298 2257; x_wconf 87' lang='lat' dir='ltr'>milites</span> <span class='ocrx_word' id='word_1_297' title='bbox 347 2215 566 2265; x_wconf 87' lang='lat' dir='ltr'>scribebat,</span> <span class='ocrx_word' id='word_1_298' title='bbox 607 2223 647 2256; x_wconf 89' lang='lat' dir='ltr'>et</span> <span class='ocrx_word' id='word_1_299' title='bbox 688 2216 868 2257; x_wconf 85' lang='lat' dir='ltr'>emeritis</span> <span class='ocrx_word' id='word_1_300' title='bbox 907 2215 1079 2272; x_wconf 88' lang='lat' dir='ltr'>quidam</span> <span class='ocrx_word' id='word_1_301' title='bbox 1129 2216 1358 2272; x_wconf 85' lang='lat' dir='ltr'>stipendiis,</span> <span class='ocrx_word' id='word_1_302' title='bbox 1385 2216 1556 2272; x_wconf 85' lang='lat' dir='ltr'>‘quibus</span> 
     </span>
     <span class='ocr_line' id='line_1_38' title="bbox 147 2271 1554 2328; baseline -0.001 -15"><span class='ocrx_word' id='word_1_303' title='bbox 147 2272 271 2313; x_wconf 91' lang='lat' dir='ltr'>modo</span> <span class='ocrx_word' id='word_1_304' title='bbox 292 2271 525 2328; x_wconf 86' lang='lat' dir='ltr'>quidquam</span> <span class='ocrx_word' id='word_1_305' title='bbox 555 2272 705 2327; x_wconf 90' lang='lat' dir='ltr'>reliqui</span> <span class='ocrx_word' id='word_1_306' title='bbox 724 2273 883 2313; x_wconf 90' lang='lat' dir='ltr'>roboris</span> <span class='ocrx_word' id='word_1_307' title='bbox 903 2281 1006 2322; x_wconf 89' lang='lat' dir='ltr'>erat,</span> <span class='ocrx_word' id='word_1_308' title='bbox 1028 2272 1082 2313; x_wconf 90' lang='lat' dir='ltr'>ad</span> <span class='ocrx_word' id='word_1_309' title='bbox 1103 2273 1219 2327; x_wconf 81' lang='lat' dir='ltr'>signa</span> <span class='ocrx_word' id='word_1_310' title='bbox 1239 2273 1554 2314; x_wconf 84' lang='lat' dir='ltr'>revocabantur.</span> 
     </span>
    </p>

    <p class='ocr_par' dir='ltr' id='par_1_13' title="bbox 148 2329 1556 2386">
     <span class='ocr_line' id='line_1_39' title="bbox 148 2329 1556 2386; baseline 0 -17"><span class='ocrx_word' id='word_1_311' title='bbox 148 2329 218 2370; x_wconf 90' lang='lat' dir='ltr'>Ita</span> <span class='ocrx_word' id='word_1_312' title='bbox 238 2329 430 2385; x_wconf 91' lang='lat' dir='ltr'>suppleto</span> <span class='ocrx_word' id='word_1_313' title='bbox 461 2329 661 2379; x_wconf 80' lang='lat' dir='ltr'>exercitU,</span> <span class='ocrx_word' id='word_1_314' title='bbox 685 2329 913 2369; x_wconf 89' lang='lat' dir='ltr'>secundum</span> <span class='ocrx_word' id='word_1_315' title='bbox 944 2344 1119 2370; x_wconf 78' lang='lat' dir='ltr'>vernum</span> <span class='ocrx_word' id='word_1_316' title='bbox 1151 2329 1450 2386; x_wconf 86' lang='lat' dir='ltr'>aequinoctium</span> <span class='ocrx_word' id='word_1_317' title='bbox 1470 2345 1556 2370; x_wconf 90' lang='lat' dir='ltr'>om-</span> 
     </span>
    </p>
   </div>
   <div class='ocr_carea' id='block_1_3' title="bbox 147 2398 1556 2487">
    <p class='ocr_par' dir='ltr' id='par_1_14' title="bbox 147 2398 1556 2487">
     <span class='ocr_line' id='line_1_40' title="bbox 189 2398 1556 2454; baseline -0.001 -11"><span class='ocrx_word' id='word_1_318' title='bbox 189 2417 206 2434; x_wconf 77' lang='lat'><em>²</em></span> <span class='ocrx_word' id='word_1_319' title='bbox 221 2415 322 2453; x_wconf 74' lang='lat' dir='ltr'>mqiori</span> <span class='ocrx_word' id='word_1_320' title='bbox 337 2413 433 2444; x_wconf 89' lang='lat' dir='ltr'>Gron.</span> <span class='ocrx_word' id='word_1_321' title='bbox 448 2398 543 2444; x_wconf 48' lang='lat' dir='ltr'>brev.</span> <span class='ocrx_word' id='word_1_322' title='bbox 771 2412 786 2436; x_wconf 82' lang='lat' dir='ltr'>b</span> <span class='ocrx_word' id='word_1_323' title='bbox 800 2420 827 2444; x_wconf 78' lang='lat' dir='ltr'>et</span> <span class='ocrx_word' id='word_1_324' title='bbox 842 2415 958 2454; x_wconf 79' lang='lat' dir='ltr'>quando</span> <span class='ocrx_word' id='word_1_325' title='bbox 973 2413 994 2443; x_wconf 86' lang='lat' dir='ltr'>l.</span> <span class='ocrx_word' id='word_1_326' title='bbox 1010 2415 1145 2453; x_wconf 77' lang='lat' dir='ltr'>quoniam</span> <span class='ocrx_word' id='word_1_327' title='bbox 1158 2413 1256 2444; x_wconf 87' lang='lat' dir='ltr'>Gron.</span> <span class='ocrx_word' id='word_1_328' title='bbox 1270 2420 1297 2444; x_wconf 83' lang='lat' dir='ltr'>et</span> <span class='ocrx_word' id='word_1_329' title='bbox 1313 2414 1448 2454; x_wconf 82' lang='lat' dir='ltr'>quoniam</span> <span class='ocrx_word' id='word_1_330' title='bbox 1464 2412 1556 2443; x_wconf 82' lang='lat' dir='ltr'>Crev.</span> 
     </span>
     <span class='ocr_line' id='line_1_41' title="bbox 147 2456 484 2487; baseline -0.003 0"><span class='ocrx_word' id='word_1_331' title='bbox 147 2459 164 2477; x_wconf 75' lang='lat'>‘-</span> <span class='ocrx_word' id='word_1_332' title='bbox 177 2457 273 2487; x_wconf 79' lang='lat' dir='ltr'>decem</span> <span class='ocrx_word' id='word_1_333' title='bbox 286 2463 313 2486; x_wconf 85' lang='lat' dir='ltr'>et</span> <span class='ocrx_word' id='word_1_334' title='bbox 326 2467 371 2486; x_wconf 69' lang='lat' dir='ltr'>sex</span> <span class='ocrx_word' id='word_1_335' title='bbox 386 2456 484 2487; x_wconf 82' lang='lat' dir='ltr'>Gron.</span> 
     </span>
    </p>
   </div>
   <div class='ocr_carea' id='block_1_4' title="bbox 191 2530 1266 2573">
    <p class='ocr_par' dir='ltr' id='par_1_15' title="bbox 191 2530 1266 2573">
     <span class='ocr_line' id='line_1_42' title="bbox 191 2530 1266 2573; baseline -0.002 -11"><span class='ocrx_word' id='word_1_336' title='bbox 191 2532 212 2562; x_wconf 92' lang='lat'><strong>6</strong></span> <span class='ocrx_word' id='word_1_337' title='bbox 234 2531 373 2573; x_wconf 81' lang='lat' dir='ltr'>Segnior]</span> <span class='ocrx_word' id='word_1_338' title='bbox 405 2531 492 2562; x_wconf 71' lang='lat' dir='ltr'>Bene</span> <span class='ocrx_word' id='word_1_339' title='bbox 510 2531 694 2566; x_wconf 83' lang='lat' dir='ltr'>Gronovius,</span> <span class='ocrx_word' id='word_1_340' title='bbox 711 2533 814 2562; x_wconf 78' lang='lat' dir='ltr'>senior.</span> <span class='ocrx_word' id='word_1_341' title='bbox 877 2536 998 2562; x_wconf 80' lang='lat' dir='ltr'>constat</span> <span class='ocrx_word' id='word_1_342' title='bbox 1013 2542 1049 2562; x_wconf 78' lang='lat' dir='ltr'>ex</span> <span class='ocrx_word' id='word_1_343' title='bbox 1065 2541 1093 2561; x_wconf 76' lang='lat' dir='ltr'>c.</span> <span class='ocrx_word' id='word_1_344' title='bbox 1109 2532 1162 2561; x_wconf 78' lang='lat'>27.</span> <span class='ocrx_word' id='word_1_345' title='bbox 1178 2530 1266 2561; x_wconf 63' lang='lat' dir='ltr'>infra„</span> 
     </span>
    </p>
   </div>
   <div class='ocr_carea' id='block_1_5' title="bbox 150 2571 1558 2700">
    <p class='ocr_par' dir='ltr' id='par_1_16' title="bbox 150 2571 1558 2700">
     <span class='ocr_line' id='line_1_43' title="bbox 194 2571 1557 2615; baseline -0.002 -11"><span class='ocrx_word' id='word_1_346' title='bbox 194 2574 211 2604; x_wconf 91' lang='lat'><strong>7</strong></span> <span class='ocrx_word' id='word_1_347' title='bbox 251 2574 332 2604; x_wconf 81' lang='lat' dir='ltr'>Dum</span> <span class='ocrx_word' id='word_1_348' title='bbox 360 2584 453 2615; x_wconf 75' lang='lat' dir='ltr'>regem</span> <span class='ocrx_word' id='word_1_349' title='bbox 488 2574 632 2615; x_wconf 82' lang='lat' dir='ltr'>auferunt</span> <span class='ocrx_word' id='word_1_350' title='bbox 666 2575 834 2615; x_wconf 63' lang='lat' dir='ltr'>perfiet-unt-</span> <span class='ocrx_word' id='word_1_351' title='bbox 920 2575 1174 2605; x_wconf 66' lang='lat' dir='ltr'>9³*Membrorum</span> <span class='ocrx_word' id='word_1_352' title='bbox 1214 2572 1405 2613; x_wconf 73' lang='lat' dir='ltr'>debilitatem]</span> <span class='ocrx_word' id='word_1_353' title='bbox 1462 2571 1557 2602; x_wconf 86' lang='lat' dir='ltr'>Para-</span> 
     </span>
     <span class='ocr_line' id='line_1_44' title="bbox 150 2615 972 2659; baseline 0.001 -13"><span class='ocrx_word' id='word_1_354' title='bbox 150 2615 219 2656; x_wconf 82' lang='lat' dir='ltr'>que]</span> <span class='ocrx_word' id='word_1_355' title='bbox 249 2616 404 2646; x_wconf 68' lang='lat' dir='ltr'>Aufer-unt</span> <span class='ocrx_word' id='word_1_356' title='bbox 422 2627 438 2647; x_wconf 90' lang='lat' dir='ltr'>e</span> <span class='ocrx_word' id='word_1_357' title='bbox 459 2617 600 2653; x_wconf 83' lang='lat' dir='ltr'>concilio,</span> <span class='ocrx_word' id='word_1_358' title='bbox 615 2616 835 2659; x_wconf 78' lang='lat' dir='ltr'>perferuntque</span> <span class='ocrx_word' id='word_1_359' title='bbox 878 2616 972 2658; x_wconf 81' lang='lat' dir='ltr'>lysin.</span> 
     </span>
     <span class='ocr_line' id='line_1_45' title="bbox 154 2655 1558 2700; baseline -0.003 -12"><span class='ocrx_word' id='word_1_360' title='bbox 154 2657 195 2688; x_wconf 86' lang='lat' dir='ltr'>ad</span> <span class='ocrx_word' id='word_1_361' title='bbox 212 2657 385 2699; x_wconf 80' lang='lat' dir='ltr'>hospitium.</span> <span class='ocrx_word' id='word_1_362' title='bbox 926 2661 963 2690; x_wconf 91' lang='lat'>10</span> <span class='ocrx_word' id='word_1_363' title='bbox 988 2659 1028 2689; x_wconf 78' lang='lat' dir='ltr'>Et</span> <span class='ocrx_word' id='word_1_364' title='bbox 1053 2661 1186 2700; x_wconf 78' lang='lat' dir='ltr'>quoniam</span> <span class='ocrx_word' id='word_1_365' title='bbox 1214 2665 1279 2688; x_wconf 78' lang='lat' dir='ltr'>tuta</span> <span class='ocrx_word' id='word_1_366' title='bbox 1304 2659 1352 2698; x_wconf 81' lang='lat' dir='ltr'>ea]</span> <span class='ocrx_word' id='word_1_367' title='bbox 1399 2655 1558 2686; x_wconf 84' lang='lat' dir='ltr'>Editiones</span> 
     </span>
    </p>
   </div>
   <div class='ocr_carea' id='block_1_6' title="bbox 153 2700 1558 2833">
    <p class='ocr_par' dir='ltr' id='par_1_17' title="bbox 153 2700 1558 2833">
     <span class='ocr_line' id='line_1_46' title="bbox 197 2700 1558 2743; baseline -0.001 -14"><span class='ocrx_word' id='word_1_368' title='bbox 197 2700 216 2729; x_wconf 83' lang='lat'>8</span> <span class='ocrx_word' id='word_1_369' title='bbox 240 2701 264 2730; x_wconf 80' lang='lat' dir='ltr'><em>A</em></span> <span class='ocrx_word' id='word_1_370' title='bbox 280 2701 434 2732; x_wconf 81' lang='lat' dir='ltr'>Platoeensi</span> <span class='ocrx_word' id='word_1_371' title='bbox 450 2702 636 2743; x_wconf 82' lang='lat' dir='ltr'>Dicoearcho]</span> <span class='ocrx_word' id='word_1_372' title='bbox 662 2702 748 2733; x_wconf 85' lang='lat' dir='ltr'>Cave</span> <span class='ocrx_word' id='word_1_373' title='bbox 763 2712 833 2732; x_wconf 90' lang='lat' dir='ltr'>cum</span> <span class='ocrx_word' id='word_1_374' title='bbox 877 2702 1084 2733; x_wconf 86' lang='lat' dir='ltr'>Gronovianae</span> <span class='ocrx_word' id='word_1_375' title='bbox 1111 2706 1215 2732; x_wconf 86' lang='lat' dir='ltr'>carent</span> <span class='ocrx_word' id='word_1_376' title='bbox 1242 2700 1395 2742; x_wconf 85' lang='lat' dir='ltr'>particula</span> <span class='ocrx_word' id='word_1_377' title='bbox 1423 2705 1461 2735; x_wconf 82' lang='lat' dir='ltr'>et,</span> <span class='ocrx_word' id='word_1_378' title='bbox 1489 2707 1558 2738; x_wconf 81' lang='lat' dir='ltr'>quae</span> 
     </span>
     <span class='ocr_line' id='line_1_47' title="bbox 153 2740 1556 2786; baseline -0.002 -13"><span class='ocrx_word' id='word_1_379' title='bbox 153 2741 283 2782; x_wconf 86' lang='lat' dir='ltr'>Dujatio</span> <span class='ocrx_word' id='word_1_380' title='bbox 298 2743 503 2775; x_wconf 83' lang='lat' dir='ltr'>Dicaearchnm</span> <span class='ocrx_word' id='word_1_381' title='bbox 525 2755 579 2786; x_wconf 85' lang='lat' dir='ltr'>pro</span> <span class='ocrx_word' id='word_1_382' title='bbox 602 2754 722 2775; x_wconf 84' lang='lat' dir='ltr'>summo</span> <span class='ocrx_word' id='word_1_383' title='bbox 740 2744 833 2775; x_wconf 84' lang='lat' dir='ltr'>Boeo-</span> <span class='ocrx_word' id='word_1_384' title='bbox 877 2751 982 2776; x_wconf 85' lang='lat' dir='ltr'>tamen</span> <span class='ocrx_word' id='word_1_385' title='bbox 1004 2744 1178 2775; x_wconf 84' lang='lat' dir='ltr'>necessaria</span> <span class='ocrx_word' id='word_1_386' title='bbox 1201 2743 1329 2773; x_wconf 87' lang='lat' dir='ltr'>videtur.</span> <span class='ocrx_word' id='word_1_387' title='bbox 1374 2741 1454 2771; x_wconf 83' lang='lat' dir='ltr'>Eam</span> <span class='ocrx_word' id='word_1_388' title='bbox 1471 2740 1556 2781; x_wconf 83' lang='lat' dir='ltr'>adje-</span> 
     </span>
     <span class='ocr_line' id='line_1_48' title="bbox 154 2785 1555 2833; baseline -0.001 -18"><span class='ocrx_word' id='word_1_389' title='bbox 154 2791 255 2815; x_wconf 88' lang='lat' dir='ltr'>torum</span> <span class='ocrx_word' id='word_1_390' title='bbox 280 2786 461 2833; x_wconf 70' lang='lat' dir='ltr'>magistratu</span> <span class='ocrx_word' id='word_1_391' title='bbox 483 2797 596 2817; x_wconf 87' lang='lat' dir='ltr'>sumas.</span> <span class='ocrx_word' id='word_1_392' title='bbox 641 2787 766 2817; x_wconf 80' lang='lat' dir='ltr'>Nomen</span> <span class='ocrx_word' id='word_1_393' title='bbox 789 2793 836 2818; x_wconf 86' lang='lat' dir='ltr'>est</span> <span class='ocrx_word' id='word_1_394' title='bbox 879 2788 977 2818; x_wconf 87' lang='lat' dir='ltr'>cimus</span> <span class='ocrx_word' id='word_1_395' title='bbox 998 2798 1036 2819; x_wconf 82' lang='lat' dir='ltr'>ex</span> <span class='ocrx_word' id='word_1_396' title='bbox 1058 2786 1222 2818; x_wconf 83' lang='lat' dir='ltr'>vetustiore</span> <span class='ocrx_word' id='word_1_397' title='bbox 1248 2785 1393 2819; x_wconf 86' lang='lat' dir='ltr'>editione,</span> <span class='ocrx_word' id='word_1_398' title='bbox 1417 2793 1486 2825; x_wconf 82' lang='lat' dir='ltr'>quae</span> <span class='ocrx_word' id='word_1_399' title='bbox 1509 2788 1555 2814; x_wconf 84' lang='lat' dir='ltr'>et-</span> 
     </span>
    </p>
   </div>
   <div class='ocr_carea' id='block_1_7' title="bbox 150 2826 1493 2911">
    <p class='ocr_par' dir='ltr' id='par_1_18' title="bbox 150 2826 1493 2911">
     <span class='ocr_line' id='line_1_49' title="bbox 150 2826 1493 2874; baseline 0 -17"><span class='ocrx_word' id='word_1_400' title='bbox 150 2826 306 2874; x_wconf 61' lang='lat' dir='ltr'>proprimn</span> <span class='ocrx_word' id='word_1_401' title='bbox 343 2829 409 2858; x_wconf 70' lang='lat' dir='ltr'>vrri.</span> <span class='ocrx_word' id='word_1_402' title='bbox 467 2830 612 2860; x_wconf 82' lang='lat' dir='ltr'>Summus</span> <span class='ocrx_word' id='word_1_403' title='bbox 648 2830 832 2860; x_wconf 80' lang='lat' dir='ltr'>Boeotorum</span> <span class='ocrx_word' id='word_1_404' title='bbox 876 2830 936 2862; x_wconf 87' lang='lat' dir='ltr'>iam</span> <span class='ocrx_word' id='word_1_405' title='bbox 952 2830 1077 2874; x_wconf 83' lang='lat' dir='ltr'>praefert</span> <span class='ocrx_word' id='word_1_406' title='bbox 1091 2836 1118 2861; x_wconf 80' lang='lat' dir='ltr'>et</span> <span class='ocrx_word' id='word_1_407' title='bbox 1132 2830 1256 2870; x_wconf 79' lang='lat' dir='ltr'>quando,</span> <span class='ocrx_word' id='word_1_408' title='bbox 1273 2837 1334 2859; x_wconf 86' lang='lat' dir='ltr'>non</span> <span class='ocrx_word' id='word_1_409' title='bbox 1349 2828 1493 2868; x_wconf 81' lang='lat' dir='ltr'>quoniam.</span> 
     </span>
     <span class='ocr_line' id='line_1_50' title="bbox 150 2870 832 2911; baseline 0.004 -12"><span class='ocrx_word' id='word_1_410' title='bbox 150 2874 348 2911; x_wconf 68' lang='lat' dir='ltr'>magistratus</span> <span class='ocrx_word' id='word_1_411' title='bbox 381 2870 545 2903; x_wconf 78' lang='lat' dir='ltr'>vocabatur</span> <span class='ocrx_word' id='word_1_412' title='bbox 574 2873 770 2908; x_wconf 77' lang='lat' dir='ltr'>Boeotarches,</span> <span class='ocrx_word' id='word_1_413' title='bbox 798 2878 832 2903; x_wconf 86' lang='lat' dir='ltr'>ut</span> 
     </span>
    </p>
   </div>
  </div>
 </body>
</html>
