<?xml version="1.0" encoding="UTF-8"?>
<!DOCTYPE html PUBLIC "-//W3C//DTD XHTML 1.0 Transitional//EN"
    "http://www.w3.org/TR/xhtml1/DTD/xhtml1-transitional.dtd">
<html xmlns="http://www.w3.org/1999/xhtml" xml:lang="en" lang="en">
 <head>
  <title>
</title>
<meta http-equiv="Content-Type" content="text/html;charset=utf-8" />
  <meta name='ocr-system' content='tesseract 3.04.00' />
  <meta name='ocr-capabilities' content='ocr_page ocr_carea ocr_par ocr_line ocrx_word'/>
</head>
<body>
  <div class='ocr_page' id='page_1' title='image "./historiarumaburb03livyuoft_0238.png"; bbox 0 0 1947 3222; ppageno 0'>
   <div class='ocr_carea' id='block_1_1' title="bbox 162 296 343 370">
    <p class='ocr_par' dir='ltr' id='par_1_1' title="bbox 162 296 343 370">
     <span class='ocr_line' id='line_1_1' title="bbox 162 296 340 328; baseline -0.006 0"><span class='ocrx_word' id='word_1_1' title='bbox 162 297 203 328; x_wconf 88' lang='lat' dir='ltr'>U.</span> <span class='ocrx_word' id='word_1_2' title='bbox 217 296 253 327; x_wconf 93' lang='lat' dir='ltr'>C.</span> <span class='ocrx_word' id='word_1_3' title='bbox 266 296 340 328; x_wconf 80' lang='lat'><strong>560.</strong></span> 
     </span>
     <span class='ocr_line' id='line_1_2' title="bbox 163 339 343 370; baseline 0 0"><span class='ocrx_word' id='word_1_4' title='bbox 163 339 205 370; x_wconf 88' lang='grc' dir='ltr'>Λ.</span> <span class='ocrx_word' id='word_1_5' title='bbox 218 339 256 370; x_wconf 89' lang='lat' dir='ltr'>C.</span> <span class='ocrx_word' id='word_1_6' title='bbox 271 339 343 370; x_wconf 84' lang='lat'><strong>192.</strong></span> 
     </span>
    </p>
   </div>
   <div class='ocr_carea' id='block_1_2' title="bbox 163 1722 333 1891">
    <p class='ocr_par' dir='ltr' id='par_1_2' title="bbox 163 1722 333 1891">
     <span class='ocr_line' id='line_1_3' title="bbox 165 1722 331 1763; baseline -0.006 -12"><span class='ocrx_word' id='word_1_7' title='bbox 165 1722 331 1763; x_wconf 80' lang='lat' dir='ltr'>Imperato-</span> 
     </span>
     <span class='ocr_line' id='line_1_4' title="bbox 163 1774 310 1794; baseline -0.014 0"><span class='ocrx_word' id='word_1_8' title='bbox 163 1774 225 1794; x_wconf 86' lang='lat' dir='ltr'>rem</span> <span class='ocrx_word' id='word_1_9' title='bbox 241 1774 310 1793; x_wconf 84' lang='lat' dir='ltr'>eum</span> 
     </span>
     <span class='ocr_line' id='line_1_5' title="bbox 165 1806 333 1836; baseline 0 0"><span class='ocrx_word' id='word_1_10' title='bbox 165 1807 264 1836; x_wconf 76' lang='lat' dir='ltr'>AEtoli</span> <span class='ocrx_word' id='word_1_11' title='bbox 279 1806 333 1836; x_wconf 85' lang='lat' dir='ltr'>ad-</span> 
     </span>
     <span class='ocr_line' id='line_1_6' title="bbox 164 1849 293 1891; baseline -0.016 -11"><span class='ocrx_word' id='word_1_12' title='bbox 164 1849 293 1891; x_wconf 85' lang='lat' dir='ltr'>pellant.</span> 
     </span>
    </p>
   </div>
   <div class='ocr_carea' id='block_1_3' title="bbox 372 172 1259 216">
    <p class='ocr_par' dir='ltr' id='par_1_3' title="bbox 372 172 1259 216">
     <span class='ocr_line' id='line_1_7' title="bbox 372 172 1259 216; baseline -0.008 0"><span class='ocrx_word' id='word_1_13' title='bbox 372 182 446 216; x_wconf 75' lang='lat'>228</span> <span class='ocrx_word' id='word_1_14' title='bbox 898 173 1043 213; x_wconf 87' lang='lat' dir='ltr'>TITI</span> <span class='ocrx_word' id='word_1_15' title='bbox 1086 172 1259 211; x_wconf 90' lang='lat' dir='ltr'>LIVII</span> 
     </span>
    </p>
   </div>
   <div class='ocr_carea' id='block_1_4' title="bbox 367 279 1792 2667">
    <p class='ocr_par' dir='ltr' id='par_1_4' title="bbox 372 279 1787 566">
     <span class='ocr_line' id='line_1_8' title="bbox 372 279 1787 338; baseline -0.004 -11"><span class='ocrx_word' id='word_1_16' title='bbox 372 286 480 327; x_wconf 84' lang='lat' dir='ltr'>cibus</span> <span class='ocrx_word' id='word_1_17' title='bbox 511 298 642 326; x_wconf 83' lang='lat' dir='ltr'>eorum</span> <span class='ocrx_word' id='word_1_18' title='bbox 661 284 829 338; x_wconf 75' lang='lat' dir='ltr'>imperio</span> <span class='ocrx_word' id='word_1_19' title='bbox 850 284 1048 332; x_wconf 80' lang='lat' dir='ltr'>Romano,</span> <span class='ocrx_word' id='word_1_20' title='bbox 1068 283 1235 323; x_wconf 81' lang='lat' dir='ltr'><em>liberam</em></span> <span class='ocrx_word' id='word_1_21' title='bbox 1255 294 1344 322; x_wconf 84' lang='lat' dir='ltr'>vere</span> <span class='ocrx_word' id='word_1_22' title='bbox 1367 279 1582 328; x_wconf 63' lang='lat' dir='ltr'>Graeciam,</span> <span class='ocrx_word' id='word_1_23' title='bbox 1604 287 1722 335; x_wconf 84' lang='lat' dir='ltr'>atque</span> <span class='ocrx_word' id='word_1_24' title='bbox 1743 281 1787 322; x_wconf 81' lang='lat' dir='ltr'>in</span> 
     </span>
     <span class='ocr_line' id='line_1_9' title="bbox 372 338 1787 396; baseline -0.004 -12"><span class='ocrx_word' id='word_1_25' title='bbox 372 356 425 385; x_wconf 86' lang='lat' dir='ltr'>ea</span> <span class='ocrx_word' id='word_1_26' title='bbox 441 343 644 396; x_wconf 79' lang='lat' dir='ltr'><em>principes</em></span> <span class='ocrx_word' id='word_1_27' title='bbox 659 342 823 383; x_wconf 86' lang='lat' dir='ltr'>AEtolos</span> <span class='ocrx_word' id='word_1_28' title='bbox 832 342 1008 396; x_wconf 82' lang='lat' dir='ltr'><em>fecisset.</em></span> <span class='ocrx_word' id='word_1_29' title='bbox 1034 353 1117 379; x_wconf 91' lang='lat' dir='ltr'>cum</span> <span class='ocrx_word' id='word_1_30' title='bbox 1138 338 1372 379; x_wconf 71' lang='lat' dir='ltr'><em>exercitibus</em></span> <span class='ocrx_word' id='word_1_31' title='bbox 1386 344 1619 379; x_wconf 87' lang='lat' dir='ltr'>commeatus</span> <span class='ocrx_word' id='word_1_32' title='bbox 1634 352 1787 392; x_wconf 83' lang='lat' dir='ltr'>quoque</span> 
     </span>
     <span class='ocr_line' id='line_1_10' title="bbox 377 396 1785 455; baseline -0.005 -14"><span class='ocrx_word' id='word_1_33' title='bbox 377 401 504 441; x_wconf 88' lang='lat' dir='ltr'>omnis</span> <span class='ocrx_word' id='word_1_34' title='bbox 518 400 680 455; x_wconf 85' lang='lat' dir='ltr'>generis</span> <span class='ocrx_word' id='word_1_35' title='bbox 700 413 748 439; x_wconf 72' lang='lat' dir='ltr'>ea:</span> <span class='ocrx_word' id='word_1_36' title='bbox 767 399 871 439; x_wconf 82' lang='lat' dir='ltr'>Asia</span> <span class='ocrx_word' id='word_1_37' title='bbox 890 404 1082 437; x_wconf 85' lang='lat' dir='ltr'>venturos.</span> <span class='ocrx_word' id='word_1_38' title='bbox 1128 396 1181 436; x_wconf 87' lang='lat' dir='ltr'>In</span> <span class='ocrx_word' id='word_1_39' title='bbox 1195 396 1416 448; x_wconf 68' lang='lat' dir='ltr'>praesentia</span> <span class='ocrx_word' id='word_1_40' title='bbox 1440 408 1545 434; x_wconf 83' lang='lat' dir='ltr'>curce</span> <span class='ocrx_word' id='word_1_41' title='bbox 1563 410 1644 435; x_wconf 81' lang='lat' dir='ltr'>esse</span> <span class='ocrx_word' id='word_1_42' title='bbox 1663 396 1785 435; x_wconf 80' lang='lat' dir='ltr'>AEto-</span> 
     </span>
     <span class='ocr_line' id='line_1_11' title="bbox 377 451 1784 509; baseline -0.005 -11"><span class='ocrx_word' id='word_1_43' title='bbox 377 459 428 498; x_wconf 88' lang='lat' dir='ltr'>lis</span> <span class='ocrx_word' id='word_1_44' title='bbox 443 457 594 505; x_wconf 84' lang='lat' dir='ltr'>debere,</span> <span class='ocrx_word' id='word_1_45' title='bbox 611 462 654 496; x_wconf 87' lang='lat' dir='ltr'>ut</span> <span class='ocrx_word' id='word_1_46' title='bbox 674 456 791 509; x_wconf 80' lang='lat' dir='ltr'>copia</span> <span class='ocrx_word' id='word_1_47' title='bbox 796 454 1002 509; x_wconf 75' lang='lat' dir='ltr'>frumenti</span> <span class='ocrx_word' id='word_1_48' title='bbox 1019 454 1113 501; x_wconf 89' lang='lat' dir='ltr'>suis,</span> <span class='ocrx_word' id='word_1_49' title='bbox 1130 451 1164 475; x_wconf 79' lang='lat'>⁵²</span> <span class='ocrx_word' id='word_1_50' title='bbox 1174 459 1210 492; x_wconf 87' lang='lat' dir='ltr'>et</span> <span class='ocrx_word' id='word_1_51' title='bbox 1227 466 1388 492; x_wconf 85' lang='lat' dir='ltr'>annona</span> <span class='ocrx_word' id='word_1_52' title='bbox 1410 451 1634 492; x_wconf 78' lang='lat' dir='ltr'>tolerabilis</span> <span class='ocrx_word' id='word_1_53' title='bbox 1652 466 1784 492; x_wconf 88' lang='lat' dir='ltr'>rerum</span> 
     </span>
     <span class='ocr_line' id='line_1_12' title="bbox 378 514 822 566; baseline -0.005 -12"><span class='ocrx_word' id='word_1_54' title='bbox 378 515 553 555; x_wconf 83' lang='lat' dir='ltr'>aliarum</span> <span class='ocrx_word' id='word_1_55' title='bbox 573 514 822 566; x_wconf 78' lang='lat' dir='ltr'>suppeditur.</span> 
     </span>
    </p>

    <p class='ocr_par' dir='ltr' id='par_1_5' title="bbox 367 565 1792 1876">
     <span class='ocr_line' id='line_1_13' title="bbox 437 565 1787 621; baseline -0.004 -9"><span class='ocrx_word' id='word_1_56' title='bbox 437 571 578 612; x_wconf 88' lang='lat' dir='ltr'>XLV.</span> <span class='ocrx_word' id='word_1_57' title='bbox 612 569 664 610; x_wconf 92' lang='lat' dir='ltr'>In</span> <span class='ocrx_word' id='word_1_58' title='bbox 693 569 799 609; x_wconf 86' lang='lat' dir='ltr'>hanc</span> <span class='ocrx_word' id='word_1_59' title='bbox 830 565 1074 607; x_wconf 84' lang='lat' dir='ltr'>sententiam</span> <span class='ocrx_word' id='word_1_60' title='bbox 1102 580 1176 606; x_wconf 84' lang='lat' dir='ltr'>rex</span> <span class='ocrx_word' id='word_1_61' title='bbox 1206 581 1301 606; x_wconf 90' lang='lat' dir='ltr'>cum</span> <span class='ocrx_word' id='word_1_62' title='bbox 1330 581 1481 621; x_wconf 88' lang='lat' dir='ltr'>magno</span> <span class='ocrx_word' id='word_1_63' title='bbox 1507 566 1692 607; x_wconf 88' lang='lat' dir='ltr'>omnium</span> <span class='ocrx_word' id='word_1_64' title='bbox 1713 566 1787 607; x_wconf 87' lang='lat' dir='ltr'>ad-</span> 
     </span>
     <span class='ocr_line' id='line_1_14' title="bbox 381 622 1787 678; baseline -0.004 -9"><span class='ocrx_word' id='word_1_65' title='bbox 381 643 502 669; x_wconf 89' lang='lat' dir='ltr'>sensu</span> <span class='ocrx_word' id='word_1_66' title='bbox 537 626 702 667; x_wconf 87' lang='lat' dir='ltr'>loeutus</span> <span class='ocrx_word' id='word_1_67' title='bbox 737 622 934 665; x_wconf 80' lang='lat' dir='ltr'>discessit.</span> <span class='ocrx_word' id='word_1_68' title='bbox 996 623 1097 663; x_wconf 85' lang='lat' dir='ltr'>Post</span> <span class='ocrx_word' id='word_1_69' title='bbox 1127 622 1352 663; x_wconf 83' lang='lat' dir='ltr'>discessum</span> <span class='ocrx_word' id='word_1_70' title='bbox 1386 623 1510 678; x_wconf 88' lang='lat' dir='ltr'>regis,</span> <span class='ocrx_word' id='word_1_71' title='bbox 1541 622 1648 664; x_wconf 89' lang='lat' dir='ltr'>inter</span> <span class='ocrx_word' id='word_1_72' title='bbox 1678 622 1787 664; x_wconf 88' lang='lat' dir='ltr'>duos</span> 
     </span>
     <span class='ocr_line' id='line_1_15' title="bbox 380 679 1785 740; baseline -0.004 -15"><span class='ocrx_word' id='word_1_73' title='bbox 380 683 587 740; x_wconf 84' lang='lat' dir='ltr'>principes</span> <span class='ocrx_word' id='word_1_74' title='bbox 610 680 866 730; x_wconf 86' lang='lat' dir='ltr'>AEtolorum,</span> <span class='ocrx_word' id='word_1_75' title='bbox 885 679 1108 720; x_wconf 82' lang='lat' dir='ltr'>Phaeneam</span> <span class='ocrx_word' id='word_1_76' title='bbox 1129 687 1170 719; x_wconf 91' lang='lat' dir='ltr'>et</span> <span class='ocrx_word' id='word_1_77' title='bbox 1193 679 1443 728; x_wconf 84' lang='lat' dir='ltr'>Thoantem,</span> <span class='ocrx_word' id='word_1_78' title='bbox 1460 680 1668 721; x_wconf 90' lang='lat' dir='ltr'>contentio</span> <span class='ocrx_word' id='word_1_79' title='bbox 1688 679 1785 720; x_wconf 87' lang='lat' dir='ltr'>suit.</span> 
     </span>
     <span class='ocr_line' id='line_1_16' title="bbox 382 735 1785 792; baseline -0.003 -12"><span class='ocrx_word' id='word_1_80' title='bbox 382 741 596 788; x_wconf 72' lang='lat' dir='ltr'>Phaeneas,</span> <span class='ocrx_word' id='word_1_81' title='bbox 617 736 924 778; x_wconf 81' lang='lat' dir='ltr'>reconciliatore</span> <span class='ocrx_word' id='word_1_82' title='bbox 954 736 1067 792; x_wconf 84' lang='lat' dir='ltr'>pacis</span> <span class='ocrx_word' id='word_1_83' title='bbox 1096 743 1138 776; x_wconf 87' lang='lat' dir='ltr'>et</span> <span class='ocrx_word' id='word_1_84' title='bbox 1168 735 1442 791; x_wconf 83' lang='lat' dir='ltr'>disceptatore</span> <span class='ocrx_word' id='word_1_85' title='bbox 1470 735 1521 776; x_wconf 89' lang='lat' dir='ltr'>de</span> <span class='ocrx_word' id='word_1_86' title='bbox 1541 736 1604 785; x_wconf 92' lang='lat' dir='ltr'>iis,</span> <span class='ocrx_word' id='word_1_87' title='bbox 1627 752 1723 792; x_wconf 81' lang='lat' dir='ltr'>quae</span> <span class='ocrx_word' id='word_1_88' title='bbox 1743 736 1785 776; x_wconf 91' lang='lat' dir='ltr'>in</span> 
     </span>
     <span class='ocr_line' id='line_1_17' title="bbox 379 792 1785 849; baseline -0.002 -13"><span class='ocrx_word' id='word_1_89' title='bbox 379 794 656 836; x_wconf 81' lang='lat' dir='ltr'>controversia</span> <span class='ocrx_word' id='word_1_90' title='bbox 691 808 784 835; x_wconf 90' lang='lat' dir='ltr'>cum</span> <span class='ocrx_word' id='word_1_91' title='bbox 816 792 974 849; x_wconf 90' lang='lat' dir='ltr'>populo</span> <span class='ocrx_word' id='word_1_92' title='bbox 1010 793 1200 832; x_wconf 81' lang='lat' dir='ltr'>Romano</span> <span class='ocrx_word' id='word_1_93' title='bbox 1229 799 1377 841; x_wconf 85' lang='lat' dir='ltr'>essent,</span> <span class='ocrx_word' id='word_1_94' title='bbox 1410 792 1614 833; x_wconf 87' lang='lat' dir='ltr'>utendum</span> <span class='ocrx_word' id='word_1_95' title='bbox 1643 793 1785 849; x_wconf 87' lang='lat' dir='ltr'>potius</span> 
     </span>
     <span class='ocr_line' id='line_1_18' title="bbox 379 847 1784 904; baseline -0.003 -12"><span class='ocrx_word' id='word_1_96' title='bbox 379 851 604 901; x_wconf 80' lang='lat' dir='ltr'>Antiocho,</span> <span class='ocrx_word' id='word_1_97' title='bbox 640 851 846 899; x_wconf 88' lang='lat' dir='ltr'>censebat,</span> <span class='ocrx_word' id='word_1_98' title='bbox 882 864 1008 904; x_wconf 89' lang='lat' dir='ltr'>quam</span> <span class='ocrx_word' id='word_1_99' title='bbox 1048 849 1154 889; x_wconf 85' lang='lat' dir='ltr'>duce</span> <span class='ocrx_word' id='word_1_100' title='bbox 1191 847 1302 889; x_wconf 83' lang='lat' dir='ltr'>belli.</span> <span class='ocrx_word' id='word_1_101' title='bbox 1367 849 1592 888; x_wconf 84' lang='lat' dir='ltr'>Adventum</span> <span class='ocrx_word' id='word_1_102' title='bbox 1631 849 1713 903; x_wconf 76' lang='lat' dir='ltr'>ejus</span> <span class='ocrx_word' id='word_1_103' title='bbox 1746 856 1784 889; x_wconf 88' lang='lat' dir='ltr'>et</span> 
     </span>
     <span class='ocr_line' id='line_1_19' title="bbox 377 905 1788 962; baseline -0.002 -13"><span class='ocrx_word' id='word_1_104' title='bbox 377 908 621 962; x_wconf 80' lang='lat' dir='ltr'>majestatem</span> <span class='ocrx_word' id='word_1_105' title='bbox 651 909 707 947; x_wconf 82' lang='lat' dir='ltr'>ad</span> <span class='ocrx_word' id='word_1_106' title='bbox 731 907 1007 948; x_wconf 83' lang='lat' dir='ltr'>verecundiam</span> <span class='ocrx_word' id='word_1_107' title='bbox 1021 906 1263 958; x_wconf 79' lang='lat' dir='ltr'>faciendam</span> <span class='ocrx_word' id='word_1_108' title='bbox 1286 905 1484 945; x_wconf 82' lang='lat' dir='ltr'>Romanis</span> <span class='ocrx_word' id='word_1_109' title='bbox 1504 906 1581 945; x_wconf 79' lang='lat' dir='ltr'>vim</span> <span class='ocrx_word' id='word_1_110' title='bbox 1601 906 1788 960; x_wconf 79' lang='lat' dir='ltr'>majorem</span> 
     </span>
     <span class='ocr_line' id='line_1_20' title="bbox 377 961 1786 1019; baseline -0.001 -13"><span class='ocrx_word' id='word_1_111' title='bbox 377 966 622 1016; x_wconf 76' lang='lat' dir='ltr'>habituram,</span> <span class='ocrx_word' id='word_1_112' title='bbox 640 979 756 1019; x_wconf 83' lang='lat' dir='ltr'>quam</span> <span class='ocrx_word' id='word_1_113' title='bbox 772 978 900 1004; x_wconf 81' lang='lat' dir='ltr'>arma.</span> <span class='ocrx_word' id='word_1_114' title='bbox 941 963 1082 1003; x_wconf 83' lang='lat' dir='ltr'>Multa</span> <span class='ocrx_word' id='word_1_115' title='bbox 1097 963 1285 1011; x_wconf 80' lang='lat' dir='ltr'>homines,</span> <span class='ocrx_word' id='word_1_116' title='bbox 1302 975 1351 1002; x_wconf 88' lang='lat' dir='ltr'>ne</span> <span class='ocrx_word' id='word_1_117' title='bbox 1365 961 1516 1002; x_wconf 85' lang='lat' dir='ltr'>bellare</span> <span class='ocrx_word' id='word_1_118' title='bbox 1530 976 1680 1004; x_wconf 83' lang='lat' dir='ltr'>necesse</span> <span class='ocrx_word' id='word_1_119' title='bbox 1698 965 1752 1004; x_wconf 86' lang='lat' dir='ltr'>sit</span> <span class='ocrx_word' id='word_1_120' title='bbox 1760 967 1786 1011; x_wconf 82' lang='lat'>³,</span> 
     </span>
     <span class='ocr_line' id='line_1_21' title="bbox 377 1019 1790 1075; baseline -0.001 -12"><span class='ocrx_word' id='word_1_121' title='bbox 377 1024 580 1064; x_wconf 77' lang='lat' dir='ltr'>voluntate</span> <span class='ocrx_word' id='word_1_122' title='bbox 594 1022 806 1070; x_wconf 77' lang='lat' dir='ltr'><em>remittere,</em></span> <span class='ocrx_word' id='word_1_123' title='bbox 824 1034 913 1075; x_wconf 81' lang='lat' dir='ltr'>quae</span> <span class='ocrx_word' id='word_1_124' title='bbox 927 1020 1028 1059; x_wconf 84' lang='lat' dir='ltr'>bello</span> <span class='ocrx_word' id='word_1_125' title='bbox 1047 1025 1085 1060; x_wconf 86' lang='lat' dir='ltr'>et</span> <span class='ocrx_word' id='word_1_126' title='bbox 1105 1020 1229 1059; x_wconf 86' lang='lat' dir='ltr'>armis</span> <span class='ocrx_word' id='word_1_127' title='bbox 1244 1019 1334 1072; x_wconf 84' lang='lat' dir='ltr'>cogi</span> <span class='ocrx_word' id='word_1_128' title='bbox 1347 1033 1427 1059; x_wconf 85' lang='lat' dir='ltr'>non</span> <span class='ocrx_word' id='word_1_129' title='bbox 1439 1020 1610 1072; x_wconf 83' lang='lat' dir='ltr'>possint.</span> <span class='ocrx_word' id='word_1_130' title='bbox 1644 1020 1790 1061; x_wconf 85' lang='lat' dir='ltr'>Thoas</span> 
     </span>
     <span class='ocr_line' id='line_1_22' title="bbox 377 1077 1792 1135; baseline -0.002 -15"><span class='ocrx_word' id='word_1_131' title='bbox 377 1095 542 1135; x_wconf 86' lang='lat' dir='ltr'>negare,</span> <span class='ocrx_word' id='word_1_132' title='bbox 561 1080 668 1120; x_wconf 83' lang='lat' dir='ltr'>Paci</span> <span class='ocrx_word' id='word_1_133' title='bbox 685 1079 843 1119; x_wconf 77' lang='lat' dir='ltr'>studere</span> <span class='ocrx_word' id='word_1_134' title='bbox 862 1078 1101 1118; x_wconf 77' lang='lat' dir='ltr'>Plzaeneam:</span> <span class='ocrx_word' id='word_1_135' title='bbox 1131 1078 1201 1117; x_wconf 82' lang='lat' dir='ltr'>sed</span> <span class='ocrx_word' id='word_1_136' title='bbox 1220 1077 1413 1116; x_wconf 84' lang='lat' dir='ltr'>discutere</span> <span class='ocrx_word' id='word_1_137' title='bbox 1431 1077 1677 1129; x_wconf 80' lang='lat' dir='ltr'><em>adparatum</em></span> <span class='ocrx_word' id='word_1_138' title='bbox 1693 1077 1792 1117; x_wconf 77' lang='lat' dir='ltr'>belli</span> 
     </span>
     <span class='ocr_line' id='line_1_23' title="bbox 377 1133 1788 1187; baseline -0.001 -10"><span class='ocrx_word' id='word_1_139' title='bbox 377 1138 489 1186; x_wconf 83' lang='lat' dir='ltr'>velle,</span> <span class='ocrx_word' id='word_1_140' title='bbox 505 1143 547 1176; x_wconf 81' lang='lat' dir='ltr'>ut</span> <span class='ocrx_word' id='word_1_141' title='bbox 568 1136 690 1176; x_wconf 81' lang='lat' dir='ltr'>taedio</span> <span class='ocrx_word' id='word_1_142' title='bbox 710 1142 748 1175; x_wconf 83' lang='lat' dir='ltr'>et</span> <span class='ocrx_word' id='word_1_143' title='bbox 769 1136 924 1187; x_wconf 76' lang='lat' dir='ltr'>inpetus</span> <span class='ocrx_word' id='word_1_144' title='bbox 943 1135 1219 1186; x_wconf 81' lang='lat' dir='ltr'>relanguescat</span> <span class='ocrx_word' id='word_1_145' title='bbox 1239 1134 1359 1186; x_wconf 88' lang='lat' dir='ltr'>regis,</span> <span class='ocrx_word' id='word_1_146' title='bbox 1379 1139 1416 1173; x_wconf 80' lang='lat' dir='ltr'>et</span> <span class='ocrx_word' id='word_1_147' title='bbox 1436 1133 1618 1175; x_wconf 78' lang='lat' dir='ltr'>Romani</span> <span class='ocrx_word' id='word_1_148' title='bbox 1636 1141 1788 1187; x_wconf 83' lang='lat' dir='ltr'>tempus</span> 
     </span>
     <span class='ocr_line' id='line_1_24' title="bbox 377 1190 1785 1246; baseline -0.002 -12"><span class='ocrx_word' id='word_1_149' title='bbox 377 1195 435 1233; x_wconf 80' lang='lat' dir='ltr'>ad</span> <span class='ocrx_word' id='word_1_150' title='bbox 453 1193 762 1246; x_wconf 81' lang='lat' dir='ltr'>comparandum</span> <span class='ocrx_word' id='word_1_151' title='bbox 783 1191 970 1231; x_wconf 78' lang='lat' dir='ltr'>habeant.</span> <span class='ocrx_word' id='word_1_152' title='bbox 1033 1190 1151 1231; x_wconf 80' lang='lat' dir='ltr'>Nihil</span> <span class='ocrx_word' id='word_1_153' title='bbox 1170 1191 1273 1230; x_wconf 87' lang='lat' dir='ltr'>enim</span> <span class='ocrx_word' id='word_1_154' title='bbox 1295 1190 1403 1243; x_wconf 70' lang='lat' dir='ltr'>aequi</span> <span class='ocrx_word' id='word_1_155' title='bbox 1422 1190 1473 1229; x_wconf 84' lang='lat' dir='ltr'>ab</span> <span class='ocrx_word' id='word_1_156' title='bbox 1493 1191 1693 1232; x_wconf 84' lang='lat' dir='ltr'>Romanis</span> <span class='ocrx_word' id='word_1_157' title='bbox 1714 1193 1785 1231; x_wconf 88' lang='lat' dir='ltr'>im-</span> 
     </span>
     <span class='ocr_line' id='line_1_25' title="bbox 367 1247 1785 1303; baseline -0.002 -12"><span class='ocrx_word' id='word_1_158' title='bbox 367 1252 536 1303; x_wconf 78' lang='lat' dir='ltr'>petrari</span> <span class='ocrx_word' id='word_1_159' title='bbox 548 1264 678 1303; x_wconf 81' lang='lat' dir='ltr'>posse,</span> <span class='ocrx_word' id='word_1_160' title='bbox 695 1249 812 1289; x_wconf 87' lang='lat' dir='ltr'>toties</span> <span class='ocrx_word' id='word_1_161' title='bbox 829 1247 1099 1303; x_wconf 82' lang='lat' dir='ltr'>legationibus</span> <span class='ocrx_word' id='word_1_162' title='bbox 1118 1247 1246 1287; x_wconf 88' lang='lat' dir='ltr'>missis</span> <span class='ocrx_word' id='word_1_163' title='bbox 1261 1247 1444 1295; x_wconf 85' lang='lat' dir='ltr'>Romam,</span> <span class='ocrx_word' id='word_1_164' title='bbox 1462 1249 1577 1288; x_wconf 81' lang='lat' dir='ltr'>toties</span> <span class='ocrx_word' id='word_1_165' title='bbox 1591 1263 1674 1288; x_wconf 86' lang='lat' dir='ltr'>cum</span> <span class='ocrx_word' id='word_1_166' title='bbox 1697 1249 1785 1301; x_wconf 80' lang='lat' dir='ltr'>ipso</span> 
     </span>
     <span class='ocr_line' id='line_1_26' title="bbox 380 1305 1784 1358; baseline -0.001 -12"><span class='ocrx_word' id='word_1_167' title='bbox 380 1306 572 1356; x_wconf 74' lang='lat' dir='ltr'>Quinctio</span> <span class='ocrx_word' id='word_1_168' title='bbox 602 1307 876 1358; x_wconf 79' lang='lat' dir='ltr'>disceptando,</span> <span class='ocrx_word' id='word_1_169' title='bbox 905 1305 1004 1345; x_wconf 85' lang='lat' dir='ltr'>satis</span> <span class='ocrx_word' id='word_1_170' title='bbox 1034 1310 1234 1357; x_wconf 78' lang='lat' dir='ltr'>expertum</span> <span class='ocrx_word' id='word_1_171' title='bbox 1265 1318 1364 1344; x_wconf 88' lang='lat' dir='ltr'>esse:</span> <span class='ocrx_word' id='word_1_172' title='bbox 1395 1318 1479 1355; x_wconf 79' lang='lat' dir='ltr'>nec,</span> <span class='ocrx_word' id='word_1_173' title='bbox 1501 1305 1583 1345; x_wconf 85' lang='lat' dir='ltr'>nisi</span> <span class='ocrx_word' id='word_1_174' title='bbox 1611 1305 1784 1346; x_wconf 82' lang='lat' dir='ltr'>abscissa</span> 
     </span>
     <span class='ocr_line' id='line_1_27' title="bbox 375 1361 1787 1417; baseline -0.002 -12"><span class='ocrx_word' id='word_1_175' title='bbox 375 1365 485 1404; x_wconf 86' lang='lat' dir='ltr'>omni</span> <span class='ocrx_word' id='word_1_176' title='bbox 502 1379 584 1417; x_wconf 83' lang='lat' dir='ltr'>spe,</span> <span class='ocrx_word' id='word_1_177' title='bbox 607 1364 803 1404; x_wconf 73' lang='lat' dir='ltr'>auxilium</span> <span class='ocrx_word' id='word_1_178' title='bbox 823 1362 1017 1403; x_wconf 77' lang='lat' dir='ltr'>Antiochi</span> <span class='ocrx_word' id='word_1_179' title='bbox 1036 1361 1460 1414; x_wconf 72' lang='lat' dir='ltr'>imploraturosfuisse.</span> <span class='ocrx_word' id='word_1_180' title='bbox 1515 1363 1601 1409; x_wconf 82' lang='lat' dir='ltr'>Quo</span> <span class='ocrx_word' id='word_1_181' title='bbox 1621 1363 1787 1402; x_wconf 82' lang='lat' dir='ltr'>celerius</span> 
     </span>
     <span class='ocr_line' id='line_1_28' title="bbox 375 1419 1787 1474; baseline -0.003 -12"><span class='ocrx_word' id='word_1_182' title='bbox 375 1435 444 1474; x_wconf 82' lang='lat' dir='ltr'>spe</span> <span class='ocrx_word' id='word_1_183' title='bbox 464 1422 633 1461; x_wconf 85' lang='lat' dir='ltr'>omnium</span> <span class='ocrx_word' id='word_1_184' title='bbox 655 1420 802 1467; x_wconf 86' lang='lat' dir='ltr'>oblato,</span> <span class='ocrx_word' id='word_1_185' title='bbox 824 1433 903 1459; x_wconf 82' lang='lat' dir='ltr'>non</span> <span class='ocrx_word' id='word_1_186' title='bbox 932 1433 1012 1459; x_wconf 89' lang='lat' dir='ltr'>esse</span> <span class='ocrx_word' id='word_1_187' title='bbox 1030 1419 1393 1471; x_wconf 81' lang='lat' dir='ltr'>elanguescendum,</span> <span class='ocrx_word' id='word_1_188' title='bbox 1414 1419 1483 1458; x_wconf 83' lang='lat' dir='ltr'>sed</span> <span class='ocrx_word' id='word_1_189' title='bbox 1502 1420 1697 1458; x_wconf 82' lang='lat' dir='ltr'>orandum</span> <span class='ocrx_word' id='word_1_190' title='bbox 1711 1432 1787 1472; x_wconf 82' lang='lat' dir='ltr'>po-</span> 
     </span>
     <span class='ocr_line' id='line_1_29' title="bbox 375 1475 1788 1532; baseline -0.001 -14"><span class='ocrx_word' id='word_1_191' title='bbox 375 1479 457 1518; x_wconf 84' lang='lat' dir='ltr'>tius</span> <span class='ocrx_word' id='word_1_192' title='bbox 486 1492 630 1532; x_wconf 86' lang='lat' dir='ltr'>regem,</span> <span class='ocrx_word' id='word_1_193' title='bbox 658 1483 715 1525; x_wconf 82' lang='lat' dir='ltr'>ut,</span> <span class='ocrx_word' id='word_1_194' title='bbox 749 1477 949 1530; x_wconf 83' lang='lat' dir='ltr'>quoniam,</span> <span class='ocrx_word' id='word_1_195' title='bbox 981 1476 1086 1529; x_wconf 83' lang='lat' dir='ltr'>quod</span> <span class='ocrx_word' id='word_1_196' title='bbox 1115 1475 1325 1514; x_wconf 71' lang='lat' dir='ltr'>maximum</span> <span class='ocrx_word' id='word_1_197' title='bbox 1339 1475 1492 1529; x_wconf 85' lang='lat' dir='ltr'>fuerit,</span> <span class='ocrx_word' id='word_1_198' title='bbox 1524 1476 1610 1528; x_wconf 80' lang='lat' dir='ltr'>ipse</span> <span class='ocrx_word' id='word_1_199' title='bbox 1637 1477 1788 1516; x_wconf 72' lang='lat' dir='ltr'>vindea-</span> 
     </span>
     <span class='ocr_line' id='line_1_30' title="bbox 376 1533 1784 1586; baseline -0.001 -10"><span class='ocrx_word' id='word_1_200' title='bbox 376 1534 550 1576; x_wconf 78' lang='lat' dir='ltr'>Groecice</span> <span class='ocrx_word' id='word_1_201' title='bbox 578 1536 744 1579; x_wconf 85' lang='lat' dir='ltr'>venerit,</span> <span class='ocrx_word' id='word_1_202' title='bbox 767 1535 903 1586; x_wconf 79' lang='lat' dir='ltr'>copias</span> <span class='ocrx_word' id='word_1_203' title='bbox 929 1545 1082 1586; x_wconf 83' lang='lat' dir='ltr'>quoque</span> <span class='ocrx_word' id='word_1_204' title='bbox 1111 1537 1317 1572; x_wconf 79' lang='lat' dir='ltr'>terrestres</span> <span class='ocrx_word' id='word_1_205' title='bbox 1337 1533 1576 1586; x_wconf 81' lang='lat' dir='ltr'>navalesque</span> <span class='ocrx_word' id='word_1_206' title='bbox 1595 1540 1784 1574; x_wconf 81' lang='lat' dir='ltr'>arcessat.</span> 
     </span>
     <span class='ocr_line' id='line_1_31' title="bbox 373 1589 1782 1645; baseline -0.001 -13"><span class='ocrx_word' id='word_1_207' title='bbox 373 1591 585 1632; x_wconf 76' lang='lat' dir='ltr'>Armatam</span> <span class='ocrx_word' id='word_1_208' title='bbox 605 1606 734 1645; x_wconf 87' lang='lat' dir='ltr'>regem</span> <span class='ocrx_word' id='word_1_209' title='bbox 756 1591 918 1644; x_wconf 81' lang='lat' dir='ltr'>aliquid</span> <span class='ocrx_word' id='word_1_210' title='bbox 943 1591 1268 1642; x_wconf 77' lang='lat' dir='ltr'>impetraturum.-</span> <span class='ocrx_word' id='word_1_211' title='bbox 1300 1589 1485 1629; x_wconf 84' lang='lat' dir='ltr'>inermem</span> <span class='ocrx_word' id='word_1_212' title='bbox 1507 1604 1585 1629; x_wconf 85' lang='lat' dir='ltr'>non</span> <span class='ocrx_word' id='word_1_213' title='bbox 1602 1604 1681 1644; x_wconf 81' lang='lat' dir='ltr'>pro</span> <span class='ocrx_word' id='word_1_214' title='bbox 1701 1591 1782 1630; x_wconf 87' lang='lat' dir='ltr'>AE-</span> 
     </span>
     <span class='ocr_line' id='line_1_32' title="bbox 372 1646 1782 1701; baseline -0.001 -12"><span class='ocrx_word' id='word_1_215' title='bbox 372 1650 466 1690; x_wconf 84' lang='lat' dir='ltr'>tolis</span> <span class='ocrx_word' id='word_1_216' title='bbox 484 1651 611 1697; x_wconf 81' lang='lat' dir='ltr'>modo,</span> <span class='ocrx_word' id='word_1_217' title='bbox 633 1649 704 1689; x_wconf 82' lang='lat' dir='ltr'>sed</span> <span class='ocrx_word' id='word_1_218' title='bbox 723 1662 772 1688; x_wconf 90' lang='lat' dir='ltr'>ne</span> <span class='ocrx_word' id='word_1_219' title='bbox 787 1661 869 1699; x_wconf 83' lang='lat' dir='ltr'>pro</span> <span class='ocrx_word' id='word_1_220' title='bbox 889 1661 929 1687; x_wconf 88' lang='lat' dir='ltr'>se</span> <span class='ocrx_word' id='word_1_221' title='bbox 949 1647 1105 1699; x_wconf 82' lang='lat' dir='ltr'>quidem</span> <span class='ocrx_word' id='word_1_222' title='bbox 1126 1646 1227 1698; x_wconf 79' lang='lat' dir='ltr'>ipso,</span> <span class='ocrx_word' id='word_1_223' title='bbox 1250 1647 1435 1686; x_wconf 84' lang='lat' dir='ltr'>momenti</span> <span class='ocrx_word' id='word_1_224' title='bbox 1453 1647 1575 1687; x_wconf 74' lang='lat' dir='ltr'>ullius</span> <span class='ocrx_word' id='word_1_225' title='bbox 1586 1648 1782 1701; x_wconf 86' lang='lat' dir='ltr'>futurum</span> 
     </span>
     <span class='ocr_line' id='line_1_33' title="bbox 372 1703 1784 1760; baseline -0.003 -14"><span class='ocrx_word' id='word_1_226' title='bbox 372 1708 485 1759; x_wconf 81' lang='lat' dir='ltr'>apud</span> <span class='ocrx_word' id='word_1_227' title='bbox 514 1706 726 1747; x_wconf 85' lang='lat' dir='ltr'>Romanos.</span> <span class='ocrx_word' id='word_1_228' title='bbox 787 1705 894 1744; x_wconf 86' lang='lat' dir='ltr'>Haec</span> <span class='ocrx_word' id='word_1_229' title='bbox 923 1703 1022 1744; x_wconf 84' lang='lat' dir='ltr'>vicit</span> <span class='ocrx_word' id='word_1_230' title='bbox 1053 1703 1280 1743; x_wconf 87' lang='lat' dir='ltr'>sententia:</span> <span class='ocrx_word' id='word_1_231' title='bbox 1316 1703 1691 1760; x_wconf 84' lang='lat' dir='ltr'>imperatoremque</span> <span class='ocrx_word' id='word_1_232' title='bbox 1720 1721 1784 1747; x_wconf 77' lang='lat' dir='ltr'>re-</span> 
     </span>
     <span class='ocr_line' id='line_1_34' title="bbox 371 1758 1781 1819; baseline -0.001 -15"><span class='ocrx_word' id='word_1_233' title='bbox 371 1778 465 1819; x_wconf 89' lang='lat' dir='ltr'>gem</span> <span class='ocrx_word' id='word_1_234' title='bbox 501 1761 797 1819; x_wconf 88' lang='lat' dir='ltr'>adpellandum</span> <span class='ocrx_word' id='word_1_235' title='bbox 831 1767 1103 1801; x_wconf 88' lang='lat' dir='ltr'>censuerunt:</span> <span class='ocrx_word' id='word_1_236' title='bbox 1148 1767 1188 1799; x_wconf 84' lang='lat' dir='ltr'>et</span> <span class='ocrx_word' id='word_1_237' title='bbox 1225 1758 1396 1814; x_wconf 84' lang='lat' dir='ltr'>triginta</span> <span class='ocrx_word' id='word_1_238' title='bbox 1430 1760 1652 1816; x_wconf 87' lang='lat' dir='ltr'>principes,</span> <span class='ocrx_word' id='word_1_239' title='bbox 1685 1777 1781 1803; x_wconf 86' lang='lat' dir='ltr'>cum</span> 
     </span>
     <span class='ocr_line' id='line_1_35' title="bbox 372 1814 1415 1876; baseline -0.006 -15"><span class='ocrx_word' id='word_1_240' title='bbox 372 1820 543 1876; x_wconf 89' lang='lat' dir='ltr'>quibus,</span> <span class='ocrx_word' id='word_1_241' title='bbox 567 1820 599 1860; x_wconf 92' lang='lat' dir='ltr'>si</span> <span class='ocrx_word' id='word_1_242' title='bbox 621 1834 707 1875; x_wconf 91' lang='lat' dir='ltr'>qua</span> <span class='ocrx_word' id='word_1_243' title='bbox 725 1817 849 1858; x_wconf 88' lang='lat' dir='ltr'>vellet</span> <span class='ocrx_word' id='word_1_244' title='bbox 871 1816 1136 1865; x_wconf 84' lang='lat' dir='ltr'>consultaret,</span> <span class='ocrx_word' id='word_1_245' title='bbox 1159 1814 1415 1856; x_wconf 68' lang='lat' dir='ltr'>delefferunt.</span> 
     </span>
    </p>

    <p class='ocr_par' dir='ltr' id='par_1_6' title="bbox 373 1849 1780 2667">
     <span class='ocr_line' id='line_1_36' title="bbox 432 1849 1778 1925; baseline 0 -8"><span class='ocrx_word' id='word_1_246' title='bbox 432 1876 600 1917; x_wconf 89' lang='lat' dir='ltr'>XLVI.</span> <span class='ocrx_word' id='word_1_247' title='bbox 634 1877 717 1925; x_wconf 89' lang='lat' dir='ltr'>Ita,</span> <span class='ocrx_word' id='word_1_248' title='bbox 754 1874 922 1914; x_wconf 89' lang='lat' dir='ltr'>dimisso</span> <span class='ocrx_word' id='word_1_249' title='bbox 957 1872 1143 1922; x_wconf 88' lang='lat' dir='ltr'>concilio,</span> <span class='ocrx_word' id='word_1_250' title='bbox 1178 1849 1407 1912; x_wconf 54' lang='lat' dir='ltr'>multitudo</span> <span class='ocrx_word' id='word_1_251' title='bbox 1439 1873 1571 1914; x_wconf 89' lang='lat' dir='ltr'>omnis</span> <span class='ocrx_word' id='word_1_252' title='bbox 1606 1873 1648 1915; x_wconf 89' lang='lat' dir='ltr'>in</span> <span class='ocrx_word' id='word_1_253' title='bbox 1684 1890 1778 1917; x_wconf 89' lang='lat' dir='ltr'>suas</span> 
     </span>
     <span class='ocr_line' id='line_1_37' title="bbox 373 1927 1777 1987; baseline -0.001 -13"><span class='ocrx_word' id='word_1_254' title='bbox 373 1934 561 1975; x_wconf 87' lang='lat' dir='ltr'>civitates</span> <span class='ocrx_word' id='word_1_255' title='bbox 583 1932 742 1987; x_wconf 85' lang='lat' dir='ltr'>dilapsa</span> <span class='ocrx_word' id='word_1_256' title='bbox 761 1939 834 1972; x_wconf 87' lang='lat' dir='ltr'>est.</span> <span class='ocrx_word' id='word_1_257' title='bbox 895 1930 988 1970; x_wconf 87' lang='lat' dir='ltr'>Rex</span> <span class='ocrx_word' id='word_1_258' title='bbox 1013 1937 1179 1986; x_wconf 87' lang='lat' dir='ltr'>postero</span> <span class='ocrx_word' id='word_1_259' title='bbox 1200 1927 1266 1968; x_wconf 86' lang='lat' dir='ltr'>die</span> <span class='ocrx_word' id='word_1_260' title='bbox 1287 1943 1381 1968; x_wconf 90' lang='lat' dir='ltr'>cum</span> <span class='ocrx_word' id='word_1_261' title='bbox 1402 1929 1599 1985; x_wconf 87' lang='lat' dir='ltr'>apocletis</span> <span class='ocrx_word' id='word_1_262' title='bbox 1620 1946 1777 1982; x_wconf 89' lang='lat' dir='ltr'>eorum,</span> 
     </span>
     <span class='ocr_line' id='line_1_38' title="bbox 373 1985 1778 2040; baseline -0.001 -9"><span class='ocrx_word' id='word_1_263' title='bbox 373 1990 485 2032; x_wconf 88' lang='lat' dir='ltr'>unde</span> <span class='ocrx_word' id='word_1_264' title='bbox 514 1989 671 2030; x_wconf 89' lang='lat' dir='ltr'>bellum</span> <span class='ocrx_word' id='word_1_265' title='bbox 701 1987 925 2036; x_wconf 84' lang='lat' dir='ltr'>ordiretur,</span> <span class='ocrx_word' id='word_1_266' title='bbox 953 1985 1225 2027; x_wconf 87' lang='lat' dir='ltr'>consultabat.</span> <span class='ocrx_word' id='word_1_267' title='bbox 1288 1986 1506 2040; x_wconf 85' lang='lat' dir='ltr'>Optimum</span> <span class='ocrx_word' id='word_1_268' title='bbox 1535 1986 1670 2028; x_wconf 89' lang='lat' dir='ltr'>visum</span> <span class='ocrx_word' id='word_1_269' title='bbox 1701 1998 1778 2039; x_wconf 89' lang='lat' dir='ltr'>est,</span> 
     </span>
     <span class='ocr_line' id='line_1_39' title="bbox 376 2041 1780 2100; baseline -0.001 -13"><span class='ocrx_word' id='word_1_270' title='bbox 376 2045 632 2095; x_wconf 87' lang='lat' dir='ltr'>Chalcidem,</span> <span class='ocrx_word' id='word_1_271' title='bbox 652 2045 810 2086; x_wconf 87' lang='lat' dir='ltr'>frustra</span> <span class='ocrx_word' id='word_1_272' title='bbox 837 2058 971 2100; x_wconf 87' lang='lat' dir='ltr'>nuper</span> <span class='ocrx_word' id='word_1_273' title='bbox 1000 2043 1053 2083; x_wconf 90' lang='lat' dir='ltr'>ab</span> <span class='ocrx_word' id='word_1_274' title='bbox 1076 2041 1230 2084; x_wconf 86' lang='lat' dir='ltr'>AEtolis</span> <span class='ocrx_word' id='word_1_275' title='bbox 1260 2049 1476 2091; x_wconf 88' lang='lat' dir='ltr'>tentatam,</span> <span class='ocrx_word' id='word_1_276' title='bbox 1498 2042 1678 2099; x_wconf 84' lang='lat' dir='ltr'>primum</span> <span class='ocrx_word' id='word_1_277' title='bbox 1709 2046 1780 2086; x_wconf 86' lang='lat' dir='ltr'>ad-</span> 
     </span>
     <span class='ocr_line' id='line_1_40' title="bbox 373 2097 1775 2160; baseline -0.001 -15"><span class='ocrx_word' id='word_1_278' title='bbox 373 2103 516 2160; x_wconf 89' lang='lat' dir='ltr'>gredi:</span> <span class='ocrx_word' id='word_1_279' title='bbox 550 2111 591 2144; x_wconf 87' lang='lat' dir='ltr'>et</span> <span class='ocrx_word' id='word_1_280' title='bbox 612 2101 821 2142; x_wconf 88' lang='lat' dir='ltr'>celeritate</span> <span class='ocrx_word' id='word_1_281' title='bbox 842 2100 882 2141; x_wconf 92' lang='lat' dir='ltr'>in</span> <span class='ocrx_word' id='word_1_282' title='bbox 904 2115 991 2140; x_wconf 87' lang='lat' dir='ltr'>eam</span> <span class='ocrx_word' id='word_1_283' title='bbox 1014 2115 1099 2140; x_wconf 87' lang='lat' dir='ltr'>rem</span> <span class='ocrx_word' id='word_1_284' title='bbox 1129 2097 1274 2153; x_wconf 87' lang='lat' dir='ltr'>magis,</span> <span class='ocrx_word' id='word_1_285' title='bbox 1297 2113 1422 2153; x_wconf 85' lang='lat' dir='ltr'>quam</span> <span class='ocrx_word' id='word_1_286' title='bbox 1444 2114 1594 2155; x_wconf 84' lang='lat' dir='ltr'>magno</span> <span class='ocrx_word' id='word_1_287' title='bbox 1624 2110 1775 2144; x_wconf 83' lang='lat' dir='ltr'>conatu</span> 
     </span>
     <span class='ocr_line' id='line_1_41' title="bbox 374 2154 1777 2215; baseline -0.001 -14"><span class='ocrx_word' id='word_1_288' title='bbox 374 2168 416 2201; x_wconf 90' lang='lat' dir='ltr'>et</span> <span class='ocrx_word' id='word_1_289' title='bbox 437 2160 656 2215; x_wconf 88' lang='lat' dir='ltr'>adparatu,</span> <span class='ocrx_word' id='word_1_290' title='bbox 678 2173 783 2214; x_wconf 88' lang='lat' dir='ltr'>opus</span> <span class='ocrx_word' id='word_1_291' title='bbox 804 2173 901 2198; x_wconf 91' lang='lat' dir='ltr'>esse.</span> <span class='ocrx_word' id='word_1_292' title='bbox 951 2157 1101 2212; x_wconf 85' lang='lat' dir='ltr'>Itaque</span> <span class='ocrx_word' id='word_1_293' title='bbox 1121 2171 1216 2197; x_wconf 87' lang='lat' dir='ltr'>cum</span> <span class='ocrx_word' id='word_1_294' title='bbox 1237 2154 1348 2196; x_wconf 85' lang='lat' dir='ltr'>mille</span> <span class='ocrx_word' id='word_1_295' title='bbox 1368 2155 1580 2211; x_wconf 84' lang='lat' dir='ltr'>peditibus</span> <span class='ocrx_word' id='word_1_296' title='bbox 1600 2172 1687 2207; x_wconf 87' lang='lat' dir='ltr'>rex,</span> <span class='ocrx_word' id='word_1_297' title='bbox 1704 2159 1777 2214; x_wconf 84' lang='lat' dir='ltr'>qui</span> 
     </span>
     <span class='ocr_line' id='line_1_42' title="bbox 375 2212 1776 2269; baseline -0.001 -12"><span class='ocrx_word' id='word_1_298' title='bbox 375 2217 427 2257; x_wconf 90' lang='lat' dir='ltr'>ab</span> <span class='ocrx_word' id='word_1_299' title='bbox 450 2215 716 2256; x_wconf 83' lang='lat' dir='ltr'>Demetriade</span> <span class='ocrx_word' id='word_1_300' title='bbox 739 2214 867 2255; x_wconf 88' lang='lat' dir='ltr'>secuti</span> <span class='ocrx_word' id='word_1_301' title='bbox 889 2221 1020 2263; x_wconf 87' lang='lat' dir='ltr'>erant,</span> <span class='ocrx_word' id='word_1_302' title='bbox 1041 2213 1253 2269; x_wconf 88' lang='lat' dir='ltr'>profectus</span> <span class='ocrx_word' id='word_1_303' title='bbox 1282 2227 1357 2267; x_wconf 84' lang='lat' dir='ltr'>per</span> <span class='ocrx_word' id='word_1_304' title='bbox 1381 2212 1596 2253; x_wconf 79' lang='lat' dir='ltr'>Phocidem</span> <span class='ocrx_word' id='word_1_305' title='bbox 1618 2223 1702 2255; x_wconf 90' lang='lat' dir='ltr'>est:</span> <span class='ocrx_word' id='word_1_306' title='bbox 1735 2224 1776 2256; x_wconf 88' lang='lat' dir='ltr'>et</span> 
     </span>
     <span class='ocr_line' id='line_1_43' title="bbox 375 2269 1776 2327; baseline -0.001 -13"><span class='ocrx_word' id='word_1_307' title='bbox 375 2273 456 2314; x_wconf 89' lang='lat' dir='ltr'>alio</span> <span class='ocrx_word' id='word_1_308' title='bbox 486 2273 631 2313; x_wconf 87' lang='lat' dir='ltr'>itinere</span> <span class='ocrx_word' id='word_1_309' title='bbox 661 2270 866 2327; x_wconf 83' lang='lat' dir='ltr'>principes</span> <span class='ocrx_word' id='word_1_310' title='bbox 902 2269 1046 2319; x_wconf 82' lang='lat' dir='ltr'>AEtoli,</span> <span class='ocrx_word' id='word_1_311' title='bbox 1072 2269 1287 2326; x_wconf 86' lang='lat' dir='ltr'>juniorum</span> <span class='ocrx_word' id='word_1_312' title='bbox 1324 2269 1465 2325; x_wconf 89' lang='lat' dir='ltr'>paucis</span> <span class='ocrx_word' id='word_1_313' title='bbox 1500 2270 1691 2320; x_wconf 83' lang='lat' dir='ltr'>evocatis,</span> <span class='ocrx_word' id='word_1_314' title='bbox 1723 2272 1776 2313; x_wconf 86' lang='lat' dir='ltr'>ad</span> 
     </span>
     <span class='ocr_line' id='line_1_44' title="bbox 378 2325 1779 2379; baseline -0.001 -9"><span class='ocrx_word' id='word_1_315' title='bbox 378 2329 648 2370; x_wconf 87' lang='lat' dir='ltr'>Chaeroneam</span> <span class='ocrx_word' id='word_1_316' title='bbox 684 2328 974 2379; x_wconf 79' lang='lat' dir='ltr'>obcurrerunt,</span> <span class='ocrx_word' id='word_1_317' title='bbox 1008 2334 1049 2367; x_wconf 88' lang='lat' dir='ltr'>et</span> <span class='ocrx_word' id='word_1_318' title='bbox 1081 2326 1222 2367; x_wconf 91' lang='lat' dir='ltr'>decem</span> <span class='ocrx_word' id='word_1_319' title='bbox 1257 2325 1473 2366; x_wconf 87' lang='lat' dir='ltr'>constratis</span> <span class='ocrx_word' id='word_1_320' title='bbox 1508 2326 1683 2367; x_wconf 86' lang='lat' dir='ltr'>navibus</span> <span class='ocrx_word' id='word_1_321' title='bbox 1719 2344 1779 2369; x_wconf 86' lang='lat' dir='ltr'>se-</span> 
     </span>
     <span class='ocr_line' id='line_1_45' title="bbox 375 2381 1779 2440; baseline -0.001 -13"><span class='ocrx_word' id='word_1_322' title='bbox 375 2387 463 2427; x_wconf 90' lang='lat' dir='ltr'>cuti</span> <span class='ocrx_word' id='word_1_323' title='bbox 499 2393 607 2426; x_wconf 89' lang='lat' dir='ltr'>sunt.</span> <span class='ocrx_word' id='word_1_324' title='bbox 670 2385 777 2433; x_wconf 81' lang='lat' dir='ltr'>Rex,</span> <span class='ocrx_word' id='word_1_325' title='bbox 809 2383 863 2423; x_wconf 87' lang='lat' dir='ltr'>ad</span> <span class='ocrx_word' id='word_1_326' title='bbox 895 2383 1093 2439; x_wconf 83' lang='lat' dir='ltr'>Salganea</span> <span class='ocrx_word' id='word_1_327' title='bbox 1123 2381 1266 2423; x_wconf 85' lang='lat' dir='ltr'>castris</span> <span class='ocrx_word' id='word_1_328' title='bbox 1293 2381 1450 2437; x_wconf 81' lang='lat' dir='ltr'>positiS,</span> <span class='ocrx_word' id='word_1_329' title='bbox 1486 2383 1661 2424; x_wconf 89' lang='lat' dir='ltr'>navibus</span> <span class='ocrx_word' id='word_1_330' title='bbox 1690 2383 1779 2440; x_wconf 85' lang='lat' dir='ltr'>ipse</span> 
     </span>
     <span class='ocr_line' id='line_1_46' title="bbox 376 2438 1775 2497; baseline -0.001 -14"><span class='ocrx_word' id='word_1_331' title='bbox 376 2457 470 2483; x_wconf 89' lang='lat' dir='ltr'>cum</span> <span class='ocrx_word' id='word_1_332' title='bbox 507 2441 764 2497; x_wconf 88' lang='lat' dir='ltr'>principibus</span> <span class='ocrx_word' id='word_1_333' title='bbox 805 2439 1044 2481; x_wconf 76' lang='lat' dir='ltr'>AEtolorum</span> <span class='ocrx_word' id='word_1_334' title='bbox 1087 2438 1297 2494; x_wconf 87' lang='lat' dir='ltr'>Euripum</span> <span class='ocrx_word' id='word_1_335' title='bbox 1338 2438 1514 2493; x_wconf 80' lang='lat' dir='ltr'>trajecit,</span> <span class='ocrx_word' id='word_1_336' title='bbox 1550 2447 1605 2487; x_wconf 83' lang='lat' dir='ltr'>ct,</span> <span class='ocrx_word' id='word_1_337' title='bbox 1643 2456 1775 2495; x_wconf 86' lang='lat' dir='ltr'>quum</span> 
     </span>
     <span class='ocr_line' id='line_1_47' title="bbox 375 2495 1779 2561; baseline -0.001 -21"><span class='ocrx_word' id='word_1_338' title='bbox 375 2499 490 2540; x_wconf 87' lang='lat' dir='ltr'>haud</span> <span class='ocrx_word' id='word_1_339' title='bbox 509 2498 655 2561; x_wconf 83' lang='lat' dir='ltr'>procul</span> <span class='ocrx_word' id='word_1_340' title='bbox 676 2507 802 2553; x_wconf 86' lang='lat' dir='ltr'>portu</span> <span class='ocrx_word' id='word_1_341' title='bbox 823 2511 1010 2552; x_wconf 84' lang='lat' dir='ltr'>egressus</span> <span class='ocrx_word' id='word_1_342' title='bbox 1034 2505 1154 2543; x_wconf 89' lang='lat' dir='ltr'>esset,</span> <span class='ocrx_word' id='word_1_343' title='bbox 1175 2495 1442 2550; x_wconf 83' lang='lat' dir='ltr'>magistratus</span> <span class='ocrx_word' id='word_1_344' title='bbox 1463 2509 1631 2550; x_wconf 85' lang='lat' dir='ltr'>quoque</span> <span class='ocrx_word' id='word_1_345' title='bbox 1655 2498 1779 2539; x_wconf 81' lang='lat' dir='ltr'>Chal-</span> 
     </span>
     <span class='ocr_line' id='line_1_48' title="bbox 376 2553 1774 2609; baseline -0.002 -13"><span class='ocrx_word' id='word_1_346' title='bbox 376 2555 603 2597; x_wconf 77' lang='lat' dir='ltr'>cidensmm</span> <span class='ocrx_word' id='word_1_347' title='bbox 638 2562 677 2595; x_wconf 85' lang='lat' dir='ltr'>ct</span> <span class='ocrx_word' id='word_1_348' title='bbox 714 2554 920 2609; x_wconf 84' lang='lat' dir='ltr'>principes</span> <span class='ocrx_word' id='word_1_349' title='bbox 954 2560 1049 2594; x_wconf 85' lang='lat' dir='ltr'>ante</span> <span class='ocrx_word' id='word_1_350' title='bbox 1084 2559 1246 2608; x_wconf 88' lang='lat' dir='ltr'>portam</span> <span class='ocrx_word' id='word_1_351' title='bbox 1280 2560 1578 2607; x_wconf 87' lang='lat' dir='ltr'>processerunt.</span> <span class='ocrx_word' id='word_1_352' title='bbox 1648 2553 1774 2597; x_wconf 85' lang='lat' dir='ltr'>Pauci</span> 
     </span>
     <span class='ocr_line' id='line_1_49' title="bbox 376 2605 1778 2667; baseline -0.001 -13"><span class='ocrx_word' id='word_1_353' title='bbox 376 2612 588 2667; x_wconf 85' lang='lat' dir='ltr'>utrimque</span> <span class='ocrx_word' id='word_1_354' title='bbox 609 2610 661 2651; x_wconf 86' lang='lat' dir='ltr'>ad</span> <span class='ocrx_word' id='word_1_355' title='bbox 682 2610 948 2665; x_wconf 85' lang='lat' dir='ltr'>conloquium</span> <span class='ocrx_word' id='word_1_356' title='bbox 975 2607 1181 2663; x_wconf 86' lang='lat' dir='ltr'>congressi</span> <span class='ocrx_word' id='word_1_357' title='bbox 1202 2615 1310 2648; x_wconf 88' lang='lat' dir='ltr'>sunt.</span> <span class='ocrx_word' id='word_1_358' title='bbox 1372 2605 1506 2648; x_wconf 88' lang='lat' dir='ltr'>AEtoli</span> <span class='ocrx_word' id='word_1_359' title='bbox 1528 2623 1778 2667; x_wconf 83' lang='lat' dir='ltr'>magnopere</span> 
     </span>
    </p>
   </div>
   <div class='ocr_carea' id='block_1_5' title="bbox 921 2723 1235 2752">
    <p class='ocr_par' dir='ltr' id='par_1_7' title="bbox 921 2723 1235 2752">
     <span class='ocr_line' id='line_1_50' title="bbox 921 2723 1235 2752; baseline -0.003 0"><span class='ocrx_word' id='word_1_360' title='bbox 921 2725 932 2741; x_wconf 84' lang='lat'>⁸</span> <span class='ocrx_word' id='word_1_361' title='bbox 949 2733 982 2752; x_wconf 84' lang='lat' dir='ltr'>ne.</span> <span class='ocrx_word' id='word_1_362' title='bbox 995 2723 1131 2752; x_wconf 77' lang='lat' dir='ltr'>bellarent</span> <span class='ocrx_word' id='word_1_363' title='bbox 1148 2723 1235 2752; x_wconf 76' lang='lat' dir='ltr'>Crev-</span> 
     </span>
    </p>
   </div>
   <div class='ocr_carea' id='block_1_6' title="bbox 377 2823 1780 2952">
    <p class='ocr_par' dir='ltr' id='par_1_8' title="bbox 377 2823 1780 2952">
     <span class='ocr_line' id='line_1_51' title="bbox 420 2823 1780 2861; baseline -0.004 -5"><span class='ocrx_word' id='word_1_364' title='bbox 420 2827 670 2856; x_wconf 69' lang='lat' dir='ltr'>52⁸1320n110na</span> <span class='ocrx_word' id='word_1_365' title='bbox 694 2824 847 2861; x_wconf 70' lang='lat' dir='ltr'>tolerabilis</span> <span class='ocrx_word' id='word_1_366' title='bbox 869 2833 965 2852; x_wconf 72' lang='lat' dir='ltr'>rerum</span> <span class='ocrx_word' id='word_1_367' title='bbox 983 2824 1056 2852; x_wconf 77' lang='lat' dir='ltr'>alia·</span> <span class='ocrx_word' id='word_1_368' title='bbox 1100 2828 1181 2853; x_wconf 82' lang='lat' dir='ltr'>certe</span> <span class='ocrx_word' id='word_1_369' title='bbox 1218 2832 1277 2852; x_wconf 86' lang='lat' dir='ltr'>non</span> <span class='ocrx_word' id='word_1_370' title='bbox 1316 2823 1456 2856; x_wconf 72' lang='lat' dir='ltr'>tenuiter.</span> <span class='ocrx_word' id='word_1_371' title='bbox 1494 2831 1547 2856; x_wconf 73' lang='lat' dir='ltr'>aut</span> <span class='ocrx_word' id='word_1_372' title='bbox 1582 2836 1653 2857; x_wconf 75' lang='lat' dir='ltr'>earo</span> <span class='ocrx_word' id='word_1_373' title='bbox 1688 2825 1780 2857; x_wconf 56' lang='lat' dir='ltr'>nimss</span> 
     </span>
     <span class='ocr_line' id='line_1_52' title="bbox 378 2865 1468 2910; baseline -0.003 -12"><span class='ocrx_word' id='word_1_374' title='bbox 378 2870 460 2910; x_wconf 77' lang='lat' dir='ltr'>rum]</span> <span class='ocrx_word' id='word_1_375' title='bbox 508 2870 547 2900; x_wconf 86' lang='lat' dir='ltr'>Et</span> <span class='ocrx_word' id='word_1_376' title='bbox 570 2879 616 2900; x_wconf 84' lang='lat' dir='ltr'>res</span> <span class='ocrx_word' id='word_1_377' title='bbox 638 2869 706 2899; x_wconf 76' lang='lat' dir='ltr'>aliae</span> <span class='ocrx_word' id='word_1_378' title='bbox 729 2866 768 2897; x_wconf 90' lang='lat' dir='ltr'>ad</span> <span class='ocrx_word' id='word_1_379' title='bbox 792 2866 903 2897; x_wconf 83' lang='lat' dir='ltr'>victum</span> <span class='ocrx_word' id='word_1_380' title='bbox 927 2866 1056 2896; x_wconf 88' lang='lat' dir='ltr'>cultum·</span> <span class='ocrx_word' id='word_1_381' title='bbox 1102 2865 1210 2907; x_wconf 69' lang='lat' dir='ltr'>pretio,</span> <span class='ocrx_word' id='word_1_382' title='bbox 1226 2865 1468 2908; x_wconf 83' lang='lat' dir='ltr'>suppeditentur.</span> 
     </span>
     <span class='ocr_line' id='line_1_53' title="bbox 377 2908 1056 2952; baseline -0.007 -10"><span class='ocrx_word' id='word_1_383' title='bbox 377 2922 437 2952; x_wconf 80' lang='lat' dir='ltr'>que</span> <span class='ocrx_word' id='word_1_384' title='bbox 469 2911 657 2946; x_wconf 64' lang='lat' dir='ltr'>necessariae,</span> <span class='ocrx_word' id='word_1_385' title='bbox 688 2910 712 2941; x_wconf 84' lang='lat' dir='ltr'>si</span> <span class='ocrx_word' id='word_1_386' title='bbox 741 2909 840 2940; x_wconf 78' lang='lat' dir='ltr'>minus</span> <span class='ocrx_word' id='word_1_387' title='bbox 868 2908 1000 2950; x_wconf 78' lang='lat' dir='ltr'>copiose,</span> <span class='ocrx_word' id='word_1_388' title='bbox 1028 2914 1056 2938; x_wconf 72' lang='lat' dir='ltr'>at</span> 
     </span>
    </p>
   </div>
  </div>
 </body>
</html>
