1947 3222
473 139 600 177 LIB.
629 137 819 174 XXXIV.
856 138 975 175 CAP.
1006 138 1136 176 LVII.
1462 145 1529 179 181

119 249 430 306 magistratibus
459 246 688 302 legatisque
718 260 876 295 eorum,
897 246 971 301 qui
1002 245 1154 287 milites
1178 247 1275 287 dare
1306 248 1718 300 debebant,U.C.559.

121 307 269 355 edixit,
297 314 345 347 ut
374 306 417 346 in
449 302 655 359 Capitolio
686 317 727 342 se
759 301 932 343 adirent.
993 302 1114 342 9⁵Iis⁹
1135 303 1370 358 quindecim
1400 302 1718 347 milliaA·C·193·

121 363 311 419 peditum
333 370 373 402 et
393 359 643 415 quingentos
666 358 842 413 equites,
864 374 941 414 pro
969 374 1142 399 numero
1163 360 1366 415 cujusque
1390 362 1530 416 junio-

121 435 230 470 rum,
253 416 483 472 descripsit:
517 423 557 456 et
588 414 684 455 inde
704 431 725 455 e
749 415 957 470 Capitolio
986 415 1177 471 protinus
1197 416 1256 456 ire
1277 415 1330 456 ad
1350 426 1527 471 portam,

121 485 177 526 et,
200 484 248 517 ut
268 481 548 515 maturaretur
576 487 655 520 reS,
677 471 879 526 proficisci
901 472 953 512 ad
975 472 1180 513 delectum
1195 472 1332 528 jussit.
1376 473 1530 515 Fulvio

123 531 411 586 Flaminioque
441 538 558 570 terna
591 527 721 568 millia
753 528 1036 569 Romanorum
1069 529 1259 584 peditum
1294 538 1336 570 et
1370 530 1529 570 centeni

121 589 282 644 equites
301 588 344 627 in
366 585 716 641 supplementum,
738 593 778 625 et
809 585 937 640 quina
957 585 1087 626 millia
1107 586 1264 627 socium
1295 585 1437 627 Latini
1458 601 1529 626 no-

121 644 240 685 minis
264 651 304 684 et
326 642 474 683 duceni
505 642 666 697 equites
694 641 872 688 decreti3
905 642 1234 698 mandatumque
1261 643 1526 698 praetoribus,-

120 709 168 742 ut
203 709 360 741 veteres
392 698 647 740 dimitterent
679 697 845 747 milites,
867 714 999 753 quum
1030 699 1072 739 in
1107 699 1361 755 provinciam
1396 700 1529 740 venis-

122 765 223 798 sent.
285 758 426 807 Quum
456 754 621 804 milites,
653 754 726 810 qui
756 753 798 794 in
824 755 1258 810 legionibus‘urbanis
1284 764 1415 806 erant,
1446 756 1528 796 fre-

120 822 294 869 quentes
329 812 559 854 ⁹⁶tribunos
593 811 746 866 plebisq
780 811 975 861 adissent,
1012 812 1076 853 uti
1110 827 1273 853 caussas
1312 827 1529 868 cognosce-

118 879 211 911 rent
227 885 385 919 eorum,
402 868 556 924 quibus
576 876 649 909 aut
670 867 839 908 emerita
856 868 1074 923 stipendia,
1093 877 1166 909 aut
1182 869 1352 909 morbus
1373 884 1528 910 caussae

119 936 268 977 essent,
304 941 389 982 quo
424 925 560 966 minus
594 923 844 971 militarent,
894 939 984 964 eam
1018 940 1105 964 rem
1140 925 1270 966 literae
1308 925 1376 965 Ti.
1417 927 1529 967 Sem-

118 983 254 1038 pronii
275 982 571 1030 discusserunt,
587 980 628 1021 in
651 979 806 1035 quibus
827 979 1026 1035 scriptum
1047 988 1150 1031 erat,
1174 982 1366 1035 Ligurum
1384 983 1531 1022 decem‘

119 1041 250 1080 millia
280 1041 323 1080 in
352 1052 492 1093 agrum
527 1037 806 1078 Placentinum
836 1038 1006 1078 venisse:
1037 1044 1076 1077 et
1104 1052 1188 1078 eum
1215 1053 1336 1092 usque
1356 1040 1411 1079 ad
1436 1041 1528 1092 ipsa

118 1097 284 1137 coloniae
302 1096 450 1136 moem‘a
470 1101 509 1135 et
533 1094 645 1135 Padi
663 1094 778 1146 ripas
797 1107 880 1133 cum
901 1094 1074 1135 caedibus
1094 1101 1133 1134 et
1160 1096 1359 1137 incendiis
1385 1110 1529 1149 perpo-

110 1155 278 1206 pulatos
296 1167 389 1194 esse.
439 1152 632 1191 Boiorum
654 1165 806 1204 quoque
821 1158 978 1205 gentem
994 1152 1051 1191 ad
1069 1152 1317 1193 rebellionem
1333 1159 1526 1205 spectare.

119 1211 187 1251 Ob
216 1225 283 1251 eas
312 1225 377 1250 res
395 1208 732 1253 ⁹⁷tumulum,esse
761 1207 944 1249 decrevit
966 1216 1157 1256 senatus3
1190 1209 1370 1250 tribunos
1392 1211 1529 1263 plebei
1539 1217 1564 1246 T
1569 1217 1718 1248 umultum

117 1281 199 1306 non
210 1268 376 1319 placere
394 1279 552 1306 caussas
569 1266 766 1305 militares
785 1279 1025 1318 cognoscere,
1044 1280 1120 1319 quo
1140 1267 1270 1307 minus
1285 1268 1342 1307 ad
1359 1268 1528 1307 edictum
1539 1260 1725 1333 Ξῑῗίἑξξξὲ

117 1325 384 1364 convenirent.
445 1322 706 1379 Adjecerunt
727 1321 866 1371 etiam,
888 1330 937 1363 ut
959 1322 1056 1363 socii
1076 1323 1252 1364 nominis
1274 1324 1431 1374 Latini,
1454 1325 1527 1380 qui
1686 1315 1732 1334 u..

116 1380 161 1421 in
181 1380 366 1422 exercitu
388 1381 436 1420 P.
460 1378 656 1428 Cornelii,
681 1377 749 1418 Ti.
775 1378 1005 1434 Sempronii
1025 1378 1214 1429 fuissent,
1236 1388 1277 1421 et
1294 1380 1449 1422 dimissi
1474 1382 1528 1423 ab

109 1436 168 1478 ,iis
188 1437 427 1478 consulibus
448 1444 595 1485 essent,
618 1443 682 1485 ut,
703 1435 757 1475 ad
778 1449 904 1489 quam
931 1435 1040 1476 diem
1064 1436 1114 1475 L.
1139 1436 1355 1477 Cornelius
1385 1438 1529 1478 consul

117 1493 327 1542 edixisset,
349 1501 390 1534 et
410 1493 452 1532 in
482 1507 607 1547 quem
627 1491 765 1532 locum
789 1491 985 1532 edixisset
1015 1492 1215 1542 Etruriae,
1237 1494 1525 1535 convenirent:

115 1558 157 1591 et
189 1550 271 1591 uti'
301 1550 352 1589 L.
377 1548 594 1590 Cornelius
629 1547 788 1598 consul,
818 1547 861 1587 in
889 1548 1146 1603 provinciam
1179 1549 1454 1604 proficiscens,
1485 1551 1528 1592 in

117 1606 282 1662 oppidis
311 1605 521 1661 agrisque,
543 1620 628 1660 qua
646 1604 785 1645 iturus
805 1612 925 1653 esset,
948 1604 981 1645 si
1002 1620 1106 1660 quos
1136 1606 1173 1646 ei
1203 1605 1430 1656 videretur,
1452 1608 1528 1648 mi-

117 1662 211 1704 lites
232 1662 442 1712 scriberet,
459 1669 735 1716 armaretque,
756 1668 798 1701 et
819 1660 989 1702 duceret
1010 1677 1171 1703 secum:
1204 1661 1527 1720 dimittendique

117 1718 169 1769 ei,
192 1734 297 1775 quos
317 1733 473 1766 eorum,
497 1717 750 1774 quandoque
771 1716 910 1767 vellet,
926 1717 998 1773 jus
1018 1727 1135 1760 esset.

175 1776 320 1816 LVII.
354 1776 585 1830 Postquam
615 1773 816 1823 consuleS‚
838 1773 1002 1816 delectu
1032 1775 1191 1827 habito,
1222 1777 1400 1832 profecti
1430 1788 1526 1820 sunt
1540 1786 1723 1835 Legationes

115 1832 159 1872 in
187 1831 435 1887 provincias,
457 1839 549 1872 tum
581 1832 635 1871 T.
659 1830 880 1881 Quinctius
908 1831 1151 1887 postulavit,
1182 1839 1226 1873 ut
1254 1835 1302 1874 de
1331 1835 1407 1884 his,
1439 1850 1527 1889 quae
1540 1830 1668 1903 {fssmae
1685 1836 1716 1862 ‘³²

115 1903 200 1929 cum
227 1890 355 1929 decem
383 1889 529 1942 legatis
558 1889 643 1941 ipse
670 1888 886 1936 statuisset,
908 1895 1068 1929 senatus
1093 1890 1277 1937 audiret;
1322 1906 1458 1946 eaque,
1490 1895 1528 1934 si
1540 1896 1549 1902 ⁴
1572 1883 1633 1904 Μ’

114 1945 331 1994 videretur,
353 1946 594 1986 auctoritate
613 1959 684 1986 sua
710 1943 976 1999 confirmaret.
1036 1947 1091 1986 Id
1116 1960 1180 1987 eos
1188 1948 1367 2001 facilius
1379 1950 1524 2003 factu-

114 2017 193 2051 ros,
225 2004 264 2044 sz'
292 2004 514 2057 legatorum
545 2002 680 2052 verba,
714 2003 785 2055 qut
810 2016 860 2042 ex
888 2004 1076 2044 universa
1114 2003 1281 2045 Graecia
1311 2012 1348 2046 et
1377 2021 1525 2062 magna

157 2093 174 2117 Ρ
192 2089 236 2120 Ex
251 2091 286 2120 iis
300 2089 397 2121 Gron.

112 2135 125 2152 ³
139 2138 175 2162 ut
190 2132 280 2163 Eaed.

525 2092 542 2117 q
553 2090 670 2129 plebeios
684 2089 781 2121 Gron.
793 2089 884 2130 plebei
899 2090 991 2122 Crev.
1120 2096 1131 2113 ¹
1143 2094 1306 2134 quindecim
1321 2093 1419 2126 Gron.
1435 2095 1525 2128 Crev.

116 2207 245 2238 debetur
269 2207 355 2238 Vict.
380 2206 490 2239 codici.
534 2206 619 2238 Editi
641 2207 800 2241 habebant

116 2252 198 2281 sociis
225 2257 253 2281 et
282 2250 386 2280 Latini
414 2251 536 2280 nominis
564 2252 796 2291 magistratibus:

117 2292 201 2333 quod
221 2293 314 2335 plane
337 2293 407 2324 ferri
426 2304 488 2324 non
508 2298 638 2334 poterat.
682 2293 799 2324 Saltem

117 2334 209 2366 scribi
244 2335 400 2367 debuisset
432 2338 582 2372 sociorum,
612 2340 647 2365 ut
680 2335 799 2377 pridem

117 2377 366 2419 conjiciebamus.
409 2378 471 2409 Sed
492 2378 643 2421 scriptura
656 2378 740 2409 Vict.
761 2379 798 2409 li-

117 2418 165 2449 bri
178 2421 262 2452 clara
283 2426 314 2452 et
335 2422 460 2462 elegans
483 2426 540 2452 est.
583 2421 614 2452 N
618 2430 653 2451 ec
675 2420 797 2452 dubita-

117 2471 187 2492 mus
211 2463 286 2504 quin
310 2468 342 2494 et
367 2464 418 2495 alii
443 2474 565 2505 quoque
593 2464 689 2494 MSS.
714 2464 797 2495 idem

120 2511 250 2541 servent,
264 2506 403 2547 quamvis
417 2506 529 2537 sileant
544 2506 685 2537 editores.

161 2547 203 2577 95
225 2547 266 2578 Iis
289 2551 449 2589 quindecim
472 2550 567 2579 millia
586 2550 719 2589 peditum
740 2572 748 2579 .
764 2572 771 2579 .
789 2572 796 2580 .

118 2589 281 2631 descripsit]
312 2592 416 2633 Vulgo
437 2592 568 2622 habetur
589 2603 621 2622 ex
643 2594 688 2623 iis.
731 2592 797 2623 Re-

117 2630 269 2663 secuimus
288 2634 541 2676 praepositionem,
557 2644 652 2676 quam
667 2645 686 2666 a
701 2634 798 2677 scrip-

119 2672 159 2703 tis
183 2673 244 2704 suis
270 2675 375 2707 abesse
401 2682 529 2708 testatur
556 2677 741 2714 Gronovius,
767 2682 799 2709 et

117 2714 240 2756 ignorat
261 2727 381 2759 quoque
402 2724 503 2750 noster
525 2720 713 2751 Victorinus.
759 2721 800 2751 Iis

117 2759 276 2804 descripsit,
298 2759 330 2790 id
351 2766 407 2797 est,
430 2771 491 2792 non
515 2762 606 2793 modo
633 2763 797 2805 imperavit

114 2809 147 2830 in
172 2801 346 2832 universum
370 2805 532 2843 quindecim
552 2805 647 2835 millia
664 2808 795 2844 peditum

117 2848 143 2872 et
169 2846 337 2885 quingentos
359 2847 474 2885 equites,
498 2846 551 2877 sed
573 2847 701 2887 singulis
721 2848 795 2879 civi-

120 2885 243 2922 tatibus,
281 2892 355 2928 quot
393 2897 522 2929 quaeque
558 2889 686 2930 pedites,
723 2897 798 2931 quot

841 2209 959 2250 equites
995 2208 1092 2246 daret,
1121 2221 1175 2252 pro
1210 2222 1337 2244 numero
1369 2213 1526 2255 juniorum

843 2251 992 2294 cujusque
1015 2252 1157 2285 civitatis.
1201 2254 1251 2286 Sic
1275 2256 1343 2287 Cic.
1359 2256 1391 2287 in
1408 2258 1468 2299 Ep.
1485 2257 1525 2288 ad

843 2295 886 2331 Q.
910 2296 1063 2326 Fratrem:
1094 2299 1219 2339 vectigal
1244 2300 1318 2339 quod
1344 2301 1379 2329 iis
1405 2301 1524 2340 aequali-

842 2343 886 2367 ter
914 2338 998 2368 Sulla
1026 2340 1225 2379 descripserat.
1283 2341 1367 2372 Hinc
1396 2347 1427 2372 et
1444 2346 1524 2382 jura

841 2381 1007 2416 describere,
1020 2380 1054 2412 id
1076 2387 1132 2418 est,
1144 2382 1195 2424 jus
1217 2384 1329 2424 cuique
1342 2384 1469 2416 reddere
1492 2391 1525 2417 et

840 2422 929 2463 quasi
958 2422 1118 2465 dispertin'.
1175 2426 1242 2457 Cic.
1270 2437 1325 2468 pro
1354 2427 1462 2464 Quint.
1490 2439 1522 2460 n.

840 2466 892 2497 45.
908 2471 939 2496 et
953 2466 975 2497 l.
991 2467 1032 2497 V.
1047 2466 1079 2496 in
1095 2468 1183 2499 Verr.
1199 2479 1229 2499 n.
1244 2470 1295 2500 27.

883 2509 925 2540 96
957 2508 1097 2540 Tribunos
1120 2512 1211 2550 plebei
1237 2513 1378 2553 adissent]
1415 2513 1522 2544 Dede-

841 2556 911 2581 rant
944 2550 994 2582 hic
1034 2554 1162 2585 tribunos
1203 2555 1332 2594 plebeios,
1369 2556 1522 2596 quomodo

840 2602 993 2635 nusquam
1016 2595 1131 2626 Livius.
1175 2597 1370 2628 correximus
1392 2609 1429 2628 ex
1449 2608 1522 2628 auc-

840 2636 962 2667 tolitate
984 2637 1077 2668 trium
1099 2638 1189 2670 codd.
1211 2641 1302 2671 unius
1321 2651 1339 2671 a
1355 2642 1374 2671 J
1379 2650 1424 2670 ac.
1442 2641 1520 2670 Gro-

841 2678 942 2715 novio,
970 2680 1095 2711 alterius
1124 2682 1162 2712 ab
1187 2682 1325 2714 Hearnio
1350 2682 1521 2718 memorati,

841 2721 922 2752 tertii
937 2722 1098 2754 Victorini.
1143 2725 1266 2762 Quibus
1288 2725 1367 2756 adde
1389 2729 1419 2755 et
1435 2724 1522 2766 Sigo-

839 2764 936 2800 nium,
951 2765 1004 2805 qui
1019 2766 1107 2796 affert
1121 2777 1138 2797 e
1153 2768 1351 2798 suotribunos
1364 2768 1461 2806 plebis.

880 2809 920 2838 97
961 2808 1132 2839 Tumulznm
1159 2821 1215 2840 esse
1241 2812 1366 2840 decrerit
1393 2811 1522 2852 senatus]

841 2849 916 2881 Vid.
930 2856 992 2881 not.
1007 2852 1059 2882 52.
1074 2851 1113 2882 ad
1128 2851 1150 2883 l.
1167 2852 1245 2883 VII.
1260 2862 1286 2882 c.
1301 2853 1332 2884 9.

904 2937 979 2975 ΝΒ
