1947 3222
574 143 691 179 LIB.
725 141 962 178 XXXVIII.
1006 143 1134 178 CAP.
1166 143 1276 179 XIX.
1568 149 1642 182 355

227 252 524 307 Propontidem
565 264 652 291 sese
680 250 894 297 'effundit3
938 265 1018 290 non
1055 259 1191 290 tamen
1234 260 1318 293 tam
1352 253 1641 307 magnitudine
1655 262 1690 291 U.
1705 264 1739 292 c.
1759 263 1832 293 563.

223 308 513 357 memorabilis,
535 321 661 362 quam
682 306 798 362 quod
818 306 994 362 piscium
1016 305 1170 348 adcolis
1191 308 1399 363 ingentem
1421 310 1504 350 vim
1536 326 1640 366 prae-
1653 304 1692 336 Α·
1708 307 1741 336 C·
1761 306 1831 336 ¹⁸9·

224 365 306 406 bet.
389 363 675 419 Transgressis
715 372 841 419 ponte
880 363 1065 419 perfecto
1104 363 1274 414 flumen,
1315 374 1466 419 praeter
1505 367 1638 423 ripam

225 421 420 462 euntibus
449 420 561 461 Galli
584 421 737 460 Matris
760 422 931 476 lxviagnae
962 436 986 461 a
1017 420 1264 462 Pessinunte
1293 422 1514 464 obcurrere
1543 439 1638 466 cum

224 477 453 532 insignibus
484 478 583 527 suis,
605 477 877 518 vaticinantes
906 478 1087 518 fanatico
1113 478 1306 527 carmine,
1330 478 1463 518 Deam
1486 480 1638 522 Roma-

223 534 286 574 nis
306 533 414 574 viam
434 534 532 575 belli
553 542 594 575 et
624 533 838 575 victoriam
870 534 983 584 dare,
1004 534 1310 590 imperiumque
1330 535 1421 590 ejus
1444 536 1636 591 regionis.

224 590 426 645 Accipere
448 606 489 632 se
509 606 629 631 omen
651 606 784 646 quum
812 590 984 632 dixisset
1011 591 1169 639 consul,
1190 600 1324 632 castra
1351 606 1399 632 eo
1429 591 1518 647 ipso
1548 593 1637 635 loco

222 648 373 702 posuit.
396 656 562 703 postero
583 647 649 688 die
670 647 724 688 ad
740 647 948 688 Gordium
969 648 1169 704 pervenit.
1233 648 1287 689 Id
1303 648 1418 689 haud
1438 663 1637 704 magnum

222 703 392 758 quidem
423 704 627 760 oppidum
658 713 734 755 est,
757 704 829 745 sed
858 704 1007 761 7⁰plus,
1029 719 1157 760 quam
1186 705 1550 756 mediterraneum,
1571 722 1636 747 ee-

222 760 335 801 lebre
364 770 405 802 et
435 762 631 816 frequens
652 762 896 818 emporium.
929 763 1011 803 tria
1029 762 1160 802 maria
1179 761 1269 818 pari
1289 762 1418 803 ferme
1439 761 1637 804 distantia

220 817 439 859 intervallo
472 818 613 869 habet,
643 818 1044 875 ”Hellespontumffi
1075 818 1129 859 ad
1167 819 1360 874 Sinopen,
1391 828 1431 861 et
1466 819 1636 861 alterius

221 889 305 915 orae
336 875 470 925 litora,
503 891 587 931 qua
619 875 767 916 Cilices
795 875 991 917 maritimi
1021 875 1175 917 colunt.
1211 875 1437 917 multarum
1467 891 1637 932 magna„

221 945 401 988 rumque
429 941 632 988 praeterea
660 933 850 988 gentium
876 933 978 973 fines
998 933 1217 988 contingit,
1239 948 1419 988 quarum
1440 948 1637 974 commer-

225 989 334 1029 cium
356 990 399 1029 in
420 1005 516 1030 eum
537 989 715 1030 maxime
735 989 873 1030 locum
898 989 1035 1031 mutui
1056 1005 1156 1030 usus
1186 998 1438 1031 contraxere.
1471 990 1514 1030 id
1545 999 1635 1031 tum

223 1045 434 1087 desertum
455 1047 558 1103 fuga
578 1046 805 1087 incolarum
826 1046 1044 1102 oppidum,
1066 1046 1266 1087 refertum
1288 1046 1397 1086 idem
1427 1047 1546 1102 copia
1574 1063 1637 1088 re-

223 1117 316 1143 rum
337 1103 537 1154 omnium,
558 1104 817 1144 invenerunt.
881 1104 948 1143 Ibi
970 1103 1122 1143 stativa
1146 1103 1398 1144 habentibus
1428 1103 1553 1158 legati
1584 1105 1637 1145 ab

224 1160 495 1215 Eposognato
524 1169 739 1207 venerunt,
771 1159 1028 1209 nunciantes,
1059 1160 1289 1213 Profectum
1320 1174 1405 1200 eum
1435 1162 1492 1199 ad
1521 1176 1636 1215 regu-

222 1217 281 1257 los
300 1216 512 1257 Gallorum
528 1218 634 1256 nihil
649 1218 756 1270 aequi
772 1217 1012 1270 impetrasse.
1035 1232 1084 1256 ex
1098 1217 1381 1269 campestribus
1395 1218 1493 1258 vicis
1507 1220 1637 1272 agris-

221 1288 297 1328 que
309 1274 552 1328 frequentes
580 1275 821 1327 demigrare,
847 1280 885 1314 et
914 1288 996 1314 cum
1027 1273 1261 1328 conjugibus
1291 1288 1338 1314 ac
1366 1275 1516 1324 liberis,
1549 1289 1638 1329 qua:

204 1331 329 1386 serre
347 1338 469 1386 atque
489 1346 610 1386 agere
623 1333 814 1384 possim,
830 1344 923 1384 proe
942 1346 982 1371 se
1008 1338 1169 1385 agentes
1190 1338 1478 1386 portantesque
1502 1333 1636 1387 Olym-

215 1403 314 1442 pum
344 1396 511 1430 montem
534 1396 686 1442 petere,
710 1395 753 1430 ut
782 1389 873 1429 inde
907 1389 1026 1429 armis
1055 1390 1303 1443 locorumque
1332 1391 1414 1430 situ
1442 1404 1524 1431 sese
1552 1397 1636 1431 tue-

220 1454 358 1487 antur.
1136 1477 1142 1483 .

284 1504 420 1544 XIX.
465 1504 653 1545 Certiora
691 1513 836 1560 postea
873 1504 1265 1546 ”Oroandensium‘
1304 1506 1429 1561 legati
1474 1506 1735 1547 adtule-Galli
1750 1515 1781 1546 in

224 1569 346 1601 runt:
406 1561 736 1601 Tolistoboiorum
776 1562 967 1603 civitatem
1012 1561 1221 1616 Olympum
1250 1570 1426 1608 montem
1470 1565 1845 1616 cepisse,·m91,1te³00¹¹-

226 1619 400 1659 diversos
437 1619 670 1673 Tectosagos
700 1620 822 1659 alium
855 1625 1035 1667 montem,
1058 1621 1128 1672 qui
1160 1619 1344 1671 Magaba
1374 1621 1545 1668 dicatur,
1566 1603 1782 1673 Ave—fugiunt.

224 1676 331 1715 tisse.
398 1675 594 1725 Trocmos,
617 1675 848 1730 conjugibus
868 1691 915 1716 ac
934 1676 1073 1717 liberis
1093 1678 1204 1728 apud
1230 1677 1466 1729 Tectosagos
1486 1678 1640 1730 deposi-

225 1733 289 1781 tis,
322 1739 568 1773 armatorum
599 1735 757 1787 agmine
797 1733 1052 1774 Tolistoboiis
1081 1734 1265 1774 statuisse
1294 1736 1490 1774 auxilium
1503 1736 1639 1788 ferre.

227 1790 361 1831 Erant
401 1798 541 1831 autem
581 1798 681 1832 tunc
717 1790 844 1831 trium
879 1790 1129 1846 populorum
1172 1790 1305 1846 reguli
1343 1791 1561 1846 Ortiagon,
1597 1802 1638 1834 et

228 1846 585 1897 Combolomarus,
605 1855 658 1888 et
695 1847 915 1888 Gaulotus.
978 1847 1038 1887 Iis
1072 1847 1161 1888 haec
1196 1848 1375 1888 maxime
1405 1847 1502 1888 belli
1532 1850 1639 1890 ratio

226 1903 414 1944 sumendi
434 1903 587 1954 fuerat,
609 1904 738 1960 quod,
761 1918 892 1960 quum
924 1912 1084 1944 montes
1113 1904 1359 1946 editissimos
1388 1905 1479 1961 ejus
1508 1906 1640 1961 regio-

225 1960 289 2000 nis
330 1968 530 2011 tenerent,
566 1961 773 2002 convectis
811 1960 1018 2009 omnibus,
1054 1976 1151 2016 quae
1191 1961 1245 2001 ad
1284 1976 1407 2002 usum
1447 1963 1640 2017 quamvis

225 2015 338 2071 longi
378 2017 575 2072 temporis
615 2018 877 2066 subficerent,
917 2017 1044 2058 taedio
1084 2033 1126 2057 se
1164 2017 1414 2072 fatigaturos
1458 2018 1639 2059 hostem⁵

225 2073 458 2114 censebant.
518 2074 628 2114 Nam
648 2089 773 2128 neque
792 2088 958 2115 ausuros
979 2088 1060 2127 per
1082 2081 1161 2113 tam
1192 2076 1324 2114 ardua
1349 2081 1468 2128 atque
1497 2075 1640 2129 iniqua

224 2131 313 2170 loca
334 2130 467 2171 subire
486 2138 643 2181 eosret,
664 2133 701 2172 si
721 2138 976 2180 conarentur,
995 2132 1056 2171 vel
1068 2145 1204 2183 parva
1225 2145 1345 2171 manu
1361 2131 1573 2184 prohiberi
1593 2147 1641 2173 ac

224 2187 435 2228 deturbari
456 2202 586 2241 posse.
617 2203 687 2229 nec
716 2189 877 2243 quietos,
901 2190 944 2228 in
971 2188 1173 2228 radicibus
1197 2189 1420 2242 gelidorum
1451 2189 1640 2229 montium

224 2245 414 2293 sedentes,
418 2246 566 2299 frigus
585 2252 657 2286 aut
683 2247 862 2299 inopiam
892 2247 1057 2285 laturos.
1118 2246 1178 2286 Et
1198 2260 1330 2300 quum
1351 2245 1441 2301 ipsa
1460 2245 1641 2287 altitudo

225 2300 410 2343 locorum
446 2317 515 2343 eos
547 2311 772 2352 tutaretur,
807 2302 958 2343 fossam
991 2317 1160 2357 quoque
1195 2310 1237 2343 et
1271 2301 1351 2343 alia
1384 2302 1643 2343 munimenta

227 2358 453 2400 verticibus
482 2359 545 2410 iis,
582 2374 687 2415 quos
715 2359 964 2409 insederant,
997 2359 1297 2415 circumjecere.
1360 2358 1541 2399 Minima
1570 2358 1642 2399 ad-

236 2448 238 2451 *
269 2460 286 2484 Ρ
301 2459 338 2488 ad
354 2458 571 2498 Hellespontum
589 2458 682 2490 Crev.
844 2462 861 2486 ‘l
873 2464 981 2498 possent
999 2440 1095 2489 bron.
1113 2457 1206 2488 Crev.
1371 2461 1383 2478 ¹·
1398 2457 1641 2488 (Enoamlensium

230 2497 328 2532 Gron.
455 2505 466 2521 ³
482 2503 569 2532 hostes
582 2502 683 2533 Gron.
699 2501 789 2533 Crev-

235 2593 303 2624 Imo
323 2595 356 2624 in
379 2595 517 2632 Pontum,
540 2595 624 2637 quod
646 2599 751 2626 monet
772 2593 914 2636 Sigonius
957 2593 1159 2635 telligendum
1174 2598 1221 2624 est
1234 2603 1319 2623 mare
1335 2592 1374 2623 ad
1391 2592 1642 2632 Hellespontum:

236 2635 267 2665 in
290 2641 360 2666 nota
381 2637 422 2667 ad
447 2639 529 2669 hunc
555 2639 669 2674 locum,
693 2644 724 2669 et
750 2638 914 2675 Cellarius,
958 2637 1002 2668 ita
1013 2644 1045 2667 ut
1057 2637 1280 2678 Hellespontus
1290 2640 1427 2666 sumatur
1442 2645 1496 2676 pro
1506 2635 1640 2675 regione,

235 2678 380 2719 Antiquae
396 2679 508 2721 Geogr.
522 2681 543 2712 l.
559 2682 625 2712 III.
641 2692 668 2711 e.
685 2682 715 2711 8.
959 2690 1020 2711 non
1034 2691 1089 2722 pro
1103 2680 1191 2710 mari.
1385 2718 1390 2723 ι
1590 2719 1594 2723 ,
1613 2718 1620 2724 θ

275 2722 511 2762 70*Ρίυ3ῳιαηι
536 2723 794 2764 mediterraneum]
841 2723 918 2754 Plus
1004 2724 1045 2753 72
1071 2720 1314 2760 Oroandensium]
1361 2719 1410 2749 Sic
1440 2723 1515 2766 vett.
1548 2718 1642 2749 edlu}

229 2773 324 2804 quam
349 2764 425 2794 solet
450 2765 635 2806 frequentari
657 2767 826 2808 emporium
848 2777 912 2797 me·
958 2771 989 2796 et
1010 2766 1043 2796 hi
1064 2775 1175 2806 nempe
1198 2763 1291 2793 iidem
1314 2766 1395 2796 sunt,
1411 2770 1464 2801 qui
1477 2771 1514 2808 .c·
1530 2771 1644 2802 praece-

232 2806 293 2836 diis
308 2806 339 2836 in
356 2805 442 2837 terris
456 2806 545 2848 longe
561 2819 581 2838 a
593 2809 670 2839 mari
684 2810 786 2839 situm.
959 2808 1045 2838 denti
1068 2806 1217 2848 appellati
1240 2809 1321 2834 sunt.
1366 2804 1454 2834 Male
1476 2814 1507 2833 111
1523 2806 1643 2834 Grono-

273 2849 309 2878 71
351 2850 397 2878 Acl
436 2849 668 2891 Hellespontum]
714 2851 764 2882 Sic
799 2851 915 2882 habere
959 2851 1059 2881 vianis
1095 2848 1279 2879 editionibus
1313 2846 1425 2886 legitur
1462 2847 1643 2876 OEnoanden-

230 2897 346 2923 veteres
362 2902 467 2922 omnes
487 2892 615 2924 affirmat
632 2894 816 2925 Gronovius.
862 2894 915 2923 In·
960 2895 1043 2923 sium.
1090 2891 1172 2921 Vide
1194 2896 1224 2920 et
1247 2895 1309 2919 not.
1322 2890 1375 2919 27.
1393 2887 1432 2919 ad
1447 2899 1474 2919 c.
1490 2890 1542 2920 37.
1556 2889 1646 2919 infra.

1011 2936 1134 2974 AaQ
