1947 3222
429 94 503 127 400
952 84 1097 123 ΤΙΤΙ
1138 85 1307 123 LIVII

211 208 250 239 U.
264 208 301 239 C.
316 210 388 240 565.
425 197 535 239 mani
572 196 786 253 conquesti
825 197 972 237 Roma:
1009 197 1123 252 apud
1161 204 1365 246 senatum,
1403 195 1629 252 rejectique
1666 196 1717 237 ad
1755 210 1848 238 con-

209 252 249 281 A.
264 251 303 282 C·
321 252 388 283 187.
424 255 555 296 sulem
589 253 838 301 AEmilium3
871 253 954 302 cui,
982 261 1029 294 ut
1058 261 1323 308 cognosceret
1355 260 1654 308 statueretque,
1682 263 1848 296 senatus

423 311 682 368 permiserat,
716 325 870 365 magno
905 309 1128 351 certamine
1164 325 1259 351 cum
1295 318 1474 365 praetore
1509 309 1668 360 habito,
1705 319 1848 351 tenue-

423 376 522 410 runt
554 383 754 410 caussam.
786 382 901 407 arma
931 366 1125 407 redderec
1158 368 1420 416 Cenomanis,
1452 365 1651 407 decedere
1682 367 1850 423 provin-

423 426 486 467 cia
515 435 671 482 praetor
696 426 853 481 jussus.
917 422 1090 479 Legatis
1120 422 1272 464 deinde
1303 424 1510 465 sociorum
1543 424 1687 464 Latini
1718 424 1848 464 nomi-

421 482 499 533 nis,
522 483 596 539 qui
628 490 718 524 toto
748 480 938 534 undique
969 494 1020 520 ex
1045 480 1171 520 Latio
1200 480 1442 535 frequentes
1472 489 1765 531 convenerant,
1788 496 1848 521 se-

421 548 545 581 natus
580 540 706 581 datus
746 545 821 578 est.
868 537 933 577 his
969 536 1258 592 querentibus,
1295 551 1490 592 magnam
1529 536 1846 578 multitudinem

419 596 574 637 civium
606 609 779 637 suorum
812 594 987 634 Romam
1017 593 1325 649 commigrasse,
1348 602 1389 634 et
1409 593 1468 635 ibi
1496 609 1638 635 censos
1668 609 1769 645 esse,
1794 595 1843 645 Q.

422 652 623 694 Terentio
647 651 841 693 Culleoni
871 650 1043 707 praetori
1075 651 1290 706 negotium
1321 650 1469 691 datum
1494 659 1571 701 est,
1594 661 1641 692 ut
1662 666 1731 692 eos
1752 667 1847 692 con-

418 709 618 765 quireret,
641 717 698 759 et,
726 723 854 764 quem
883 709 931 749 C.
957 707 1153 757 Claudio,
1177 708 1240 747 M.
1268 707 1391 748 Livio
1422 707 1675 758 censoribus,
1697 716 1845 764 postve

418 782 488 807 eos
517 781 720 816 censores,
742 766 883 821 ipsum
913 772 1183 822 parentemve
1213 765 1304 820 ejus
1334 764 1450 821 apud
1481 779 1523 805 se
1543 779 1712 805 censum
1742 780 1844 814 esse,

417 824 664 879 probassent
686 822 800 873 socii,
822 831 871 864 ut
892 822 1029 864 redire
1049 837 1098 862 eo
1119 831 1300 878 cogeret,
1322 822 1397 863 ubi
1418 821 1529 863 censi
1549 829 1698 863 essent.
1748 822 1845 863 Hac

418 880 722 937 conquisitione
753 879 973 921 duodecim
1003 878 1134 920 millia
1156 879 1408 920 Latinorum
1439 878 1584 920 domos
1613 878 1844 929 redierunt,

412 937 500 993 jam
522 946 613 980 tum
636 937 911 979 multitudine
931 936 1258 992 alienigenarum
1280 937 1427 977 urbem
1449 944 1658 977 onerante.

204 999 329 1031 Fulvius
343 1011 396 1043 pe·
482 996 560 1036 IV.
594 995 851 1050 Priusquam
891 993 1081 1035 consules
1120 993 1305 1035 redirent
1342 994 1537 1044 Romam,
1576 993 1639 1033 M.
1664 993 1844 1035 Fulvius

202 1043 238 1072 tit
254 1044 360 1074 trium-

201 1085 307 1126 phum.

417 1052 640 1108 proconsul
671 1067 722 1093 ex
755 1051 921 1093 AEtolia
948 1051 1086 1092 rediit.
1123 1050 1279 1106 isque‘'‚
1311 1051 1365 1092 ad
1396 1051 1529 1092 aedem
1560 1050 1772 1106 Apollinis
1800 1050 1844 1091 in

417 1117 563 1150 senatu
594 1123 726 1165 quum
751 1109 803 1149 de
831 1109 956 1149 rebus
976 1107 1019 1148 in
1043 1107 1204 1148 AEtolia
1235 1107 1591 1164 Cephalleniaque
1615 1107 1668 1148 ab
1690 1122 1732 1148 se
1752 1123 1843 1164 ges-

416 1167 470 1207 tis
500 1166 777 1216 disseruisset,
799 1165 921 1222 petiit
951 1181 975 1205 a
1007 1165 1222 1215 Patribus,
1253 1173 1303 1205 ut
1334 1180 1504 1221 aequum
1536 1174 1764 1215 censerent,
1786 1165 1841 1206 ob

415 1223 715 1280 rempublicam
746 1223 853 1264 bene
883 1237 930 1263 ac
960 1221 1137 1262 feliciter
1165 1232 1341 1277 gestam,
1364 1229 1406 1263 et
1427 1221 1522 1262 Diis
1546 1221 1840 1263 inmortalibus

414 1280 613 1321 honorem
643 1279 789 1321 haberi
816 1280 982 1336 jubere,
1005 1287 1046 1320 et
1075 1278 1153 1319 sibi
1183 1278 1448 1334 triumphum
1478 1279 1709 1320 decernere.
1773 1280 1837 1320 M.

415 1334 609 1400 Aburius
639 1337 836 1378 tribunus
866 1336 1015 1393 plebis,
1038 1336 1071 1376 si
1102 1335 1206 1391 quid
1236 1335 1288 1376 de
1319 1351 1366 1376 ea
1392 1351 1437 1377 re
1460 1344 1556 1377 ante
1587 1335 1648 1375 M.
1673 1335 1836 1377 AEmilii

325 1344 351 1382 t
382 1330 390 1353 r

363 1355 383 1418 s
413 1395 593 1436 consulis
622 1394 851 1435 adventum
882 1394 1189 1441 decerneretur,
1211 1392 1534 1434 intercessurum
1560 1408 1602 1433 se
1627 1393 1834 1434 ostendit:

412 1467 496 1493 eum
512 1453 791 1493 contradicere
810 1452 922 1500 velle,
939 1451 1332 1504 proficiscentemque
1348 1451 1391 1490 in
1407 1451 1662 1503 provinciam
1685 1452 1746 1491 ita
1761 1451 1842 1492 sibi

409 1511 634 1556 mandasse,
645 1516 689 1550 ut
703 1524 749 1550 ea
758 1509 999 1562 disceptatio
1013 1509 1176 1561 integra
1192 1509 1234 1547 in
1249 1510 1461 1548 adventum
1470 1522 1578 1548 suum
1593 1515 1837 1550 servaretur.

406 1567 612 1608 '‘Fulvium
643 1568 834 1619 temporis
849 1565 1060 1620 jacturam
1074 1565 1238 1619 facere.
1275 1571 1456 1605 senatum
1487 1567 1608 1605 etiam
1634 1573 1836 1618 praesente

404 1627 574 1675 consule,
598 1626 705 1678 quod
724 1626 853 1671 vellet,
877 1625 1137 1664 decreturwn.
1170 1622 1234 1663 M.
1254 1622 1456 1663 Fulvius:
1493 1623 1540 1663 Si
1560 1629 1632 1663 aut
1651 1624 1835 1665 simultas

405 1683 471 1723 M.
495 1683 668 1723 AEmilii
686 1696 811 1722 secum
834 1683 975 1736 ignota
996 1680 1220 1721 hominihus
1241 1686 1351 1729 esset,
1376 1686 1447 1720 aut
1468 1694 1586 1734 quam
1607 1681 1642 1721 is
1662 1694 1732 1721 eas
1750 1682 1834 1722 'im'-

402 1740 573 1781 micitias
603 1741 803 1792 inpotenti
831 1754 880 1778 ac
902 1753 1035 1791 prope
1064 1737 1177 1790 regia
1215 1738 1283 1777 ira
1317 1744 1537 1784 exercerem
1585 1744 1719 1778 tamen
1751 1753 1832 1779 non

383 1798 778 1851 fitisseferendum,
813 1796 1012 1837 absentem
1042 1795 1236 1834 consulem
1267 1800 1306 1834 et
1337 1795 1517 1834 Deomm
1551 1795 1829 1837 inmortalium

399 1855 544 1894 honori
577 1855 750 1904 obstare,
785 1859 824 1892 et
864 1853 1047 1893 meritum
1083 1851 1334 1905 debitumque
1367 1852 1612 1905 triumphum
1652 1855 1828 1894 morari.—

400 1913 694 1965 imperatorem,
718 1911 832 1951 relms
862 1911 1019 1963 egregie
1043 1910 1184 1963 gestis,
1207 1910 1472 1963 victoremque
1501 1911 1716 1950 exercitum
1744 1925 1829 1951 cum

394 1971 538 2021 praeda
569 1983 616 2009 ac
646 1969 820 2022 captivis
850 1967 973 2008 ⁸ante
999 1973 1142 2020 portas
1171 1973 1290 2015 stare,
1323 1967 1447 2007 donec
1475 1967 1644 2018 consuli,
1676 1967 1724 2008 ob
1754 1969 1828 2009 hoc

398 2028 524 2079 ipsum
562 2026 750 2076 moranti,
788 2026 924 2065 redire
956 2025 1122 2065 Romam
1159 2024 1316 2064 libitum
1350 2030 1459 2065 esset.
1529 2024 1673 2065 Verum
1704 2027 1828 2067 enim-

396 2099 501 2134 ver0,
525 2099 641 2138 quum
673 2085 757 2124 sint
778 2083 1057 2123 ⁹7zobilissz'mae
1077 2082 1156 2122 sihi
1182 2096 1270 2121 cum
1290 2083 1448 2122 consule
1468 2082 1706 2130 inimicitiae,
1730 2085 1831 2137 quid

395 2141 447 2180 ab
466 2156 510 2181 eo
531 2156 764 2195 quemquam
785 2154 903 2194 posse
923 2142 1030 2197 efflui
1052 2146 1297 2192 exspectare,
1320 2139 1387 2194 qui
1400 2154 1480 2193 per
1510 2139 1825 2194 inst-eqzcentz·anz

378 2198 538 2252 furtim
562 2198 975 2239 ¹⁰senatusconsultum
990 2197 1156 2252 fczctum
1186 2198 1243 2238 ad
1268 2197 1463 2238 cerarium
1493 2197 1696 2246 detulerit,
1719 2197 1824 2238 Am-

752 2300 765 2316 c
780 2298 895 2328 reddita
909 2297 1008 2328 Gron.
1022 2296 1113 2328 Crev.
1246 2297 1262 2320 d
1278 2297 1375 2338 itaque
1390 2295 1480 2327 Eaed.

439 2386 458 2415 7
499 2385 637 2415 Fulvium
675 2385 808 2423 temporis
841 2384 998 2422 jas-turum
1024 2382 1081 2425 fa-
1128 2382 1300 2413 Inimicitia’
1331 2381 1436 2412 nobiles
1465 2383 1544 2413 inter
1568 2391 1611 2411 cos
1638 2388 1734 2412 erant.
1779 2382 1821 2412 Et

396 2428 475 2469 rere]
515 2427 553 2457 Id
569 2433 626 2461 est,
644 2427 758 2458 nullius
781 2425 836 2463 rei,
853 2425 910 2456 nisi
926 2426 1083 2468 temporis.
1128 2435 1230 2456 rursus
1246 2425 1265 2455 l.
1284 2425 1352 2455 XL.
1372 2434 1400 2454 c.
1417 2425 1470 2456 45.
1499 2424 1584 2454 Inter
1607 2424 1654 2454 hos
1676 2426 1751 2455 viros
1765 2436 1815 2455 no·

396 2471 474 2501 Mox
510 2482 564 2512 pro
594 2471 639 2500 M.
667 2470 801 2506 Fulvius,
833 2470 978 2500 Muretus
1009 2469 1083 2499 Tum
1127 2469 1195 2499 biles
1210 2468 1374 2498 inimicitiae
1387 2473 1483 2498 erunt.

398 2514 531 2545 Fuluius.
561 2514 780 2544 Gnoxovxrs.
1175 2511 1542 2541 10⁸*Senatusc0nsultum
1573 2531 1581 2539 .
1610 2532 1618 2539 .
1643 2531 1651 2539 .
1673 2511 1712 2540 acl
1739 2521 1819 2540 avra-

438 2557 575 2588 8⁴*Ame
600 2563 696 2595 part-las
723 2557 814 2597 stare]
869 2555 932 2592 Qui
970 2560 1082 2586 exacto
1125 2556 1206 2584 rium
1228 2553 1382 2593 detulerit]
1424 2552 1548 2583 Pridem
1574 2551 1614 2582 ad
1637 2552 1737 2584 aedem
1753 2553 1816 2585 Ce-

393 2600 573 2641 magistratu
596 2598 784 2639 triumphum
807 2599 944 2639 petebat,
969 2597 996 2628 ei
1020 2608 1081 2628 non
1127 2596 1199 2628 reris
1253 2595 1471 2627 deferebantur
1529 2595 1816 2627 senatusconsulta:

392 2644 505 2675 licebat
528 2643 641 2673 intrare
665 2642 783 2675 urbem.
799 2641 872 2682 quia
895 2640 1081 2679 ingredienti
1126 2639 1213 2681 cujus
1240 2638 1331 2670 moris
1355 2638 1476 2670 initium
1503 2639 1683 2669 memoravit
1708 2638 1816 2669 Livius

391 2694 493 2727 portas
528 2685 633 2716 statim
671 2684 868 2715 minuebatur
905 2684 1080 2725 imperium.
1127 2683 1232 2713 1.111.
1255 2692 1282 2712 c.
1306 2683 1358 2712 55.
1397 2682 1511 2713 Postea
1533 2681 1573 2712 ad
1597 2680 1736 2712 aerarium
1760 2681 1814 2712 illa

389 2730 471 2770 quorl
487 2729 639 2769 integrum
662 2738 782 2758 servare
805 2726 938 2757 debebat
954 2725 993 2757 ad
1009 2736 1078 2756 eam
1124 2724 1234 2755 deferri
1262 2723 1399 2765 placuit:
1439 2736 1475 2756 ac
1501 2729 1566 2755 tum
1594 2724 1719 2755 demum
1746 2730 1814 2755 rata

389 2773 470 2802 diem
486 2782 547 2813 quo
559 2768 806 2813 triumphaturus
817 2775 907 2800 esset.
1124 2767 1327 2799 habebantur.
1367 2768 1417 2799 De
1434 2768 1501 2810 ipsa
1515 2777 1559 2802 re,
1576 2767 1616 2798 de
1631 2777 1693 2808 qua
1709 2767 1812 2808 queri-

430 2816 450 2847 9
479 2815 664 2845 Nobilissimac
688 2837 695 2845 .
713 2837 720 2845 .
743 2811 925 2852 '’nimicitioe]
956 2811 1006 2843 Sic
1029 2821 1074 2841 so·
1123 2816 1171 2840 tur
1194 2811 1243 2842 hic
1265 2811 1403 2847 Fulvius,
1420 2811 1481 2843 vid.
1505 2821 1599 2853 supra
1615 2810 1812 2842 XXXVIII.

389 2859 429 2888 let
450 2858 532 2899 loqui
561 2857 677 2888 Livius.
706 2857 773 2888 Lib.
802 2855 947 2887 XXVII.
973 2865 1000 2885 c.
1024 2856 1075 2886 35.
1122 2855 1176 2892 44,

1918 416 1931 479 ''D-
1935 359 1938 362 ι

1929 912 1944 944 :j

1939 953 1944 971 ς

1941 980 1943 1042 ἰ
