1947 3222
336 91 413 131 2⁷66
871 93 1009 130 TITI
1054 91 1229 130 LIVII

126 219 167 250 U.
182 218 217 248 C.
230 216 302 248 561.
328 202 540 255 pertinere
556 204 712 243 censes?
744 202 949 243 Erexerat
969 201 1276 258 exspectatione
1295 200 1524 248 consulem;
1556 210 1613 251 et,
1633 199 1745 249 Quin

124 261 165 292 A.
179 261 218 293 C.
234 260 305 292 191.
336 259 549 312 expromis,
570 258 722 314 inquit,
744 260 844 312 quid
871 260 934 299 rei
961 260 1044 300 sit?
1082 259 1198 299 Tum
1220 258 1464 309 Quinctius:
1497 259 1661 312 Ecquid
1685 259 1744 298 vi-

129 1639 262 1679 Legatos

131 1681 265 1728 Romam

129 1729 266 1756 nuttunt.

336 317 418 364 des,
440 322 491 364 te,
513 316 668 356 devicto
688 316 902 364 Antiocho,
926 316 970 356 in
990 315 1142 356 duabus
1169 315 1330 356 urbibus
1353 315 1632 370 obpugnandis
1651 322 1745 356 tem-

328 387 410 426 pus
428 379 570 422 terere,
589 387 704 427 quum
710 372 805 426 jam
818 386 951 425 prope
969 386 1100 412 annus
1119 373 1377 413 circumactus
1395 374 1449 413 sit
1470 373 1635 426 imperii
1653 373 1715 414 tui
1722 375 1744 410 ‚2

335 430 576 483 Philippum
596 436 740 479 autem,
758 430 829 482 qui
847 443 926 468 non
947 428 1082 477 aciem,
1100 442 1180 468 non
1199 430 1317 483 signa
1338 430 1512 470 hostium
1527 431 1646 480 vidit,
1663 444 1744 471 non

335 488 456 528 solum
470 487 599 536 urbes,
611 487 680 527 sed
692 492 750 525 tot
749 485 843 538 jam
851 491 1002 538 gentes,
1017 485 1622 537 Athamaniam‚Perrl2aehiam,
1637 487 1748 541 Ape-

336 545 530 592 rantiam,
553 544 790 595 Dolopiam,
806 542 885 582 sibi
905 541 1164 596 adjunxisse?
1196 543 1326 596 Atqui
1344 557 1425 584 non
1444 551 1599 585 tantum
1621 546 1746 586 inter-

335 607 395 642 est
410 607 564 649 nostra,
579 599 814 639 AEtolorum.
834 612 927 651 opes
947 614 996 639 ac
1015 600 1120 640 vires
1141 600 1282 647 minui,
1297 607 1501 653 quantum,
1523 615 1602 641 uon
1622 616 1748 655 supra

336 659 489 698 modum
511 657 750 709 Philippum
771 670 957 706 crescere,
978 663 1016 696 et
1045 657 1227 697 victoria>
1256 662 1333 697 tuoe
1344 660 1555 709 prcemium
1581 665 1620 699 te
1640 660 1747 700 mili-

336 721 470 768 tesque
486 720 572 754 tuos
592 714 764 754 nondum
785 714 885 755 duas
904 713 1032 764 urbes,
1054 714 1296 767 Philippum
1319 720 1378 754 tot
1394 721 1550 768 gentes⁶
1572 715 1750 758 Grcecioe

334 771 494 811 habere.

395 828 595 868 XXXV.
627 827 960 869 Adsentiebatur
989 827 1054 869 his
1081 826 1247 868 consul:
1281 826 1353 868 sed
1381 827 1533 883 pudor,
1564 829 1597 870 si
1626 829 1745 872 irrito

336 884 502 940 incepto
531 884 770 925 abscederet
799 883 1028 934 obsidione,
1050 884 1325 925 obcurrebat:
1357 892 1447 925 tota
1475 884 1570 926 inde
1595 886 1748 935 Quinc-

337 940 397 982 tio
425 956 490 982 res
518 941 719 997 permissa
747 949 820 982 est.
884 942 928 982 Is
957 956 1103 982 rursus
1130 940 1185 982 ad
1214 956 1304 981 eam
1333 949 1494 996 partem
1514 942 1639 993 muri,
1661 959 1748 999 qua

337 997 480 1054 paullo
508 1006 604 1039 ante
632 997 846 1040 vociferati
877 997 1013 1039 AEtoli
1039 998 1222 1048 fuerant,
1252 997 1388 1038 rediit.
1429 996 1487 1038 ibi
1516 1014 1649 1054 quum
1683 999 1746 1040 in-

337 1054 504 1110 pensius
542 1062 723 1105 orarent,
763 1064 813 1096 ut
850 1054 1115 1096 misereretur
1152 1054 1288 1110 gentis
1336 1054 1593 1105 AEtolorum,
1633 1056 1748 1098 exire

337 1110 500 1167 aliquos
519 1111 574 1152 ad
594 1127 636 1152 se
659 1111 798 1166 jussit.
860 1111 1061 1152 Phaeneas
1081 1111 1169 1167 ipse
1188 1110 1480 1167 principesque
1500 1111 1569 1152 alii
1591 1121 1747 1154 extem-

338 1167 410 1223 plo
439 1168 590 1223 egressi
621 1175 730 1209 sunt.
761 1167 916 1224 quibus
942 1167 1174 1224 provolutis
1200 1167 1252 1208 ad
1285 1167 1426 1223 pedes,
1457 1169 1658 1220 Fortuna,
1688 1169 1749 1211 in-

339 1225 449 1280 quit,
467 1231 599 1265 vestra
603 1225 736 1279 facit,
753 1231 797 1265 ut
816 1231 855 1265 et
875 1225 952 1265 iroe
971 1238 1067 1265 meoe
1081 1231 1120 1265 et
1135 1225 1315 1265 orationi
1329 1231 1554 1278 temperem.
1595 1227 1752 1268 Evene-

337 1287 448 1332 runt,
463 1296 552 1336 quae
564 1282 746 1335 praedixi
765 1288 967 1323 eventura.
989 1289 1026 1322 et
1047 1297 1097 1321 ne
1116 1282 1188 1322 hoc
1209 1282 1365 1335 quidem
1386 1283 1537 1336 reliqui
1551 1283 1661 1325 vohis
1675 1290 1746 1333 est,

336 1344 382 1378 ut
402 1339 589 1393 indignis
609 1339 794 1380 occidisse
814 1353 863 1380 ea
882 1340 1108 1379 videantur.
1167 1340 1264 1393 Ego
1285 1344 1429 1387 tamen,
1447 1345 1554 1380 sorte
1573 1343 1748 1394 quadam

337 1395 589 1436 ⁷nutriendae
611 1395 787 1437 Graeciae
802 1398 933 1444 datus,
950 1410 1001 1436 ne
1015 1397 1193 1450 ingratis
1208 1397 1364 1449 quidem
1380 1396 1612 1450 benefacere
1625 1397 1750 1439 absis-

337 1458 434 1493 tam.
493 1454 659 1494 Mittite
677 1459 856 1494 oratores
875 1455 931 1493 ad
948 1455 1156 1502 consulem,
1179 1453 1250 1506 qui
1269 1454 1454 1494 inducias
1474 1459 1629 1494 tantum
1655 1461 1753 1496 tem-

330 1511 451 1563 poris
461 1516 624 1563 petant,
638 1517 682 1551 ut
701 1511 859 1552 mittere
877 1512 1030 1565 legatos
1049 1511 1223 1551 Romam
1234 1511 1416 1563 possitis,
1425 1524 1503 1564 per
1522 1525 1618 1565 quos
1636 1526 1752 1553 sena-

340 1568 404 1607 tui
423 1568 472 1607 de
491 1567 602 1608 vobis
613 1568 876 1621 permittatis.
916 1569 1010 1621 Ego
1028 1569 1141 1621 apud
1157 1568 1350 1608 consulem
1367 1569 1606 1621 deprecator
1620 1570 1755 1624 defen-

341 1638 484 1678 sorque
498 1625 608 1666 vobis
621 1626 759 1665 adero.
803 1626 886 1675 Ita,
900 1633 948 1666 ut
965 1632 1181 1666 censuerat
1198 1623 1432 1675 Quinctius,
1448 1625 1655 1667 fecerunt:
1678 1641 1753 1668 nec

342 1680 617 1737 adspernatus
637 1690 699 1723 est
719 1681 967 1737 legationem
989 1681 1144 1721 consul.
1175 1680 1437 1737 induciisque
1458 1681 1499 1722 in
1530 1682 1639 1723 diem
1669 1698 1755 1725 cer-

342 1745 428 1778 tam
461 1738 585 1789 datis,
621 1754 707 1794 qua
735 1738 888 1794 legatio
917 1737 1151 1778 renunciari
1181 1737 1234 1778 ab
1266 1738 1403 1778 Roma
1431 1747 1584 1794 posset,
1616 1739 1754 1781 soluta

341 1794 503 1835 obsidio
524 1803 600 1846 est,
623 1804 664 1837 et
694 1795 901 1836 exercitus
927 1795 971 1835 in
999 1794 1227 1835 Phocidem
1255 1793 1416 1835 missus.
1479 1795 1637 1836 Consul
1657 1811 1754 1838 cum

344 1851 398 1891 T.
421 1851 618 1900 Quinctio
653 1852 707 1892 ad
741 1851 976 1892 Achaicum
1011 1850 1231 1892 concilium
1264 1850 1443 1905 AEgium
1479 1852 1653 1908 trajecit.
1694 1853 1753 1895 ibi

342 1907 395 1948 de
416 1907 531 1949 Eleis
551 1916 592 1950 et
614 1907 689 1949 ded
709 1908 925 1949 exsulibus
951 1907 1363 1948 Lacedaemoniorum
1390 1908 1660 1950 restituendis
1688 1925 1755 1951 ac-

342 1972 446 2005 tum.
478 1973 519 2006 et
539 1974 689 2006 neutra
708 1965 895 2021 perfecta
913 1980 992 2015 res,
1013 1964 1136 2020 ⁸quia
1156 1979 1242 2005 suae
1268 1964 1416 2018 gratiae
1443 1966 1642 2006 reservari
1663 1982 1752 2008 eam

343 2020 508 2071 Achaei,
542 2021 636 2062 Elei
668 2037 743 2078 per
778 2037 819 2062 se
850 2021 945 2077 ipsi,
981 2037 1109 2078 quam
1143 2036 1218 2077 per
1258 2021 1484 2072 Romanos,
1517 2022 1754 2066 maluerunt

344 2078 531 2119 Achaico
551 2079 760 2120 contribui
781 2078 969 2120 concilio.
1029 2078 1300 2134 Epirotarum
1323 2077 1449 2133 legati
1470 2079 1524 2119 ad
1544 2080 1753 2121 consulem

343 2143 562 2185 venerunt,
583 2151 690 2190 quos
718 2150 800 2176 non
831 2136 990 2176 sincera
1008 2135 1091 2176 fide
1111 2135 1154 2176 in
1174 2135 1357 2176 amicitia
1375 2135 1503 2176 fuisse
1534 2135 1631 2177 satis
1660 2151 1756 2177 con-

344 2191 505 2232 stabat:
538 2191 711 2233 militem
742 2200 880 2234 tamen
909 2192 1073 2233 nullum
1102 2192 1315 2234 Antiocho
1344 2191 1556 2233 dederant.
1578 2192 1755 2248 pecunia

339 2247 498 2302 juvisse
519 2263 615 2289 eum
635 2249 1010 2296 insimulabantur3
1044 2248 1202 2305 legatos
1227 2249 1280 2289 ad
1311 2263 1449 2303 regem
1476 2264 1528 2289 ne
1554 2249 1633 2304 ipsi
1663 2249 1755 2312 qui-

345 2303 441 2345 dem
476 2304 632 2346 misisse
665 2305 969 2347 inficiabantur.
1032 2306 1092 2346 Iis
1125 2305 1379 2361 petentibus,
1416 2313 1464 2346 ut
1497 2306 1541 2345 in
1575 2305 1756 2347 amic-itia

346 2360 521 2416 pristina
549 2377 635 2403 esse
666 2362 821 2412 liceret,
842 2362 1056 2418 respondit
1086 2362 1244 2412 consul,
1266 2362 1317 2403 Se
1343 2368 1472 2402 utrum
1493 2362 1676 2412 hostium,
1699 2377 1755 2403 an

338 2424 579 2470 pacatorum
608 2433 673 2460 eos
701 2433 861 2459 numero
887 2419 1065 2469 haberet,
1085 2421 1256 2459 nondum
1284 2419 1397 2459 scire.
1456 2418 1645 2459 Senatum
1676 2419 1760 2474 ejus

345 2476 408 2515 rei
422 2474 602 2529 judicem
615 2476 733 2529 fore.
793 2477 1001 2530 Integram
1031 2490 1073 2515 se
1101 2490 1278 2516 caussam
1306 2489 1435 2514 eorum
1467 2475 1642 2516 Romam
1664 2476 1759 2532 reji-

387 2561 402 2578 0
418 2559 543 2588 nondum
559 2563 597 2587 tot
612 2559 705 2593 urbes,
721 2563 787 2599 quot
805 2558 985 2597 Philippum,
996 2565 1094 2599 gentes
1108 2565 1162 2589 etc.
1178 2556 1275 2589 Gron.
1290 2559 1379 2589 Crev.
1466 2558 1481 2581 ‘¹
1497 2560 1532 2589 «Ie
1547 2559 1608 2590 del.
1622 2559 1710 2591 Eaed.

390 2632 409 2662 7
435 2631 611 2662 Nutriemioe
635 2631 778 2671 Grrreioe]
804 2631 967 2668 Fovendae,
978 2632 1028 2673 ju·
1074 2632 1258 2663 vocabulum
1285 2641 1345 2662 non
1372 2633 1448 2663 solet
1471 2633 1609 2666 adhiberi
1634 2635 1665 2665 in
1688 2646 1758 2677 par-

348 2674 470 2705 vandae.
515 2673 587 2705 Vid.
606 2674 662 2705 IV.
679 2676 729 2705 52.
746 2679 776 2705 et
792 2675 872 2705 VII.
888 2676 919 2705 4.
1074 2675 1244 2705 titionibus.
1309 2676 1412 2706 Possis
1469 2677 1569 2717 legere
1624 2679 1756 2708 alteram.

391 2719 410 2748 8
436 2717 515 2751 Quia
549 2727 609 2747 suoe
642 2719 750 2758 gratioe
785 2719 925 2748 reservari
951 2718 1029 2758 eam]
1075 2718 1215 2748 ’Sensus
1242 2722 1306 2747 est:
1344 2719 1418 2759 quia
1445 2719 1553 2750 Achaei
1582 2721 1757 2752 maluerunt

351 2760 388 2791 Τό
402 2771 464 2790 eam
485 2760 579 2791 debet
602 2759 732 2800 intelligi
755 2760 794 2790 de
817 2770 848 2790 re
872 2760 911 2790 ad
935 2761 1030 2790 Lace·
1076 2759 1328 2791 Lacedaemonios
1362 2762 1484 2793 exsules
1518 2762 1575 2793 sibi
1615 2763 1756 2806 obligari,

350 2803 517 2833 ‹laemonios
551 2803 673 2834 exsules
707 2803 888 2845 pertinente,
916 2802 966 2833 cui
1001 2802 1030 2833 in
1074 2813 1167 2843 quam
1205 2803 1365 2840 Romanis,
1400 2805 1599 2838 restitutionis
1636 2806 1667 2838 in
1701 2816 1756 2849 pa—

350 2845 549 2887 sequentibus
576 2851 771 2889 opponuntur
798 2846 873 2878 Elei.
916 2845 977 2878 Sed
1001 2845 1030 2876 id
1075 2845 1163 2877 triam
1176 2845 1334 2878 beneficio.
