1947 3222
467 159 595 196 ΜΒ.
625 154 832 194 XXXIX(
866 157 894 192 c
914 156 997 194 ΑΡ.
1028 159 1223 198 xxx1x.
1476 168 1550 202 435

135 270 184 310 lis
205 277 244 311 et
269 268 323 318 Q.
349 267 526 309 Fulvius
547 267 722 307 Flaccus
746 265 814 316 (is,
836 264 936 320 quia
965 263 1097 306 aedilis
1127 269 1283 310 curulis
1304 270 1545 327 designatus
1562 284 1653 316 U.C.
1670 285 1744 316 568.

130 334 234 374 erat,
253 326 339 367 sine
361 334 458 380 toga
478 322 670 372 candida,
689 321 760 362 sed
783 321 963 362 maxima
979 337 1028 363 ex
1051 323 1242 365 omnibus
1263 329 1543 385 contentione)
1559 328 1598 358 Α·
1616 328 1654 359 C.
1673 329 1743 358 184.

133 384 343 438 petebant.
375 381 705 434 ‘¹³certamenque
732 379 769 418 ei
800 393 894 419 cum
925 378 1091 420 fiamine
1120 388 1220 421 erat.
1252 391 1292 422 et
1323 393 1544 441 postquam

132 439 268 495 primo
299 452 477 494 aequare,
501 448 596 477 mox
629 450 824 491 superare
855 435 978 476 etiam
1000 444 1061 477 est
1083 436 1210 487 visus,
1233 452 1328 493 pars
1359 440 1545 484 tribuno-

131 511 224 536 rum
246 495 378 553 plebis
407 508 571 549 negare,
594 493 795 534 rationem
817 493 907 548 ejus
927 492 1160 534 habendam
1182 509 1282 544 esse,
1305 496 1418 551 quod
1441 491 1545 541 duos

133 553 256 593 simul
291 566 400 592 unus
435 551 720 605 magistratuS,
752 548 981 604 praesertim
1019 550 1198 599 curules,
1229 566 1365 607 neque
1401 568 1545 609 capere

130 617 282 664 posset,
305 616 402 648 necg
422 622 587 662 gerere:
621 621 716 662 pars
744 605 908 661 legibus
929 621 1025 646 eum
1047 606 1149 647 solvi
1175 623 1345 663 aequum
1366 624 1544 662 censere,

131 674 193 715 ut,
222 679 346 721 quem
379 664 517 713 vellet,
546 672 767 720 praetorem
805 662 971 703 creandi
1006 663 1163 719 populo
1198 673 1381 719 potestas
1415 667 1543 710 fieret.

130 723 177 762 L.
202 722 375 763 Porcius
405 720 549 761 consul
584 720 720 776 primo
753 719 796 760 in
827 735 876 760 ea
907 720 1109 761 sententia
1139 736 1240 771 esse,
1272 721 1362 763 ⁴⁴ne
1398 738 1546 766 nomen

128 779 219 834 ejus
249 779 466 834 acciperet.
499 777 663 827 deinde,
684 785 733 817 ut
755 791 807 817 ex
828 776 1076 818 auctoritate
1105 786 1270 819 senatus
1301 779 1410 820 idem
1440 781 1547 822 face-

127 843 206 886 ret,
228 834 463 876 convocatis
489 833 699 883 Patribus,
722 832 916 886 ‘ffirqferre
945 848 986 875 se
1016 836 1072 875 ad
1099 849 1175 883 eos,
1197 835 1321 885 dixit,
1345 839 1451 890 qnod
1476 853 1548 880 nec

113 891 216 944 jure
234 893 331 942 ullo,
355 906 426 932 nec
455 892 631 944 exemplo
660 891 868 931 tolerabili
896 891 1035 931 Ziherae
1063 892 1226 932 civitati
1244 894 1379 934 ceditis
1397 897 1548 937 curulis

126 950 359 1004 designatus
372 955 598 1002 praeturam
612 953 785 1001 peteret,
801 947 891 997 sibi,
911 949 993 989 nisi
1008 950 1108 1002 'quid
1126 950 1244 989 alind
1258 951 1310 990 iis
1325 952 1544 1003 videretur,

127 1007 172 1046 in
192 1008 329 1047 animo
351 1021 442 1055 esse,
468 1021 488 1046 e
508 1006 594 1058 lege
612 1006 775 1045 comitia
804 1005 962 1046 hahere.
1026 1005 1167 1047 Patres
1194 1017 1458 1058 censuerunt,
1480 1011 1544 1051 uti

128 1063 179 1104 L.
206 1063 380 1104 Porcius
415 1062 559 1104 consul
593 1078 688 1103 cum
723 1061 777 1110 Q.
801 1062 954 1103 Fulvio
988 1070 1144 1117 ageret,
1177 1078 1227 1103 ne
1262 1063 1546 1119 inpedimento

127 1129 249 1171 esset,
271 1136 357 1176 quo
378 1121 515 1161 minus
536 1118 703 1159 comitia
733 1119 924 1174 praetoris
943 1119 987 1159 in
1017 1119 1154 1160 locum
1179 1120 1226 1160 C.
1251 1120 1427 1161 Decimii
1449 1123 1545 1163 sub-

128 1177 302 1233 rogandi
341 1192 364 1217 e
403 1176 493 1232 lege
532 1176 798 1216 haberentur.
869 1174 1028 1230 Agenti
1069 1176 1228 1216 consuli
1269 1192 1320 1217 ex
1362 1190 1546 1220 senatus-

129 1234 319 1275 consulto
353 1232 566 1289 respondit
599 1231 790 1282 Flaccus,
821 1232 942 1282 nihil,
974 1233 1081 1285 quod
1113 1246 1155 1273 se
1189 1234 1402 1288 indignum
1432 1242 1545 1285 esset,

112 1291 338 1344 facturum.
402 1288 548 1330 Medio
578 1303 773 1344 responso
805 1304 919 1345 spem
941 1287 1034 1329 ‘ffiad
1054 1288 1312 1331 voluntatem
1343 1290 1544 1349 interpre-

128 1347 315 1389 tantibus
345 1347 514 1395 fecerat,
536 1360 748 1387 cessurum
771 1346 948 1386 Patrum
978 1347 1219 1387 auctoritati
1245 1362 1342 1388 esse.
1406 1349 1544 1390 Comi-

128 1404 196 1446 tiis
230 1404 366 1445 acrius
401 1403 540 1453 etiam,
572 1417 700 1458 quam
735 1410 845 1452 ante,
883 1403 1066 1458 petebat,
1104 1402 1373 1454 criminando,
1405 1413 1543 1447 extor-

127 1461 248 1517 queri
284 1460 361 1501 sibi
391 1475 416 1500 a
442 1459 609 1500 consule
639 1467 678 1499 et
711 1467 855 1500 senatu
891 1459 1036 1515 populi
1066 1460 1245 1500 Romani
1281 1461 1543 1514 beneficium,

127 1526 169 1558 et
200 1517 400 1558 invidiam
430 1515 629 1572 geminati
660 1515 828 1556 honoris
860 1515 974 1563 fieri;
1008 1524 1242 1572 tamquam
1258 1532 1340 1558 non
1370 1518 1543 1574 adpare-

126 1583 206 1623 ret,
228 1573 303 1614 ubi
323 1573 565 1628 designatus
589 1580 745 1629 praetor
765 1581 884 1622 esset,
907 1573 1116 1629 extemplo
1146 1573 1344 1615 aedilitate
1365 1590 1406 1615 se
1427 1576 1544 1617 abdi-

126 1639 332 1672 naturum.
394 1629 566 1679 Consul,
597 1644 729 1685 quum
760 1637 801 1670 et
835 1629 1105 1685 pertinaciam
1138 1631 1317 1686 petentis
1347 1646 1541 1683 crescere,

126 1695 167 1728 et
193 1687 377 1728 favorem
407 1686 553 1743 populi
583 1685 715 1741 magis
745 1686 960 1742 magisque
990 1686 1032 1727 in
1063 1702 1158 1727 eum
1187 1687 1375 1729 inclinari
1406 1702 1543 1730 cerne-

126 1752 205 1795 ret,
229 1743 407 1784 dimissis
436 1742 627 1793 comitiis,
651 1750 839 1784 senatum
860 1743 1036 1784 vocavit.
1068 1752 1318 1786 censuerunt
1349 1745 1542 1800 frequen-

126 1809 202 1851 tes,
225 1802 415 1855 quoniam
434 1801 623 1841 Flaccum
654 1801 876 1840 auctoritas
895 1801 1070 1841 Patrum
1100 1800 1206 1841 nillil
1233 1803 1425 1851 movisset,
1448 1801 1544 1844 ‘fiad

117 1859 312 1911 populum
346 1872 431 1898 cum
463 1858 612 1898 Flacco
646 1858 855 1911 agendum.
919 1857 1126 1898 Concione
1160 1857 1376 1909 advocata,
1407 1874 1540 1915 quum

126 1915 276 1971 egisset
306 1914 477 1962 consul,
510 1930 562 1955 ne
591 1922 683 1955 tum
704 1913 874 1969 quidem
895 1913 948 1954 de
978 1914 1181 1956 sententia
1209 1923 1362 1965 motus,
1384 1916 1541 1971 gratias

125 1971 283 2027 populo
314 1972 504 2012 Romano
534 1970 633 2026 egit,
665 1972 772 2024 quod
804 1977 921 2011 tanto
956 1971 1100 2019 studim
1133 1973 1447 2026 quotiescumque
1475 1974 1541 2013 de-

124 2029 334 2068 clarandae
353 2029 573 2068 voluntatis
591 2034 773 2080 potestas
782 2027 910 2078 facta
932 2034 1042 2077 esset,
1060 2034 1273 2082 praetorem
1293 2044 1335 2069 se
1355 2030 1541 2070 voluisset

109 2085 273 2139 facere.
332 2086 402 2125 Ea
421 2084 497 2125 sihi
516 2085 652 2125 studia
673 2085 816 2125 civium
836 2098 992 2126 suorum
1013 2086 1227 2126 destituere
1246 2099 1326 2125 non
1349 2087 1391 2126 in
1405 2088 1541 2127 animo

125 2157 220 2183 esse.
267 2142 374 2182 Haec
393 2156 492 2182 vero
512 2149 598 2182 tam
619 2141 827 2183 obstinata
846 2156 929 2182 vox
950 2149 1116 2183 tantum
1137 2142 1174 2182 ei
1195 2142 1380 2183 favorem
1400 2158 1541 2184 accen-

126 2198 204 2249 dit,
227 2206 275 2240 ut
305 2198 420 2240 haud
441 2198 596 2239 dubius
625 2206 780 2254 praetor
807 2206 927 2248 esset,
951 2198 983 2238 si
1005 2198 1148 2239 consul
1179 2198 1362 2254 accipere
1391 2215 1539 2241 nomen

126 2255 263 2297 vellet.
326 2256 481 2310 Ingens
511 2262 719 2295 certamen
744 2255 940 2305 tribunis,
962 2262 1002 2296 et
1033 2255 1141 2296 inter
1163 2270 1204 2295 se
1233 2255 1360 2311 ipsos,
1382 2264 1422 2297 et
1444 2273 1538 2298 cum
1551 2271 1680 2302 Sublata
1695 2272 1728 2301 S.

124 2312 307 2364 consule,
329 2311 435 2354 fuit:
469 2310 599 2352 donec
620 2319 787 2353 senatus
803 2326 829 2352 a
843 2311 1011 2352 consule
1027 2320 1088 2352 est
1109 2311 1294 2362 habitus,
1309 2312 1541 2355 decretum-
1553 2315 1593 2347 C·
1607 2314 1741 2346 comitia.

721 2381 840 2419 ggzeque
856 2378 948 2409 Crev.

170 2436 455 2477 43'Cenamenque
504 2438 531 2466 ei
581 2447 648 2466 cum.
688 2436 815 2477 flamine
858 2440 888 2466 te
915 2436 949 2467 τό
962 2438 1036 2477 quod
1061 2436 1138 2466 inter
1166 2435 1227 2466 duo
1253 2436 1345 2467 verba
1371 2436 1456 2467 finita
1481 2435 1541 2467 dici

129 2478 208 2518 erat]
240 2479 319 2509 Tota
345 2479 500 2510 contentio
530 2479 709 2509 versabatur
736 2479 815 2509 inter
858 2489 958 2520 posse.
1002 2479 1034 2509 Si
1059 2479 1108 2510 cui
1133 2484 1237 2509 tamen
1258 2478 1316 2509 hoc
1341 2478 1541 2521 displicuerit,

129 2530 201 2551 eum
221 2525 252 2551 et
272 2520 439 2559 flaminem,
455 2521 582 2562 reliquis
597 2521 717 2552 duobus
732 2531 814 2552 com·
858 2521 969 2562 poterit
992 2532 1044 2563 per
1065 2521 1166 2553 levem
1191 2521 1392 2552 mutationem
1418 2522 1539 2562 legere:

129 2562 309 2605 petitoribus
337 2575 356 2595 a
382 2575 436 2606 spe
466 2564 658 2607 adipiscendi
694 2564 815 2595 honoris
860 2564 983 2605 Refierre
993 2575 1020 2595 se
1034 2567 1069 2595 de
1083 2575 1113 2594 eo
1129 2565 1203 2594 dixit
1216 2567 1300 2604 qnod.

129 2605 233 2636 statim
250 2605 387 2644 dejectis.
902 2608 943 2637 46
975 2608 1021 2637 Ad
1057 2607 1232 2637 voluntatem
1268 2605 1540 2645 interpretumtibus]

172 2649 214 2678 44
238 2647 284 2678 Ne
317 2659 418 2679 nomen
451 2652 511 2689 ejus
544 2651 702 2692 acciperet]
741 2649 816 2681 Vid.
860 2648 904 2680 Iis
932 2649 984 2690 qui
1013 2649 1045 2680 id
1074 2649 1346 2691 interpretarentur
1375 2647 1456 2688 quod
1485 2647 1543 2689 ipsi

130 2695 194 2721 not.
210 2691 262 2721 82.
279 2689 320 2720 ad
335 2689 356 2720 l.
371 2691 496 2722 XXVI.
512 2703 540 2723 c.
553 2693 604 2723 18.
860 2697 1016 2734 cuperent.

174 2733 215 2763 45
239 2732 363 2774 Referre
387 2743 415 2762 se
438 2735 477 2763 ad
496 2745 538 2765 eos
561 2736 646 2770 dixit,
669 2736 743 2775 quod
759 2757 767 2764 .
784 2755 792 2763 .
807 2755 815 2763 .
904 2736 1030 2765 47*Αιί
1057 2736 1196 2774 populum
1229 2745 1293 2763 cum
1324 2732 1427 2762 Flacco
1454 2743 1543 2773 agen-

130 2775 226 2804 oedilis
252 2776 366 2805 curulis
388 2776 556 2817 designatus
581 2784 743 2816 proeturam
767 2788 817 2816 pe-
861 2778 948 2818 dum]
978 2778 1090 2808 Coram
1114 2776 1237 2818 populo,
1263 2776 1293 2805 iu
1320 2775 1465 2804 concione
1489 2775 1545 2805 ad-

130 2817 220 2857 teret]
260 2816 412 2848 Notanda
441 2817 568 2855 locutio,
593 2819 703 2860 ‘referre
731 2821 817 2860 quod,
862 2820 1047 2850 hortandum
1063 2830 1128 2849 esse
1146 2819 1291 2849 Flaccum
1317 2823 1348 2846 ut
1373 2816 1547 2847 auctoritati

130 2865 162 2889 et
178 2860 412 2891 annumeranda
431 2859 469 2890 iis
483 2861 643 2902 exemplis,
660 2873 731 2903 quae
746 2863 818 2892 doc·
863 2868 987 2892 senatus
1003 2861 1134 2891 cederet.

131 2902 153 2932 ti
170 2902 226 2933 viri
251 2908 467 2943 congesserunt
483 2902 522 2933 ad
545 2903 738 2944 probandum
755 2914 818 2934 rec·
1065 2917 1070 2923 ·

939 2959 963 2984 F
985 2945 1006 2985 f
1023 2946 1049 2984 92
