1947 3222
571 104 691 141 ΜΓ).
723 103 958 140 xxxviii.
998 106 1131 141 cAl‘.
1163 107 1207 142 L.
1542 114 1615 147 385

191 217 356 255 nerent?
400 228 534 268 nempe
567 213 830 266 obpugnandi
859 218 991 253 erant.
1056 213 1194 262 Quid?
1237 217 1293 254 ad
1332 217 1616 271 Thermopylas
1632 221 1808 254 U.C.5o5.

190 285 354 325 aequone
373 272 456 311 loco
478 270 561 311 Μ’.
582 270 740 310 Acilius
759 283 843 309 cum
865 284 957 324 rege
977 270 1178 310 Antiocho
1194 275 1425 325 pugnavit?
1467 273 1580 323 Quid
1590 280 1611 315 ‚9
1627 263 1667 294 A·
1682 265 1718 296 C·
1735 266 1804 296 187.

189 329 427 381 Philippum
450 341 527 367 non
549 328 680 367 eodem
703 327 817 367 modo
836 341 956 380 super
975 327 1103 367 Aoum
1124 341 1276 368 anznem
1286 328 1395 384 juga
1415 338 1610 374 tenentem

189 389 378 426 montium
415 386 458 425 T.
487 383 702 432 Quinctius
729 383 900 437 dejecit?
945 386 1143 438 Equidem
1172 386 1316 434 adhuc,
1349 389 1504 440 qualem
1536 398 1608 431 aut

184 443 455 496 sz'bistngant,
477 448 548 482 aut
568 442 676 483 vobis
696 443 828 482 videri
849 443 974 483 velint
993 443 1139 483 hostem
1154 443 1308 496 fuisse,
1331 458 1411 483 non
1433 447 1604 487 invenio.

183 499 231 540 Si
249 501 475 553 degenerem
509 506 546 539 et
574 501 790 540 emollitum
818 501 1054 540 amaenitate
1078 499 1202 548 Asiae,
1226 502 1326 554 quid
1346 503 1524 553 periculi
1546 507 1607 544 vel

183 557 324 610 iniquo
347 557 432 596 loco
458 556 712 597 subeuntibus
721 557 815 611 fuit
831 561 851 595 ‚9
891 559 929 597 si
957 558 1173 597 timendum
1195 564 1233 598 et
1252 555 1430 609 feritate
1451 559 1605 600 animo-

183 627 282 662 rum,
305 620 343 653 et
371 613 513 654 robore
542 628 765 667 cotporum,
786 613 969 654 ⁷8huz'cne
993 621 1121 655 tantae
1151 616 1333 655 victoriae
1361 617 1605 669 triumphum

179 671 365 722 negatis?
400 673 519 713 Coeca
551 673 711 712 invidia
741 678 813 720 est,
845 674 995 712 Patres
1024 673 1254 725 conscripti,
1288 687 1358 713 nec
1387 675 1604 728 quidquam

175 728 295 767 aliud
323 729 411 779 scit,
440 743 557 782 quam
577 728 842 769 ⁷⁹detrectare
871 730 1052 779 virtutes,
1074 744 1331 783 conrumpere
1359 731 1526 772 honores
1556 747 1604 773 ac

167 786 345 837 praemia
372 801 522 826 earum.
555 788 667 836 mihi,
690 800 834 840 quasa,
858 788 918 828 ita
941 788 1174 840 ignoscatis,
1197 789 1348 828 Patres
1367 791 1598 842 conscripti,

174 843 212 881 si
240 843 458 897 longiorem
489 845 712 884 orationem
743 858 822 883 non
852 845 1057 897 cupiditas
1078 843 1332 899 ⁸⁰gl0riandz'
1352 847 1401 885 de
1426 861 1498 895 me,
1529 849 1602 888 sed

173 902 399 941 necessaria
420 902 629 942 criminum
654 901 832 955 def'e2nsio
845 903 969 956 fecit.
1032 901 1099 942 An
1129 903 1250 942 etiam
1273 917 1354 955 per
1380 903 1598 946 Thraciam

171 959 298 997 saltus
320 965 524 1010 patentes,
542 960 612 1012 qui
632 961 796 1013 angusti
825 965 955 1008 erant,
979 965 1017 999 et
1032 960 1163 1011 plana
1186 974 1235 999 ex
1255 960 1408 1010 arduis,
1431 968 1469 1001 et
1489 964 1597 1002 culta

171 1029 222 1054 ex
241 1016 490 1057 silvestribus
501 1016 651 1070 facere
665 1018 800 1069 potui,
822 1023 860 1057 et
873 1023 1089 1070 praestare,
1114 1017 1254 1056 necubi
1274 1018 1380 1057 notis
1400 1018 1481 1059 sihi
1499 1021 1598 1059 late-

172 1072 259 1113 bris
283 1074 560 1114 delitescerent
589 1075 766 1114 latrones
803 1074 992 1121 Thraces,
1018 1088 1068 1113 ne
1088 1075 1188 1126 quid
1206 1075 1457 1114 sarcinarum
1479 1091 1599 1129 rape-

168 1137 295 1179 retur,
327 1145 378 1171 ne
407 1132 513 1184 quod
526 1130 751 1184 jumentum
784 1145 832 1170 ex
861 1137 978 1171 tanto
1007 1132 1173 1184 agmine
1203 1131 1522 1183 abstraheretur,
1545 1148 1594 1175 ne

169 1189 259 1241 quis
279 1190 574 1237 vulneraretur,
596 1203 647 1228 ne
667 1202 715 1227 ex
735 1190 898 1229 vulnere
918 1190 982 1229 vir
984 1189 1122 1242 fortis
1146 1203 1194 1228 ac
1221 1195 1404 1229 strenuus
1432 1190 1480 1236 Q.
1503 1192 1595 1231 Mi-

168 1247 308 1287 nucius
340 1249 586 1286 moreretur?
627 1245 720 1285 81Ιη
751 1246 823 1285 lzoc
851 1259 958 1293 casu,
993 1260 1069 1299 quo
1098 1246 1140 1285 in
1164 1247 1320 1286 eliciter
1354 1247 1513 1295 incidit,
1551 1257 1594 1289 ut

166 1304 287 1343 talem
321 1304 445 1344 civem
477 1304 762 1353 amitteremus,
796 1304 961 1343 luerent.
1029 1302 1146 1349 Quod
1177 1304 1286 1343 saltu
1319 1305 1472 1358 iniquo,
1509 1306 1594 1346 loco

164 1362 312 1410 alieno,
336 1375 452 1414 quum
475 1362 642 1401 adortus
661 1361 786 1401 hostis
807 1374 876 1401 nos
895 1366 1006 1410 esset,
1024 1362 1114 1400 duae
1133 1361 1250 1400 simul
1276 1362 1382 1402 acies
1403 1364 1536 1414 primi
1555 1371 1594 1404 et

164 1420 368 1459 novissimi
389 1418 560 1472 agminis
580 1419 793 1458 lza’rentem
820 1419 877 1457 ad
903 1419 1176 1470 inpedimenta
1207 1424 1345 1458 nostra
1376 1421 1591 1461 exercitum

159 1475 422 1515 barbarorum
444 1477 784 1516 circumvenerunt
791 1497 805 1521 ‚·
833 1476 940 1528 quod
958 1476 1082 1516 multa
1105 1475 1233 1515 millia
1257 1476 1344 1528 ipso
1365 1477 1443 1524 die,
1465 1479 1587 1528 plura

163 1534 284 1573 multo
312 1540 407 1586 post
441 1534 526 1573 dies
554 1547 706 1585 paucos
735 1533 962 1572 ceciderunt
995 1538 1034 1572 et
1066 1538 1276 1585 ceperunt;
1315 1533 1400 1583 boc,
1434 1536 1472 1574 si
1504 1536 1586 1587 ipsi

159 1592 374 1639 tacuerint,
397 1604 464 1631 vos
483 1592 664 1639 scituros,
687 1604 805 1643 quum
826 1590 937 1630 testis
966 1590 1166 1630 orationis
1185 1601 1276 1630 meu:
1296 1596 1404 1630 totus
1433 1593 1583 1632 exerci-

161 1656 224 1688 tus
249 1648 317 1698 sit,
340 1662 418 1688 non
445 1649 639 1688 credunt?
676 1648 724 1689 Si
741 1647 926 1701 gladium
954 1646 995 1686 in
1024 1647 1129 1688 Asia
1157 1661 1237 1687 non
1266 1647 1527 1699 strinxissem,
1548 1651 1583 1689 si

156 1706 303 1745 hostem
325 1720 405 1745 non
426 1705 607 1746 vidissem
615 1727 630 1751 ;
663 1711 796 1745 tamen
809 1705 1048 1757 proconsuln
1066 1705 1306 1757 triumphum
1328 1706 1372 1744 in
1400 1705 1580 1747 lerocicz

155 1762 304 1804 duobus
324 1763 486 1816 proeliis
512 1776 743 1802 merueram.
803 1763 884 1803 Sed
887 1761 980 1815 jam
1003 1762 1148 1802 dictum
1170 1762 1269 1802 satis
1288 1768 1358 1802 est.
1385 1764 1483 1816 quin
1497 1778 1580 1816 pro

155 1835 213 1869 eo,
237 1822 344 1874 quod
368 1820 554 1874 pluribus
578 1819 709 1860 verbis
739 1833 819 1868 vos,
847 1834 965 1873 quam
996 1820 1115 1870 volui,
1131 1820 1341 1874 fatigavi,
1367 1821 1524 1861 veniam
1550 1836 1576 1861 a

155 1878 263 1918 vobis
274 1880 450 1931 petitam
473 1878 807 1930 impetratamque
826 1878 956 1925 velim,
978 1878 1128 1917 Patres
1147 1877 1374 1929 conscripti.

213 1934 263 1975 L.
297 1935 399 1975 Plus
429 1934 602 1975 crimina
628 1949 676 1975 eo
706 1934 788 1984 die,
811 1949 937 1989 quam
968 1933 1167 1984 defensio,
1189 1933 1432 1985 valuissent,
1453 1935 1496 1976 ni
1518 1936 1575 1976 al-

153 1992 422 2033 tercationem
462 1991 505 2031 in
541 2006 677 2031 serum
712 1990 1018 2047 perduxissent.
1059 1990 1288 2031 dimittitur
1329 2000 1496 2033 senatus
1529 1993 1574 2033 in

151 2064 200 2090 ea
219 2048 426 2104 opinione,
448 2057 496 2089 ut
523 2056 752 2103 negaturus
773 2047 1035 2103 triumphum
1056 2046 1184 2087 fuisse
1204 2046 1430 2088 videretur.
1473 2050 1574 2090 Pos-

150 2115 241 2147 tero
276 2105 344 2146 die
384 2114 425 2146 et
465 2104 631 2160 cognati
670 2104 876 2160 amicique
914 2105 990 2145 Cn.
1023 2103 1174 2144 Manlii
1209 2104 1381 2144 summis
1420 2105 1572 2161 opibus
1583 2115 1770 2158 Triumphus

148 2162 281 2203 adnisi
303 2170 415 2211 sunt,
438 2171 478 2203 et
499 2161 724 2202 auctoritas
746 2162 954 2201 seniorum
975 2160 1122 2211 valuit,
1152 2160 1410 2216 negantium,
1435 2177 1571 2203 exem·
1583 2158 1705 2189 Manlio
1721 2161 1773 2191 ‘³ss-

147 2220 266 2275 plum
293 2219 507 2275 proditum
538 2218 747 2259 memoriae
777 2233 877 2267 esse,
900 2226 949 2259 ut
972 2218 1213 2273 imperator,
1235 2216 1323 2272 qui,
1344 2218 1569 2274 perduelli-
1582 2208 1692 2233 cretus.

147 2277 227 2317 bus
277 2276 466 2326 devictis,
511 2275 699 2316 confecta
747 2274 974 2330 provincia,
1021 2274 1251 2316 exercitum
1300 2284 1565 2330 reportasset,

149 2332 234 2374 sine
255 2348 382 2374 curru
403 2342 444 2374 et
466 2332 608 2373 laurea
636 2331 827 2387 privatus
856 2331 1228 2387 inhonoratusque,
1249 2331 1397 2372 urbem
1427 2332 1562 2374 iniret.

617 2434 633 2451 ¹¹
646 2431 798 2470 proconsul
812 2429 873 2461 del.
886 2430 984 2461 Gron.
999 2430 1091 2461 Crev.

192 2517 231 2546 78
248 2516 378 2558 Hm’cne]
397 2519 512 2550 Unuse
524 2518 618 2548 MSS.
630 2515 838 2549 Gronovianis
880 2515 1038 2547 cessarias.
1083 2515 1147 2546 Eas
1169 2513 1291 2556 ignorat
1311 2515 1396 2547 Vict.
1418 2516 1514 2547 codex
1533 2522 1564 2546 et

148 2565 179 2589 et
194 2564 297 2589 noster
311 2560 394 2591 Vict.
408 2562 568 2592 Huiccine.
880 2569 960 2590 unus
974 2569 992 2590 e
1006 2558 1103 2590 MSS.
1121 2559 1263 2590 Hearnii.

193 2603 232 2632 79
258 2602 426 2634 Detrectare
462 2604 599 2644 virtutes]
647 2603 831 2633 obtrectare
919 2603 957 2632 81
983 2602 1021 2632 In
1044 2602 1094 2632 hoc
1117 2612 1185 2631 casu
1202 2625 1210 2633 .
1229 2625 1236 2632 .
1253 2625 1261 2632 .
1278 2625 1286 2632 .
1301 2602 1423 2642 hareni]
1450 2601 1489 2631 In
1502 2601 1562 2631 hoc

151 2644 325 2680 virtutibus,
341 2645 478 2676 debitam
500 2646 560 2678 illis
582 2646 743 2677 detrahere
764 2646 832 2676 lau·
876 2644 1054 2680 infortunio,
1084 2644 1173 2685 cujus
1199 2645 1322 2686 culpam
1353 2654 1444 2675 casus
1473 2644 1563 2674 susti-

150 2687 242 2717 dem:
267 2688 524 2728 quemadmodum
537 2689 660 2731 supral.
672 2689 834 2720 XXXIV.
877 2693 941 2724 net,
957 2687 1173 2729 exaggerando
1194 2687 1295 2717 verbis
1312 2687 1447 2717 haerent:
1472 2686 1503 2716 in
1525 2696 1563 2717 ea

147 2740 175 2761 c.
188 2730 236 2760 15.
250 2730 332 2766 Cato,
349 2731 426 2761 haud
442 2742 508 2762 sane
521 2734 694 2763 detrectator
710 2733 833 2762 lamium
877 2741 909 2761 re
935 2731 1025 2761 multi
1051 2736 1132 2761 sunt.
1191 2730 1236 2760 At
1262 2729 1368 2760 sedulo
1393 2734 1498 2759 tacent
1526 2739 1564 2759 ea

147 2783 280 2803 suarum.
877 2784 946 2814 quae
961 2773 1037 2804 mihi
1059 2773 1092 2803 in
1113 2773 1172 2802 hoc
1192 2772 1258 2813 ipso
1273 2771 1378 2813 praelio
1395 2771 1480 2802 laudi
1496 2771 1562 2802 dari

189 2816 230 2845 80
255 2815 413 2846 Gloriandi
440 2817 475 2846 de
497 2817 556 2857 me]
591 2818 681 2849 Duas
707 2817 833 2848 ultimas
877 2816 1000 2846 debent.
1057 2817 1181 2846 Frustra
1209 2820 1324 2851 tamen,
1353 2824 1448 2855 quum
1476 2814 1563 2845 testis

148 2868 237 2889 voces
260 2858 380 2889 addidit
402 2858 561 2895 Gelenius,
576 2859 660 2891 haud
683 2870 756 2891 sane
779 2869 831 2891 ne·
878 2859 958 2889 adsit
973 2857 1072 2889 omnis
1086 2857 1250 2888 exercitus

206 2915 298 2942 vol„
323 2915 391 2942 111.
929 2915 950 2940 C
973 2916 994 2941 C
