1947 3222
163 229 205 260 U.

170 271 192 302 a

381 107 454 147 126
901 104 1040 144 TITI
1080 103 1254 143 LIVII

222 230 288 259 05
269 229 344 260 55.6
377 215 462 257 ¹⁰0.
487 215 674 257 Licinius
697 214 902 256 Lucullus
929 214 1138 265 nibunus,
1161 215 1234 270 qui
1265 213 1398 268 legem
1419 211 1472 253 de
1501 213 1686 254 creandis
1718 213 1782 254 his

163 294 173 302 ⁴
197 272 282 303 ·C·¹
271 272 341 302 ¹·96
374 272 542 322 tulerat,
579 274 627 313 P.
655 271 856 321 Manlius,
889 279 931 312 et
967 272 1015 311 P.
1041 271 1231 311 Porciusy
1262 271 1399 311 Laeca.
1435 268 1500 309 his
1539 269 1781 319 triumviris,

372 328 472 370 item
501 337 550 371 ut
579 328 859 384 pontificibus,
891 327 981 382 lege
1011 327 1157 368 datum
1191 335 1299 382 togae
1330 334 1547 382 praetextae
1580 325 1783 367 habendae

365 385 450 440 jus.
512 386 594 426 Sed
622 400 821 440 magnum
849 391 1055 425 certamen
1086 399 1179 424 cum
1210 383 1402 424 omnibus
1433 382 1715 423 sacerdotlbus
1735 398 1783 423 eo

371 456 480 483 anno
517 442 599 483 fuit
635 440 916 504 quaestoribus
955 440 1139 489 urbanis,
1177 441 1225 489 Q.
1258 439 1390 480 Fabio
1431 439 1616 479 Labeoni
1653 447 1694 480 et
1730 439 1782 479 L.

371 498 559 539 Aurelio.
614 496 798 539 Pecunia
816 511 923 552 opus
943 503 1046 546 erat,
1063 496 1179 552 quod
1200 496 1233 523 ¹⁷
1245 496 1435 537 ultimam
1456 495 1693 558 pensionem
1714 511 1784 558 pe-

371 555 504 596 cuniae
548 554 591 595 in
635 553 793 594 bellum
842 552 1015 593 conlatae
1063 552 1296 615 persolvere
1338 552 1552 608 placuerat
1596 551 1782 608 pr.ivatis

157 614 354 647 Tributuma
373 612 610 660 Quaestores
629 610 682 650 ab
712 609 945 665 auguribus
973 608 1358 665 pontific1busque²‚
1380 608 1496 664 quod
1528 608 1783 671 stipendium

159 658 322 689 sacerdoti-

159 700 216 730 bus
228 701 308 732 solu-

158 747 222 774 tum
227 766 236 775 .

155 1129 300 1161 Comitia.

370 682 444 722 per
473 666 629 708 bellum
661 681 743 706 non
768 644 1058 714 contulissent,
1079 666 1289 720 petebant.
1320 666 1373 706 ab
1407 665 1691 706 sacerdotibus
1712 665 1783 706 tri-

369 723 471 764 buni
498 723 783 779 nequidquam
813 721 1025 778 adpellati,
1047 736 1316 776 omniumque
1345 736 1562 771 annorum,
1583 737 1658 777 per
1678 737 1784 777 quos

369 794 451 820 non
477 779 693 829 dederant,
715 787 908 842 exactum
929 785 1002 819 est.
1063 778 1227 818 Eodem
1256 793 1364 818 anno
1384 778 1470 818 duo
1498 778 1652 819 mortui
1681 793 1784 834 pon-

369 836 514 887 tifices,
554 836 736 892 novique
775 835 818 876 in
859 850 1003 876 eorum
1041 834 1179 875 locum
1223 834 1417 881 subfecti,
1459 835 1523 874 Μ.
1555 835 1783 875 Marcellus

368 893 512 934 consul
540 893 585 934 in
614 893 750 934 locum
773 893 820 933 C.
846 890 1076 948 Sempronii
1095 890 1316 956 Tuditani,
1338 889 1412 946 qui
1442 898 1597 945 praetor
1616 891 1657 931 in
1681 891 1784 932 His-

368 949 492 1004 pania
520 950 772 991 decesserat:
806 957 847 990 et
879 949 929 989 L.
956 947 1144 989 Valerius
1174 949 1218 989 in
1247 947 1384 988 locum
1413 947 1477 987 Μ.
1501 947 1682 988 Cornelii
1705 949 1782 988 Ce-

367 1005 496 1061 thegi.
557 1008 617 1047 Et
648 1007 696 1056 Q.
721 1006 880 1046 Fabius
908 1004 1124 1046 Maximus
1153 1019 1290 1060 augur
1324 1012 1516 1045 mortuus
1548 1011 1609 1044 est
1641 1004 1782 1045 admo-

367 1061 469 1103 dum
509 1062 758 1112 adolescens,
799 1062 1046 1118 priusquam
1085 1039 1235 1102 ullum&
1259 1060 1549 1116 magistratum
1590 1069 1778 1116 caperet:

367 1133 442 1159 nec
471 1135 519 1160 eo
546 1135 653 1160 anno
683 1134 819 1175 augur
847 1119 889 1160 in
920 1134 1011 1174 ejus
1045 1118 1182 1158 locum
1217 1126 1278 1158 est
1313 1117 1540 1158 subfectus.
1602 1117 1783 1159 Comitia

365 1175 463 1217 inde
493 1176 724 1217 consularia
737 1154 896 1216 habita
915 1191 941 1216 a
962 1176 1024 1215 M.
1049 1174 1250 1216 Marcello
1270 1173 1449 1215 consule.
1481 1173 1606 1215 creati
1636 1189 1782 1215 consu-

364 1231 424 1273 les
455 1233 506 1273 L.
531 1233 720 1274 Valerius
751 1232 941 1282 Flaccus,
974 1232 1038 1272 M.
1062 1231 1236 1272 Porcius
1265 1232 1382 1272 Cato.
1443 1231 1650 1271 Praetores
1684 1230 1782 1271 inde

365 1288 465 1330 facti
489 1291 537 1330 C.
561 1289 779 1331 Fabricius
802 1288 1026 1339 Luscinus,
1050 1289 1098 1329 C.
1116 1288 1289 1329 Atinius
1312 1288 1469 1336 Labeo,
1494 1289 1570 1328 Cn.
1594 1287 1781 1328 Manlius

365 1346 511 1395 Vulso,
544 1347 629 1402 Ap.
654 1345 857 1387 Claudius
892 1346 1019 1395 Nero,
1057 1346 1105 1385 P.
1129 1344 1329 1392 Manlius,
1360 1345 1407 1384 P.
1432 1343 1605 1384 Porcius
1641 1344 1777 1385 Laeca.

364 1402 527 1444 AEdiles
557 1403 736 1452 curules,
755 1403 818 1442 Μ.
842 1401 1018 1443 Fulvius
1040 1401 1231 1464 Nobilior
1258 1409 1299 1442 et
1323 1402 1370 1442 C.
1394 1400 1639 1450 Flaminius,
1662 1400 1779 1442 1‘³tri-

364 1458 434 1499 tici
465 1459 599 1500 decies
628 1467 796 1500 centum
826 1459 956 1499 millia
989 1457 1097 1499 binis
1133 1457 1225 1499 aeris
1258 1456 1417 1521 populo
1446 1456 1701 1499 diviserunt:
1734 1457 1779 1498 id

365 1516 412 1555 C.
438 1515 631 1556 Flaminii
660 1515 829 1556 honoris
857 1530 1002 1556 caussa
1028 1513 1178 1594 ipsius,
1213 1513 1246 1538 ¹9
1261 1513 1490 1577 patrisque,
1524 1513 1778 1555 advexerant

365 1572 493 1613 Siculi
525 1573 714 1613 Romam.
776 1570 1062 1613 Flaminius⁹⁰
1073 1570 1250 1626 gratiam
1282 1585 1373 1625 ejus
1402 1570 1777 1612 communicaverat

362 1644 457 1669 cum
487 1629 656 1683 collega.
717 1628 832 1669 Ludi
863 1627 1041 1669 Romani
1067 1636 1108 1669 et
1134 1627 1323 1683 adparati
1354 1626 1571 1681 magnifice
1601 1634 1713 1676 sunt,
1734 1635 1777 1668 et

362 1693 425 1726 ter
461 1686 538 1726 toti
577 1685 810 1726 instaurati.
872 1683 1036 1725 AEdiles
1075 1684 1222 1740 plebis,
1255 1685 1331 1724 Cn.
1364 1682 1577 1723 Domitius
1607 1658 1775 1724 Aheno-

401 1804 419 1829 Y
436 1800 593 1837 Lucullus,
611 1800 647 1829 P.
666 1799 799 1829 Manlius
817 1811 843 1839 q.
860 1799 880 1829 l.
895 1801 925 1830 d.
947 1810 974 1829 c.
990 1799 1019 1829 h.
1043 1805 1063 1829 t.
1087 1805 1113 1830 et
1133 1799 1168 1830 P.
1185 1799 1308 1829 Porcius
1328 1797 1428 1828 Laeca.
1443 1796 1540 1828 Gron.
1587 1797 1625 1828 P.
1641 1796 1776 1827 Manlius

358 1843 419 1874 del.
435 1844 527 1874 Crev.
613 1847 632 1864 2
643 1842 827 1882 pontficibus
841 1843 935 1873 Gron.
953 1844 1042 1874 Crev.

1132 1951 1168 1981 17
1196 1949 1337 1981 Πὶἰὶηιανη
1375 1951 1535 1990 pensionem
1572 1950 1703 1988 pecuuiae
1739 1951 1772 1980 in

1085 1994 1189 2024 bellum
1224 1993 1350 2032 collatae]
1398 1992 1542 2023 Pecuniae
1581 1991 1613 2022 in
1653 1991 1769 2022 bellum

1086 2036 1238 2067 Punicum
1282 2035 1403 2066 collatae
1442 2046 1460 2065 a
1503 2034 1640 2076 privatis.
1693 2034 1768 2066 Vid.

356 1953 533 1993 crficiomun
591 1952 809 1982 multitudinem
863 1958 919 1982 tres
968 1954 1043 1983 viros

355 1997 488 2034 epulones
531 2006 586 2026 esse
624 1995 791 2029 voluerunt,
827 2006 916 2034 quum
952 2001 1042 2025 essent

355 2040 410 2077 ipsi
438 2051 456 2068 ιι
486 2037 598 2073 Numa,
624 2044 659 2067 ut
686 2039 772 2067 ctiam
798 2038 875 2068 illud
905 2039 1041 2068 ludorum

355 2082 473 2120 epulare
509 2081 686 2121 sacrificium
719 2080 870 2121 facerent,
902 2081 1041 2111 instituti.

355 2125 468 2155 Postea
502 2133 629 2154 numero
657 2128 773 2164 septem
808 2122 909 2153 suere:
947 2134 1038 2165 quem

355 2177 516 2197 numerum
532 2177 594 2197 non
608 2166 773 2197 excessisse
786 2175 838 2196 eos
852 2166 956 2207 colligi
971 2171 1038 2208 pot-

353 2215 399 2240 est
422 2220 458 2241 ex
476 2209 591 2247 Gellio,
608 2209 629 2239 l.
646 2209 674 2239 Ι.
689 2218 716 2239 c.
736 2209 784 2238 12.
808 2213 840 2239 et
861 2208 971 2245 Plinio,
987 2220 1038 2252 ep.

356 2253 405 2283 ll.
422 2253 442 2283 l.
460 2253 507 2283 Π.

397 2296 437 2326 16
468 2296 503 2326 C.
526 2295 660 2325 Licinius
700 2294 846 2324 Lucullus
887 2293 1036 2336 tribunus]

353 2338 523 2369 IIabebant
554 2337 628 2368 olim
665 2337 729 2367 cusi
760 2339 797 2368 G.
812 2337 945 2367 Licinius
972 2337 1035 2367 Lu-

350 2382 457 2416 cullus,
496 2381 528 2411 T.
553 2380 731 2410 Romuleius.
777 2379 838 2410 Sed
873 2380 1036 2410 observant

352 2423 515 2455 Rubenius
529 2428 560 2453 et
576 2422 750 2453 Gronovius
766 2432 901 2464 pcrsaepe
920 2422 950 2452 in
965 2423 1034 2463 qui-

350 2467 481 2498 busdam
497 2464 665 2501 codicibus,
678 2465 745 2496 loco
760 2466 812 2497 τοῦ
825 2467 960 2495 tribunus
973 2467 1033 2504 ple-

349 2512 400 2545 bis,
438 2509 499 2548 legi
539 2508 768 2538 T.R0n1111‹›1·us.
814 2509 924 2549 Itaque
959 2508 1034 2538 nihil

348 2552 558 2583 dubitavimus
597 2561 743 2591 reponere
785 2551 814 2581 in
855 2555 1033 2582 contextum

349 2597 494 2625 tribunus.
538 2594 582 2624 At
615 2593 657 2623 sic
688 2593 772 2624 deest
801 2603 911 2623 nomen
942 2593 1033 2624 unius

348 2636 510 2672 triumviri,
532 2645 623 2676 quem
646 2641 726 2666 recte
750 2635 891 2675 Sigonius
910 2635 1033 2676 judicat

349 2692 385 2711 ex
412 2691 440 2711 c.
466 2681 518 2710 42.
543 2679 564 2709 l.
587 2678 655 2709 XL.
683 2678 774 2708 fuisse
802 2679 838 2708 l’.
865 2678 1031 2709 Manlium.

351 2725 417 2753 lloc
450 2723 541 2763 igitur
573 2721 663 2751 modo
691 2720 839 2761 legendus
868 2720 917 2751 hic
945 2721 1029 2751 locus

348 2766 486 2796 videtur:
532 2766 567 2796 C.
588 2765 720 2794 Licinius
758 2763 902 2793 Lucullus
934 2765 1028 2793 tribu-

348 2819 414 2843 uus,
436 2810 485 2847 qui
514 2809 601 2848 legem
624 2809 659 2837 de
685 2808 727 2836 his
750 2807 882 2836 creandis
908 2808 1027 2842 tulerat,

349 2851 386 2881 Ρ.
405 2851 546 2885 Manlius,
561 2858 585 2880 et
606 2850 640 2882 Ρ.
660 2850 778 2880 Porcius
798 2848 892 2881 [που.

1084 2080 1209 2110 XXVI.
1223 2079 1276 2109 36.
1293 2079 1416 2108 XXIX.
1434 2079 1483 2109 16.
1498 2078 1621 2108 XXXI.
1639 2078 1689 2109 13.

1130 2123 1167 2152 18
1193 2121 1297 2151 Tritici
1320 2122 1410 2152 decies
1435 2127 1550 2151 centum
1575 2121 1669 2150 millia
1695 2120 1769 2151 binis

1082 2165 1162 2206 atris]
1188 2164 1302 2195 Decies
1326 2168 1451 2194 centum
1473 2162 1570 2194 millia
1595 2163 1767 2193 modiorum

1083 2207 1172 2238 tritici
1197 2206 1278 2238 binis
1306 2206 1425 2238 assibus
1449 2205 1481 2236 iu
1509 2204 1626 2236 modios
1653 2205 1767 2248 populo

1082 2250 1261 2282 diviserunt.
1305 2250 1400 2280 Porro
1421 2248 1523 2279 decies
1545 2253 1668 2278 centum
1694 2248 1766 2278 mil-

1081 2294 1123 2324 lia
1137 2291 1308 2324 modiorum
1325 2293 1537 2323 Romanorum
1556 2289 1694 2321 efficiunt
1708 2301 1767 2321 cu·-

1080 2336 1154 2368 citer
1189 2335 1306 2366 modios
1341 2339 1489 2365 nostrates
1524 2333 1660 2363 770833.
1698 2332 1762 2363 sive

1081 2379 1174 2421 paulo
1190 2378 1259 2419 plus
1271 2379 1386 2408 64236.
1400 2376 1556 2407 sextarios.
1593 2375 1664 2405 Bini
1681 2386 1765 2406 asses

1078 2428 1149 2452 sunt
1171 2426 1282 2452 octava
1304 2430 1380 2467 pars
1396 2418 1524 2453 denarii.
1549 2417 1676 2449 dimidia
1701 2428 1764 2450 scs-

1079 2464 1172 2502 tertii,
1186 2463 1249 2494 sive
1266 2462 1382 2504 argenti
1394 2472 1491 2503 grana
1503 2463 1536 2492 9.

1123 2509 1189 2538 19·
1202 2506 1368 2546 Patrisque]
1399 2505 1437 2535 C.
1453 2503 1623 2535 Flaminius
1645 2503 1761 2545 primus

1077 2550 1117 2580 ad
1148 2549 1313 2590 regendam
1345 2547 1483 2579 Siciliam
1509 2553 1618 2589 praetor
1651 2556 1761 2577 missus

1076 2593 1141 2623 fue}
1143 2598 1185 2627 at
1203 2602 1284 2622 anno
1298 2601 1329 2621 u.
1343 2601 1372 2622 0.
1386 2590 1460 2621 525.

1117 2637 1158 2666 20
1168 2636 1185 2654 *
1196 2634 1331 2665 Gratiam
1344 2636 1406 2671 ejus
1417 2633 1675 2662 communicaverat
1690 2643 1758 2662 cum

1074 2678 1199 2725 collega]
1225 2678 1296 2707 Non
1311 2675 1369 2706 sibi
1391 2674 1531 2715 privatim
1551 2679 1758 2705 reservaverat

1074 2720 1182 2761 hujus
1175 2731 1206 2750 111
1221 2719 1368 2767 populum
1381 2718 1559 2749 Romanum
1571 2716 1670 2747 meriti
1686 2726 1755 2757 gra-

1073 2763 1157 2798 tiam,
1173 2762 1227 2793 sed
1250 2762 1281 2793 in
1305 2766 1420 2804 partem
1437 2760 1506 2802 ejus
1527 2760 1677 2801 collegam
1700 2758 1754 2790 ad-

1072 2805 1205 2837 miserat.
