1947 3222
491 152 617 190 ΜΒ.
657 148 895 188 xxxvm.
942 149 1078 187 CAP.
1108 152 1239 189 xL11.
1499 158 1573 197 377

154 262 233 303 bus
263 261 317 303 ad
352 261 619 317 magistratus
654 257 943 315 subrogandos
973 259 1152 299 Romam
1183 259 1312 310 venit,
1343 260 1459 302 nulla
1489 277 1571 304 me-
1588 273 1765 307 U.C.564.

156 319 347 359 morabili
368 319 410 359 in
430 316 641 375 provincia
661 330 706 357 re
727 323 859 371 gesta,
885 323 930 357 ut
952 330 1001 356 ea
1030 315 1259 371 probabilis
1280 331 1406 358 morae
1427 317 1625 361 caussaA·
1640 318 1764 350 0188.

156 385 277 425 esset,
299 375 414 431 quod
444 373 564 414 solito
591 373 722 414 serius
742 372 797 414 ad
827 371 995 414 comitia
1014 372 1205 413 venisset.
1268 373 1449 415 Comitia
1478 391 1572 417 con-
1585 387 1730 418 Comitia.

156 432 316 473 salibus
345 430 540 487 rogandis
569 429 743 472 fuerunt
773 438 869 471 ante
899 429 1009 471 diem
1041 428 1337 470 duodecimum
1361 431 1572 474 Kalendas

158 489 346 530 Martias.
378 487 503 528 creati
537 488 599 527 M.
624 486 825 528 AEmilius
856 487 1063 542 Lepidus,
1094 487 1142 527 C.
1165 485 1411 528 Flaminius.
1473 490 1574 531 Pos-

144 548 245 586 ‘tero
273 545 339 584 die
373 551 573 600 praetores
601 543 703 585 facti
738 545 824 600 Ap.
849 543 1054 585 Claudius
1090 542 1286 593 Pulcher,
1326 544 1411 584 Ser.
1437 545 1575 601 Sulpi-

155 603 243 642 cius
260 601 411 651 Galba,
435 601 484 651 Q.
505 601 732 642 Terentius
750 600 913 651 Culleo,
934 599 967 624 4³
982 601 1033 641 L.
1053 600 1281 641 Terentius
1304 599 1574 653 Massiliota⁰‚

156 659 204 708 Q.
229 657 408 698 Fulvius
431 657 622 708 Flaccus,
645 659 709 698 M.
734 657 891 698 Furius
913 657 1139 713 Crassipes.
1202 657 1394 700 Comitiis
1417 658 1576 714 perfec-

153 714 220 764 tis,
242 729 346 770 quas
367 714 600 770 provincias
620 715 874 771 praetoribus
894 729 980 756 esse
1001 714 1199 770 placeret,
1220 715 1366 757 retulit
1387 715 1442 756 ad
1463 731 1577 757 sena-

152 779 243 812 tum
275 771 431 813 consul.
463 771 736 813 decreverunt
759 771 865 812 duas
887 772 1051 821 Romae,
1067 770 1179 827 juris
1199 771 1373 813 dicundi
1404 787 1575 822 caussa;

151 827 258 868 duas
287 837 407 870 extra
439 828 622 879 Italiam,
648 828 828 870 Siciliam
857 837 897 871 et
932 828 1192 877 Sardiniam3
1225 828 1332 870 duas
1361 830 1403 870 in
1437 829 1577 881 Italia,

155 885 390 926 Tarentum
422 894 463 927 et
486 885 681 927 Galliam.
714 894 755 927 et
785 885 1011 941 extemplo,
1032 886 1280 941 priusquam
1310 886 1463 927 inirent
1493 902 1579 928 ma-

153 940 394 996 gistratum,
417 942 554 984 sortiri
578 942 699 999 jussi.
762 943 848 984 Ser.
874 942 1086 999 Sulpicius
1107 943 1326 993 urbanam,
1350 944 1399 994 Q.
1419 943 1579 985 Teren-

153 997 237 1039 tius
257 1000 519 1055 peregrinam
536 1008 597 1041 est
619 1000 804 1041 sortitus.
867 999 919 1040 L.
939 999 1166 1040 Terentius
1190 999 1387 1050 Siciliam,
1407 1001 1456 1050 Q.
1476 1001 1579 1042 Ful-

151 1055 246 1096 vius
281 1056 530 1107 Sardiniam,
562 1058 647 1112 Ap.
673 1056 878 1098 Claudius
910 1057 1161 1105 Tarentum,
1199 1056 1262 1096 M.
1287 1057 1444 1098 Furius
1477 1058 1578 1099 Gal-

152 1111 261 1152 liam.
323 1114 390 1154 Eo
411 1128 519 1154 anno
541 1113 592 1153 L.
617 1113 835 1154 Minucius
858 1112 1065 1168 Myrtilus
1092 1120 1133 1153 et
1156 1112 1207 1153 L.
1231 1113 1436 1164 BIanlius,
1459 1115 1575 1170 quod
1589 1127 1652 1165 Qui
1667 1128 1772 1169 pulsa-

151 1168 310 1224 lcgatos
333 1169 702 1225 Karthaginienses
728 1169 915 1225 pulsasse
935 1169 1197 1219 dicebantur,
1213 1170 1338 1226 jussu
1361 1171 1424 1211 M.
1449 1171 1575 1212 Clau-
1586 1177 1655 1202 rant
1666 1172 1783 1203 Poenos

151 1225 210 1266 dii
240 1226 432 1282 praetoris
464 1226 579 1268 urbis
608 1242 682 1283 per
708 1227 874 1268 feciales
904 1226 1049 1269 traditi
1080 1235 1178 1267 sunt
1208 1227 1371 1282 legatis,
1393 1236 1434 1269 et
1467 1229 1574 1270 Kar·
1586 1213 1788 1287 {figiatosffira-

151 1283 363 1338 thaginem
399 1284 546 1326 avecti.
610 1285 662 1325 In
695 1283 928 1340 Liguribus
962 1283 1104 1339 magni
1140 1284 1254 1335 belli,
1285 1293 1327 1326 et
1361 1284 1573 1340 gliscentis
1587 1301 1625 1330 U.
1639 1301 1678 1331 C
1693 1302 1770 1333 565.

150 1338 192 1380 in
223 1340 311 1381 dies
340 1341 488 1396 magis,
510 1341 623 1382 fama
651 1350 753 1383 erat.
783 1341 928 1397 itaque
957 1340 1198 1382 consulibus
1229 1341 1362 1392 novis,
1384 1358 1470 1398 quo
1504 1343 1572 1384 die
1585 1343 1768 1395 A.C.¹18-7.

149 1397 203 1437 de
232 1397 457 1453 provinciis
487 1406 528 1439 et
559 1398 611 1439 de
641 1397 857 1454 republica
886 1398 1137 1448 retulerunt,
1164 1407 1331 1440 senatus
1361 1399 1572 1456 utrisquex
1586 1387 1791 1462 {IFffiffikss

151 1453 334 1509 Ligures
365 1454 620 1509 provinciam
651 1454 847 1496 decrevit.
909 1455 1025 1496 Huic
1057 1455 1416 1497 senatusconsulto
1447 1457 1573 1513 Lepi-
1587 1451 1677 1503 Coss.

150 1510 230 1551 dus
260 1511 405 1552 consul
434 1510 733 1562 intercedebat,
763 1513 983 1566 Indignum
1014 1525 1094 1553 esse
1122 1512 1369 1568 praedicans,
1397 1516 1572 1556 consules
1585 1514 1717 1564 Ligu'res.

150 1567 283 1608 ambos
312 1569 355 1608 in
384 1569 507 1609 valles
530 1569 726 1623 Ligurum
756 1570 925 1612 includi.
985 1569 1049 1610 Μ
1074 1569 1259 1610 Fulvium
1282 1577 1320 1610 et
1345 1571 1418 1611 Cu.
1439 1571 1569 1612 Man-
1583 1568 1742 1633 {3¹:33⁸OE

148 1625 245 1664 lium
266 1624 464 1665 biennium
472 1624 581 1679 jam,
603 1628 774 1667 alterum
796 1628 840 1667 in
860 1628 1048 1680 Europa,
1071 1628 1238 1668 alterum
1260 1628 1304 1667 in
1326 1628 1443 1676 Asia,
1467 1630 1573 1670 velut

140 1695 223 1734 pro
244 1683 443 1736 Philippo
463 1689 584 1737 atque
605 1684 804 1725 Antiocho
822 1684 1066 1733 substitutos,
1089 1699 1273 1738 regnare.
1309 1685 1357 1726 Si
1375 1687 1574 1728 exercitus

151 1739 197 1778 in
225 1739 290 1780 his
318 1741 440 1781 terris
461 1755 542 1781 esse
561 1742 742 1794 placeat,
765 1743 941 1782 consules
967 1742 1020 1782 iis
1049 1743 1202 1794 potius,
1224 1756 1342 1795 quam
1365 1744 1570 1796 privatos,

142 1810 319 1849 praeesse
337 1804 534 1850 oportere.
601 1798 761 1853 Vagari
789 1813 854 1840 eos
873 1813 957 1839 cum
979 1799 1076 1839 belli
1094 1805 1251 1839 terrore
1272 1814 1353 1852 per
1371 1801 1570 1851 nationes,

148 1853 288 1907 quihus
306 1854 446 1895 bellum
476 1855 670 1896 indictum
691 1870 771 1896 non
791 1857 856 1905 sit,
872 1870 1016 1910 pacem
1038 1857 1178 1909 pretio
1197 1858 1466 1898 venditantes.
1525 1859 1574 1900 Si

147 1925 217 1951 eas
230 1913 469 1963 provincias
488 1913 727 1954 exercitibus
747 1913 927 1954 obtinere
945 1928 1045 1967 opus
1065 1920 1161 1954 esset
1167 1936 1182 1960 ;
1210 1913 1352 1955 ‘²4sicut
1372 1915 1431 1956 M
1431 1916 1456 1956 '.
1474 1916 1573 1957 Aci-

146 1969 204 2007 lio
223 1969 276 2008 L.
299 1969 435 2022 Scipio
463 1971 611 2018 consul,
632 1970 688 2011 L.
712 1970 923 2023 Scipioniy
944 1971 1010 2011 M.
1034 1971 1201 2012 Fulvius
1224 1978 1262 2011 et
1286 1972 1357 2012 Cn.
1384 1973 1571 2014 Manlius

146 2027 415 2067 successissent
444 2027 619 2068 consules
624 2049 640 2073 ‚·
674 2028 733 2068 ita
754 2028 899 2068 Fulvio
920 2027 1165 2082 Manlioque
1187 2029 1231 2069 C.
1255 2029 1420 2070 Livium
1443 2036 1481 2069 et
1502 2029 1567 2070 M.

155 2082 356 2123 Valerium
371 2084 546 2125 consules
562 2084 740 2125 debuisse
755 2086 971 2126 succedere.
994 2099 1099 2125 nunc
1114 2091 1230 2133 certe,
1246 2086 1429 2140 perfecto
1445 2087 1569 2127 AEto-

147 2140 225 2179 lico
237 2139 352 2188 bello,
367 2146 528 2194 recepta
544 2141 595 2181 cib
607 2141 808 2182 Antiocho
823 2142 940 2192 Asia,
957 2142 1123 2182 devictis
1140 2142 1292 2193 Gallis,
1307 2150 1378 2183 aut
1393 2146 1570 2185 consules

146 2198 204 2237 ad
221 2199 418 2240 exercitus
431 2199 659 2239 consulares
673 2201 796 2250 mitti,
813 2205 884 2240 aut
899 2200 1106 2253 reportari
1117 2200 1293 2255 legiones
1309 2201 1418 2252 inde,
1432 2203 1570 2242 reddi-

192 2299 207 2317 ¹²
222 2297 398 2327 Massaliota
413 2297 510 2328 Gron.
525 2297 631 2328 Massa
648 2298 741 2330 Crev.
836 2301 854 2319 x
865 2300 982 2340 utrique
998 2299 1096 2330 Gron.
1113 2299 1204 2331 Crev-

1304 2303 1321 2329 Υ
1337 2299 1374 2331 L.
1391 2301 1485 2341 Scipio
1500 2312 1567 2332 con-

150 2340 206 2374 sul,
223 2339 261 2370 L.
274 2340 403 2380 Scipioni
416 2340 438 2371 l.
453 2340 491 2372 L.
507 2341 634 2381 Scipioni
648 2342 810 2372 consulibus
825 2341 917 2373 Eaed.

195 2432 235 2463 43
258 2433 295 2464 L.
314 2434 466 2466 Terentius
494 2436 616 2476 Massa]
656 2435 837 2476 Cognomen
880 2435 930 2466 hic
952 2435 984 2466 in
998 2435 1087 2473 Asia,
1103 2435 1156 2467 ille
1172 2435 1203 2466 in
1220 2437 1353 2468 AEtolia.
1398 2438 1459 2470 Sed
1474 2439 1568 2470 Man.

153 2473 244 2514 hujus
267 2477 402 2516 praetoris
422 2478 535 2520 legitur
558 2479 614 2510 hoc
634 2479 701 2509 loco
722 2478 755 2509 in
771 2479 836 2510 edi·
880 2477 984 2509 Acilio
1000 2479 1037 2509 L.
1050 2480 1165 2526 Scipio,
1181 2480 1218 2509 L.
1235 2480 1371 2521 Scipioni
1394 2482 1455 2512 Cn.
1471 2483 1566 2512 Man-

154 2517 194 2546 tis
216 2518 407 2550 Massaliota.-
430 2521 462 2551 in
483 2521 567 2552 Vict.
590 2521 694 2553 codice
717 2521 837 2552 Nasica.

156 2560 364 2601 Reposuimus
384 2565 497 2599 Massa,
521 2565 675 2605 quomodo
701 2574 794 2606 supra
816 2565 837 2596 l.

156 2603 280 2633 XXXI.
295 2613 323 2634 c.
337 2606 388 2636 50.
404 2612 437 2636 et
448 2606 528 2638 infra
542 2608 565 2638 l.
581 2608 648 2638 XL.
666 2618 694 2638 c.
712 2608 765 2638 35.

199 2646 240 2675 44
273 2645 356 2676 Sicut
389 2649 482 2679 ΙῑῙαη.
511 2651 616 2687 Acilio,
651 2651 688 2680 L.
711 2650 840 2689 Scipioni

155 2688 320 2718 consulibus
346 2689 398 2720 M.
426 2690 550 2723 Fulvius
574 2700 602 2724 et
630 2693 685 2724 Cu.
701 2694 840 2724 Illunlius

154 2732 363 2772 successissent]
409 2732 488 2764 Haec
513 2744 575 2765 non
598 2736 723 2766 omnino
746 2746 838 2767 accu-

155 2778 221 2803 rata
245 2778 326 2804 sunt.
370 2774 483 2815 Neque
507 2778 590 2808 enim
619 2779 746 2820 collegae
773 2778 839 2810 fue-

154 2821 228 2845 runt
250 2816 341 2847 Man.
357 2816 478 2848 Acilius
500 2824 531 2849 et
548 2821 585 2851 L.
599 2821 716 2864 Scipio,
732 2832 838 2862 quem-

157 2857 322 2889 admodum
340 2859 390 2890 M.
404 2860 532 2891 Fulvius
554 2868 585 2893 et
597 2866 660 2894 Cn.
675 2863 817 2895 Manlius
832 2877 839 2901 ;

155 2911 212 2933 nce
235 2902 342 2934 eodem
366 2912 448 2934 anno
471 2902 632 2947 imperium
654 2906 838 2944 habuerunt,

881 2521 940 2552 lius
964 2528 1123 2557 successit,
1140 2522 1260 2563 collega
1283 2523 1405 2554 interim
1428 2525 1478 2554 M.
1494 2525 1567 2554 Ful-

881 2564 931 2594 vio
959 2565 1076 2595 bellum
1101 2564 1274 2595 AEtolicum
1301 2566 1441 2596 semestri
1469 2567 1568 2607 spatio

882 2605 1087 2638 intermissum
1124 2607 1362 2649 redintegrante.
1421 2610 1568 2640 Ceterum

883 2649 964 2680 hanc
1000 2650 1124 2692 culpam
1165 2651 1359 2682 librariorum
1393 2661 1470 2687 esse,
1506 2662 1569 2683 non

883 2692 976 2728 Livii,
1000 2693 1136 2724 ostendit
1158 2694 1186 2724 V
1190 2693 1310 2724 icton'ni
1336 2693 1451 2724 codicis
1473 2694 1568 2736 scrip-

882 2740 969 2767 tura:
994 2736 1078 2767 Sicut
1100 2736 1145 2767 Μ.
1164 2737 1261 2766 Tullio
1284 2736 1319 2765 L.
1335 2737 1435 2774 Scipio
1457 2739 1568 2774 consul,

883 2779 921 2810 L.
937 2779 1064 2818 Scipioni
1094 2779 1138 2809 M.
1158 2779 1282 2808 Fulvius
1309 2785 1336 2808 ct
1363 2780 1413 2809 M.
1428 2780 1570 2811 fllmelius

881 2823 1082 2852 successissent.
1143 2822 1226 2861 Lege
1269 2820 1356 2851 Man.
1384 2822 1479 2853 Acilio
1514 2833 1568 2864 pro

884 2865 930 2894 M.
948 2865 1057 2899 Tullio,
1074 2868 1104 2893 et
1121 2864 1175 2892 Cn.
1196 2863 1329 2893 Manlius
1345 2875 1399 2906 pro
1415 2865 1460 2899 M.
1478 2866 1566 2900 Mun-

883 2907 957 2937 lius:
976 2907 1041 2947 jam
1055 2905 1158 2937 omnia
1174 2915 1250 2936 sana
1263 2910 1345 2944 sunt.
