1947 3222
566 104 688 153 Lm.
717 103 801 140 xL.
840 104 972 140 CAP.
1002 104 1112 142 xvl.
1464 106 1541 152 469

195 213 321 255 XVI.
359 212 526 254 Dicenti
566 211 655 251 haec
695 210 876 251 lacrimae
916 210 1039 252 simul
1080 212 1272 268 spiritum
1312 222 1353 256 et
1393 230 1534 257 vocem
1553 228 1730 262 U.c.570.

121 269 456 312 intercluserunt.
517 267 755 333 Philippus,
779 267 983 309 submotis
1010 268 1075 318 iis,
1097 269 1324 326 paullisper
1345 272 1535 314 conlocu-
1549 272 1725 305 A.C.182.

120 335 188 367 tus
209 343 304 368 cum
326 325 478 375 amicis,
501 323 815 380 pronunclavit:
850 325 948 364 Non
969 325 1098 365 verbis
1121 339 1174 374 se,
1198 340 1268 366 nec
1288 329 1405 369 unius
1424 330 1535 371 horae

117 384 416 437 disceptatione,
436 396 613 422 caussam
635 396 766 422 eorum
789 381 1116 436 dijudicalzcrum,
1138 384 1208 422 sed
1227 384 1468 437 inquirendo
1490 389 1533 428 in

117 443 323 495 utriusque
343 442 481 488 vitam,
503 454 628 480 mores
635 461 649 485 ;
682 446 721 479 et
741 440 852 480 dicta
860 437 1059 493 factaque
1080 441 1122 480 in
1143 443 1301 494 magnis
1314 445 1533 497 parvisque

117 498 231 539 rebus
270 498 532 539 observando.-
578 504 625 537 ut
659 496 851 537 omnibus
886 496 1120 552 adpareret,
1156 498 1289 538 noctis
1329 499 1531 553 proximae

115 555 270 595 crimen
300 554 421 595 facile
450 554 681 601 revictum;
735 561 970 609 suspectam
1000 554 1170 594 nimiam
1201 569 1296 595 cum
1331 555 1529 598 Romanis

115 611 316 652 Demetrii
347 611 525 667 gratiam
556 625 656 651 esse.
718 611 839 661 Haec,
866 611 962 651 vivo
993 611 1206 667 Philippo,
1229 611 1345 653 velut
1375 612 1530 654 semina

105 669 222 723 jacta
252 677 349 709 sunt
374 667 636 708 Macedonici
666 667 779 717 belli,
802 667 917 723 quod
947 667 1126 708 maxime
1156 683 1250 708 cum
1279 670 1430 710 Perseo
1458 685 1529 726 ge-

111 724 288 766 rendum
310 734 409 766 erat.
458 723 659 765 Consules
675 724 798 764 ambo
819 725 861 764 in
884 724 1079 779 Ligures,
1098 740 1194 780 quae
1216 733 1307 766 tum
1329 741 1413 767 una
1433 742 1528 767 con-
1542 746 1605 777 Res
1620 746 1651 777 in
1667 727 1735 777 Lis

111 781 259 822 sularis
275 781 488 838 provincia
503 789 606 831 erat,
624 780 956 836 proficiscuntur.
984 789 1039 831 et,
1058 782 1159 837 quia
1174 797 1370 838 prospere
1386 784 1445 825 ibi
1462 799 1526 825 res
1538 789 1627 830 gutia
1640 800 1707 831 ges-

108 847 340 893 gesserunt,
364 837 613 894 supplicatio
633 838 676 878 in
699 852 830 878 unum
861 838 970 879 diem
993 838 1159 879 decreta
1179 848 1251 880 est.
1314 841 1525 896 Ligurum
1539 838 1592 863 tae·

109 895 195 935 (luo
225 895 356 936 millia
384 896 470 936 fere
500 894 552 935 ad
583 904 818 935 extremum
848 895 970 935 finem
1002 895 1226 951 provinciae
1258 896 1422 947 Galliae,
1452 898 1525 939 ubi

107 960 243 993 castra
260 951 488 993 BIarcellus
503 952 699 1001 habebat,
716 961 935 1002 venerunt,
953 953 1016 993 uti
1031 952 1330 1008 reciperentur,
1347 962 1522 996 orantes.

109 1009 352 1059 Marcellus,
369 1008 552 1066 opperiri
568 1009 712 1049 eodem
729 1007 818 1049 loco
836 1009 1068 1064 Liguribus
1083 1009 1226 1064 jussiS,
1246 1018 1432 1052 senatum
1450 1027 1524 1067 per

107 1065 247 1107 literas
264 1067 486 1107 consuluit.
531 1066 708 1106 Senatus
724 1066 947 1106 rescribere
970 1067 1032 1106 M.
1053 1066 1285 1120 Ogulnium
1300 1077 1522 1123 praetorem

107 1122 310 1164 Marcello
325 1123 474 1179 jussit:
517 1123 656 1162 Verius
660 1123 810 1173 fuisse,
833 1123 1021 1171 consules,
1045 1136 1206 1175 quorum
1224 1125 1443 1176 provincia
1465 1141 1523 1166 es-

102 1186 174 1230 set,
193 1195 308 1234 quam
322 1195 376 1231 se,
391 1181 490 1233 quid
505 1194 525 1218 e
537 1179 743 1232 republica
760 1186 869 1228 esset,
885 1181 1116 1226 decernere,-
1143 1179 1262 1220 ⁵4tum
1278 1196 1429 1235 quoque
1445 1197 1524 1223 non

93 1238 273 1289 placere,
281 1238 401 1290 siper
414 1237 654 1277 deditionem
663 1237 838 1290 Ligures
853 1238 936 1277 reci
931 1239 1051 1289 piem,
1062 1239 1230 1290 receptis
1242 1253 1357 1278 arma
1373 1241 1502 1280 adimi
1509 1259 1522 1281 .-

101 1300 233 1348 atque,
253 1309 314 1335 eos
331 1294 423 1334 5⁵ad
436 1295 631 1334 consulem
649 1294 767 1342 mitti,
784 1301 967 1334 senatum
981 1308 1134 1347 aequum
1151 1309 1317 1336 censere.
1361 1297 1521 1338 Praeto-

100 1366 165 1392 res
195 1352 339 1393 eodem
371 1359 572 1407 tempore,
593 1350 681 1390 ⁵⁶P.
706 1350 893 1391 Manlius
923 1350 965 1391 in
995 1351 1230 1392 ulteriorem
1254 1352 1516 1408 Hispaniam,
1532 1364 1571 1394 In
1586 1364 1700 1407 Hispa-

100 1423 229 1463 quam
250 1418 290 1450 ct
311 1408 449 1464 priore
475 1416 661 1463 praetura
690 1408 946 1463 provinciam
967 1407 1230 1457 obtinuerat3
1266 1411 1314 1459 Q.
1339 1410 1517 1452 Fulvius
1528 1407 1591 1438 nia.

103 1464 277 1506 Flaccus
312 1466 353 1504 in
388 1465 620 1505 citeriorem
660 1464 864 1520 pervenit,
901 1464 1214 1521 exercitumque
1249 1482 1272 1506 a
1315 1467 1516 1509 Terentio

100 1522 270 1577 accepit.
320 1521 354 1548 ⁵7
367 1537 460 1562 nam
503 1521 675 1562 ulterior
714 1530 848 1562 morte
889 1523 937 1561 P.
968 1523 1199 1578 Sempronii
1239 1525 1515 1579 proconsulist

101 1578 186 1619 sine
207 1579 381 1634 imperio
401 1578 550 1619 fuerat.
598 1577 800 1619 Fulvium
817 1578 1015 1619 Flaccum
1037 1579 1239 1634 oppidum
1258 1580 1512 1636 Hispanum,

103 1634 333 1677 Urbicuam
351 1635 529 1685 nomine,
544 1635 854 1691 obpugnantem
877 1635 1074 1676 Celtiberi
1091 1636 1227 1677 adorti
1244 1645 1353 1678 sunt.
1392 1639 1514 1680 Dura

99 1692 156 1733 ibi
187 1692 335 1748 proelia
362 1693 524 1747 aliquot
543 1692 677 1733 facta:
710 1691 833 1733 multi
855 1692 1035 1732 Romani
1056 1692 1207 1734 milites
1227 1702 1267 1735 et
1289 1694 1512 1746 vulnerati,

99 1758 140 1791 et
169 1749 377 1792 interfecti
403 1756 512 1791 sunt.
543 1748 684 1789 ⁵8victi
715 1749 1022 1804 perseverantia
1053 1749 1228 1800 Fulviiu,
1251 1751 1367 1806 quod
1397 1751 1514 1793 nulla

98 1806 139 1847 vi
169 1806 355 1847 abstrahi
384 1807 437 1848 ab
467 1806 681 1847 obsidione
710 1806 866 1862 potuit,
892 1806 1107 1858 Celtiberi,
1128 1807 1224 1848 fessi
1253 1807 1413 1863 proeh'is
1443 1824 1513 1850 va-

95 1863 166 1905 riis
196 1864 493 1905 abscesserunt.
531 1864 646 1913 urbs,
677 1871 816 1904 amoto
846 1862 1002 1903 auxilio
1032 1878 1190 1914 eorum,
1216 1865 1328 1905 intra
1355 1880 1511 1920 paucos

96 1919 184 1961 dies
213 1928 336 1975 capta
362 1929 403 1961 et
431 1920 595 1976 direpta
614 1927 699 1960 est:
732 1919 919 1975 praedam
940 1919 1144 1961 militibus
1173 1928 1329 1976 praetor
1349 1937 1511 1963 conces-

96 1977 160 2018 sit.
224 1977 415 2027 Fulvius,
429 1977 520 2034 *lioc
550 1976 706 2033 oppido
737 1984 874 2032 capto,
903 1978 953 2017 P.
977 1976 1176 2027 Manlius,
1203 1977 1388 2019 exercitu
1420 1987 1509 2019 tan-

136 2085 148 2102 ⁵
162 2083 276 2121 placere
289 2082 352 2116 sihi,
364 2092 416 2120 per
430 2083 459 2110 d.
478 2080 515 2111 L.
530 2080 631 2118 recipi,
648 2085 674 2108 et
688 2080 808 2119 ‘receptis
819 2084 874 2109 etc.
889 2078 986 2109 Gron.
1002 2079 1092 2110 Crev.
1294 2081 1507 2121 tpromaetmis

95 2125 182 2156 Eaed.
309 2127 325 2144 ¹¹
339 2126 409 2154 vicit
420 2135 450 2163 p.
469 2124 592 2153 Fulvius
605 2122 693 2153 Eaed.

135 2210 177 2240 54
204 2210 276 2239 Tum
291 2208 413 2249 quoque]
446 2207 598 2245 Quamvis
612 2218 673 2238 non
686 2217 775 2237 sena·
874 2207 915 2237 56
940 2206 977 2236 Ρ.
995 2206 1128 2237 Manlius
1149 2208 1181 2237 in
1202 2207 1370 2239 ulteriorem
1393 2207 1503 2248 Hispa—

94 2259 153 2288 tus,
184 2253 238 2282 sed
269 2252 429 2282 consulum
456 2251 639 2281 sententiam
668 2250 776 2291 exqui-
820 2250 910 2285 niam,
937 2257 1026 2289 quam
1048 2256 1076 2279 et
1098 2251 1194 2289 priore
1219 2256 1355 2290 proetura
1381 2253 1503 2290 μνουίηὲ

95 2305 160 2325 rere
183 2295 346 2330 decuisset,
361 2305 394 2325 se
417 2300 522 2324 tamen
545 2293 679 2323 dicturos
701 2292 776 2334 quid

95 2338 238 2373 sentiant,
271 2348 395 2379 nempe,
425 2349 482 2367 mm
514 2338 637 2374 placere,
666 2337 690 2365 .ςί
723 2346 776 2374 per

93 2382 265 2410 deditionem
310 2381 436 2421 Ligures
480 2380 610 2418 νευῐρὶετ,
656 2380 775 2417 receptis

92 2434 175 2452 arma
197 2425 296 2453 adimi.
342 2424 393 2453 lta
414 2423 495 2453 euim
522 2420 686 2463 legendum
708 2430 774 2451 esse

93 2476 131 2495 ex
157 2466 252 2495 MSS.
277 2465 400 2496 Gelenii
420 2471 575 2507 putamus.
621 2466 702 2500 Quae
724 2463 775 2494 hic

95 2507 238 2538 dicuntur
257 2507 296 2538 de
320 2518 381 2539 non
407 2507 580 2538 adimendis
603 2506 705 2541 armis,
730 2505 775 2536 vi-

93 2550 204 2581 dentur
233 2560 271 2580 ea
298 2556 399 2581 mente
434 2550 586 2593 apposita,
613 2555 647 2580 ut
667 2548 776 2585 ,tacite

93 2593 327 2635 exprobraretur
348 2593 380 2623 id
395 2594 556 2629 Marcello,
573 2591 655 2633 quod
677 2591 776 2633 priore

94 2647 175 2667 anno
190 2635 296 2666 consul
311 2634 434 2672 fecerat,
449 2636 523 2667 dum
543 2634 644 2667 Gallis
658 2633 775 2665 deden-

91 2679 174 2709 tibus
196 2688 228 2708 se
252 2687 338 2708 arma
365 2677 531 2709 ademerat.
575 2677 650 2709 Vid.
671 2687 775 2719 supra,

91 2721 145 2751 lib.
162 2721 315 2751 XXXIX.
331 2730 357 2749 c-
373 2721 424 2750 54.

134 2765 175 2794 55
200 2765 244 2793 :ld
267 2763 425 2803 consulem]
464 2764 544 2804 Lege
564 2774 634 2795 cum
651 2762 774 2803 Sigonio

90 2812 121 2837 et
164 2805 319 2837 Gronovio
361 2807 399 2834 ad
441 2807 577 2836 consules.
635 2807 773 2845 Uterque

92 2849 174 2880 enini
190 2848 296 2880 consul
313 2848 343 2878 iu
360 2846 486 2888 Liguria
499 2853 575 2878 erat.

819 2293 894 2322 ciam
916 2292 1095 2333 obtinuerat]
1134 2293 1216 2323 Huic
1232 2299 1336 2323 tamen
1351 2293 1381 2323 in
1403 2293 1502 2334 priore

819 2341 952 2376 praetura
996 2335 1117 2365 citerior
1160 2335 1314 2377 Hispania
1357 2335 1500 2376 obtigisse

819 2382 1003 2408 memoratur
1033 2388 1051 2408 a
1081 2377 1180 2414 Livio,
1210 2388 1303 2419 supra
1336 2379 1501 2409 XXXIII.

818 2421 869 2450 43.

861 2462 1019 2493 57*Nam.
1042 2463 1179 2503 ulterior]
1219 2461 1303 2494 Ante
1325 2463 1391 2494 haec
1409 2463 1503 2494 verba

820 2503 929 2546 supple
952 2515 989 2535 ex
1009 2515 1120 2535 sensu:
1145 2504 1204 2535 Ab¹
1214 2505 1300 2536 nullo
1321 2512 1448 2548 praetore
1465 2507 1502 2536 P.

820 2548 960 2578 Manlius
971 2547 1139 2578 exercitum
1155 2547 1285 2590 accepit.
1320 2550 1403 2579 Nam
1419 2554 1480 2578 etc.

872 2592 914 2621 58
963 2591 1037 2621 Vicit
1090 2593 1302 2631 perseverantia
1362 2590 1501 2630 Fulvius]

820 2633 906 2664 vict.
928 2638 960 2663 et
981 2633 1034 2664 alii
1056 2633 1159 2675 scripti
1182 2633 1296 2663 habent
1319 2635 1388 2663 victi
1407 2643 1502 2672 perse-

820 2677 954 2706 verantia
981 2676 1093 2707 Fulvii.
1142 2677 1188 2706 Ex
1213 2681 1341 2716 utraque
1370 2674 1502 2705 lectione

818 2717 936 2760 aliquid
959 2719 1136 2753 tenendum,
1153 2717 1270 2758 aliquid
1294 2717 1501 2758 abjiciendum

817 2761 1036 2797 censuerimus,
1061 2760 1286 2801 legendumque
1320 2770 1390 2790 curn
1421 2761 1498 2790 Uro<

818 2803 907 2834 novio
920 2805 988 2834 vicit
1002 2805 1213 2843 perseverantia
1229 2803 1338 2833 Fulvii.

865 2902 893 2927 H
917 2887 942 2926 h
964 2889 991 2927 3

1940 2798 1947 2986 „L2m—*r2
1945 2738 1947 2754 .„
1946 2703 1947 2718 μ
1945 2667 1947 2674 r
