1947 3222
362 161 437 195 350
885 156 1025 196 ΤΙΤΙ
1073 155 1240 196 LIVII

150 282 326 314 U.c.563.
360 264 520 306 modice
554 264 772 321 locupletis
803 266 1007 308 habitum.
1044 276 1085 309 et
1116 268 1249 309 oratio
1284 267 1365 308 fuit
1399 266 1601 308 submissa
1635 275 1676 308 et
1708 267 1769 308 in-

149 325 324 357 A.C.189.
360 322 506 372 fracta,
528 323 791 364 extenuantis
820 339 919 379 opes
950 340 1058 374 suas,
1080 325 1334 379 urbiumque
1362 340 1448 365 suae
1469 323 1637 365 ditionis
1658 339 1770 378 eges-

361 386 488 420 tatem
510 380 733 434 querentis.
795 381 928 421 Erant
950 389 1089 421 autem
1111 381 1189 421 sub
1214 396 1276 430 eo,
1298 389 1451 437 praeter
1475 381 1689 436 Cibyram,
1711 386 1772 421 etc

364 435 549 491 Syleum,
571 444 612 477 et
634 436 802 477 Alimne
832 440 950 491 quaed
975 436 1221 492 adpellatur.
1253 453 1303 478 ex
1337 438 1416 487 his,
1438 445 1486 478 ut
1515 453 1556 478 se
1589 452 1769 493 suosque

363 491 571 547 spoliaret,
593 493 779 548 quinque
809 501 850 532 et
881 492 1028 547 viginti
1059 493 1215 534 talenta
1245 509 1286 534 se
1315 494 1617 540 confecturum,
1639 508 1770 549 prope

362 556 410 589 ut
445 548 647 598 diffidens,
684 549 970 603 pollicebatur.
1031 550 1264 600 Enimvero,
1299 551 1437 606 inquit
1473 551 1629 598 consul,
1651 551 1771 604 ferri

347 604 439 658 jam
460 606 683 658 ludificatio
705 606 783 645 ista
809 620 887 645 non
912 612 1058 658 potest.
1119 608 1272 647 Parum
1295 615 1365 657 est,
1388 621 1464 647 non
1485 608 1684 648 erubuisse
1703 608 1774 646 ab-

359 670 519 711 sentem,
543 676 657 715 quum
680 676 760 714 per
778 663 930 716 legatos
941 663 1217 717 frustrareris
1237 679 1328 703 nos:
1355 678 1534 716 praesens
1557 679 1708 718 quoque
1729 665 1773 704 in

360 721 494 759 cadem
517 719 757 771 inpudentia
770 720 987 772 persistis&
1028 721 1211 774 Quinque
1231 728 1269 761 et
1290 722 1439 775 viginti
1458 723 1612 761 talenta
1633 729 1773 775 tyran-

361 778 491 816 nidem
520 781 628 816 tuam
660 776 950 817 exhaurirent?
980 776 1252 831 ⁵¹Q2cingenta
1282 792 1379 832 ergo
1408 779 1563 818 talenta
1595 780 1677 818 nisi
1701 779 1772 819 tri-

361 834 439 872 duo
468 846 663 882 numeras,
686 834 988 886 populationem
1019 835 1062 875 in
1092 836 1220 889 agris,
1241 835 1482 876 obsidionem
1513 836 1556 875 in
1586 835 1681 875 urhe
1710 849 1777 875 ea*-

360 896 507 943 specta.
569 891 664 930 Hac
699 889 1015 932 denunciatione
1046 891 1308 943 conterritus,
1343 900 1527 948 perstare
1560 900 1696 933 tamen
1728 892 1772 933 in

361 946 561 1003 pertinaci
593 946 853 988 simulatione
884 948 1047 1004 inopiae.
1085 957 1125 990 et
1157 949 1374 1005 paullatim
1405 948 1608 989 inliberali
1638 948 1773 1004 adjec-

362 1003 486 1054 tione,
508 1018 619 1044 nunc
648 1003 682 1026 ⁵²
694 1019 768 1059 per
798 1004 1114 1055 cavillationem,
1136 1021 1246 1046 nunc
1277 1005 1471 1061 precibus
1495 1013 1536 1046 et
1568 1004 1771 1046 simulatis

362 1060 568 1116 lacrymiS‚
600 1060 654 1101 ad
686 1069 851 1102 centum
884 1061 1040 1103 talenta
1069 1071 1130 1103 est
1164 1063 1405 1118 perductus.
1437 1062 1600 1118 adjecta
1628 1062 1770 1102 decem

363 1117 492 1158 millia
530 1117 787 1158 medimnfim
827 1118 1037 1160 frumenti.
1100 1120 1206 1160 Haec
1245 1119 1383 1160 omnia
1421 1118 1531 1161 intra
1570 1134 1640 1160 sex
1681 1118 1771 1159 dies

362 1176 534 1215 exactas.

419 1231 517 1271 XV.
550 1232 594 1271 A
625 1231 782 1288 Cibyra
811 1247 885 1287 per
914 1247 1034 1288 agros
1067 1232 1328 1274 Sindensium
1362 1233 1568 1274 exereitus
1600 1232 1769 1282 ductus,

361 1296 725 1343 transgressusque
757 1288 976 1329 Caularem
1009 1305 1185 1340 amnem,
1218 1290 1358 1346 posuit
1390 1298 1534 1331 castra.
1599 1289 1772 1329 Postero

361 1343 428 1384 die
449 1352 510 1385 est
531 1352 683 1400 praeter
706 1345 903 1386 Caralitin
956 1346 1120 1386 aludem
1141 1362 1288 1401 agmen
1311 1347 1498 1388 ductum.
1529 1345 1622 1387 ⁵³ad
1649 1346 1773 1385 Man-

361 1400 566 1457 dropolim
588 1409 840 1443 manserunt.
871 1361 966 1443 ὶηὲε
990 1404 1353 1459 progredientibus
1373 1403 1425 1443 ad
1449 1403 1612 1458 Lagon,
1633 1403 1773 1458 proxi-

361 1472 469 1497 mam
504 1458 664 1509 urbem,
692 1467 807 1500 metu
842 1458 986 1500 incolae
1021 1459 1233 1515 fugerunt.
1295 1461 1484 1500 Vacuum
1520 1458 1772 1508 hominibus,

360 1522 401 1555 et
441 1514 642 1556 refertum
682 1530 821 1556 rerum
860 1516 1044 1556 omnium
1085 1517 1216 1573 copia,
1252 1517 1455 1573 oppidum
1490 1516 1768 1572 diripuerunt.

360 1570 456 1611 inde
494 1572 547 1612 ab
581 1572 703 1628 Lysis
742 1572 926 1613 fluminis
964 1573 1093 1623 fonte,
1127 1583 1293 1629 postero
1328 1573 1394 1615 die
1428 1573 1481 1613 ad
1514 1573 1769 1614 Cobulatum

360 1643 522 1669 amnem
553 1629 769 1684 progressi.
833 1630 1143 1671 Termessenses
1173 1646 1220 1671 eo
1251 1639 1435 1686 tempore
1465 1629 1770 1671 Isiondensium

360 1700 510 1734 arcem,
543 1686 645 1726 urbe
681 1694 816 1741 capta,
847 1687 1170 1742 obpugnabant:
1205 1688 1367 1737 inclusi,
1399 1703 1533 1743 quum
1568 1686 1648 1728 alia
1678 1701 1771 1742 spes

360 1742 503 1782 auxilii
535 1742 650 1783 nulla
680 1751 799 1792 esset,
828 1743 986 1798 legatos
1015 1744 1069 1784 ad
1099 1744 1323 1794 consulem,
1345 1753 1509 1785 orantes
1538 1759 1674 1800 opem,
1695 1744 1770 1784 mi-

361 1806 514 1840 serunt.
537 1814 620 1840 cum
641 1799 868 1854 conjugibus
889 1815 937 1840 ac
956 1801 1095 1841 liberis
1115 1802 1157 1840 in
1179 1815 1271 1840 arce
1295 1802 1464 1841 inclusos
1483 1815 1524 1840 se
1544 1807 1704 1840 mortem
1727 1801 1772 1840 iu

360 1856 457 1903 dies,
481 1857 680 1910 autfivrro
701 1858 897 1910 autsame
912 1859 1166 1909 patiendam,
1189 1864 1428 1911 exspectare.
1488 1857 1655 1898 Volenti
1676 1872 1771 1898 con-

360 1911 438 1951 suli
469 1928 612 1954 caussa
642 1913 683 1953 in
707 1914 996 1969 Pamphyliam
1019 1914 1250 1955 divertendi
1283 1914 1424 1955 oblata
1443 1922 1515 1955 est.
1547 1913 1769 1956 adveniens

358 1968 572 2010 obsidione
625 1970 884 2011 Isiondenses
933 1972 1098 2012 exemit.
1175 1972 1395 2012 Termesso
1443 1986 1586 2027 pacem
1636 1970 1768 2021 dedit,

358 2024 391 2047 ⁵⁴
404 2025 712 2082 quinquaginta
751 2027 916 2068 talentis
955 2028 1115 2083 argenti
1155 2028 1355 2084 acceptis:
1403 2027 1502 2069 item
1544 2026 1769 2083 Aspendiis

359 2082 588 2138 ceterisque
620 2083 877 2139 Pamphyliae
907 2099 960 2140 po
974 2085 1084 2125 iulis.
1146 2086 1214 2125 Ex
1248 2085 1498 2140 Pamphylia
1525 2084 1686 2125 rediens
1715 2084 1770 2124 ad

359 2138 535 2180 fluvium
559 2141 751 2181 Taurum
782 2141 917 2196 primo
947 2100 1028 2191 die,
1051 2150 1216 2198 postero
1244 2141 1298 2182 ad
1321 2141 1509 2197 Xylinen
1533 2141 1676 2196 (quam
1698 2156 1769 2181 vo-

359 2199 474 2249 cant)
506 2211 649 2238 comen
688 2197 827 2253 posuit
861 2206 1004 2239 castra.
1067 2199 1286 2240 Profectus
1325 2198 1420 2239 inde
1460 2197 1766 2239 continentibus

360 2251 575 2295 itineribus
615 2253 667 2293 ad
706 2255 928 2295 Cormasag
962 2255 1108 2296 urbem
1148 2255 1347 2311 pervenit.
1409 2256 1544 2296 Darsa
1578 2253 1767 2310 proxima

361 2308 461 2348 urbs
488 2317 587 2350 erat.
620 2325 724 2360 eam,
746 2319 860 2351 metu
890 2311 1116 2352 incolarum
1147 2312 1366 2362 desertam,
1387 2311 1550 2368 plenam
1581 2310 1766 2351 omnium

360 2380 495 2405 rerum
534 2367 653 2422 copia
686 2367 855 2408 invenit.
917 2368 1205 2424 Progredienti
1241 2377 1393 2424 praeter
1432 2367 1604 2424 paludes
1640 2366 1765 2422 legati

359 2422 412 2462 ab
442 2422 638 2478 Lysinoe,
661 2423 857 2465 dedentes
887 2425 1113 2475 civitatem,
1137 2434 1349 2467 venerunt.
1413 2424 1516 2465 Inde
1546 2423 1587 2464 in
1618 2438 1766 2478 agrum

363 2478 692 2533 Sagalassenum,
730 2481 898 2522 uberem
937 2481 1200 2537 fertilemque
1239 2482 1350 2523 omni
1389 2495 1537 2537 genere
1576 2480 1764 2536 frugum,

402 2571 417 2589 ⁰
432 2573 458 2597 et
473 2567 533 2598 del.
549 2568 645 2600 (iton.
662 2569 753 2600 Crev.
883 2570 898 2592 d
913 2577 939 2601 et
955 2581 1016 2611 qnae
1032 2572 1147 2601 Alimne
1163 2571 1250 2602 Eaed.
1378 2574 1394 2591 θ
1406 2571 1461 2600 nisi
1485 2581 1608 2610 pra-sens
1623 2582 1649 2611 q.
1666 2573 1686 2602 i.
1704 2581 1728 2602 e.
1743 2573 1766 2603 i.

359 2611 513 2648 persistas?
536 2611 624 2642 Eaed.
711 2613 727 2636 f
736 2619 801 2642 aeta
818 2613 905 2643 Eaed.
990 2617 1007 2642 8
1025 2614 1187 2644 Cui-masam
1203 2613 1291 2644 Eoed.

405 2685 441 2715 51
471 2684 639 2725 Quingenta
669 2687 794 2727 talenta]
830 2687 955 2717 Marcas
992 2697 1039 2718 ar·
1084 2687 1204 2718 variant
1232 2688 1400 2730 scripti‚‘et
1426 2694 1542 2719 veteres
1568 2688 1652 2720 editi.
1697 2691 1767 2720 Jac.

362 2727 445 2767 genti
470 2729 585 2759 46875.
631 2729 755 2760 Centum
780 2730 900 2765 talenta,
924 2740 1042 2761 mareas
1086 2730 1258 2762 Gronovius
1282 2731 1355 2771 legit
1378 2731 1564 2768 Manlia-um,
1581 2733 1686 2763 urbem
1709 2732 1763 2762 Pi·

363 2771 457 2800 9:375.
1084 2773 1172 2804 sidioe
1188 2780 1386 2804 memoratam
1401 2774 1567 2816 Stephano.

406 2813 544 2843 52⁴*Per
567 2816 792 2855 cavillationem]
826 2816 884 2845 Per
908 2825 1042 2845 morosas
1126 2817 1166 2847 54
1195 2818 1418 2857 Quinquaginta
1462 2817 1592 2859 talentis]
1648 2816 1775 2847 Marcis:

365 2854 509 2893 arguaeias,
525 2867 602 2896 quas
617 2857 702 2889 Galli
718 2858 846 2888 dicimus
861 2859 998 2888 chit-‹mes-
1085 2860 1177 2889 4687.
1192 2869 1262 2890 eum
1279 2859 1376 2890 unciis
1390 2861 1422 2891 4.

407 2898 446 2928 53
480 2901 523 2931 Ad
556 2901 782 2941 Mandrapnlim]
819 2900 955 2931 Multum
991 2899 1040 2931 hic
