1947 3222
132 247 172 277 A.

126 932 168 963 U.
182 932 220 964 C.
232 933 304 964 556.

126 975 170 1007 Α.
182 976 219 1007 C.
235 977 304 1008 196.

126 1050 162 1080 L.
179 1051 282 1087 Furio,

155 205 176 234 ἶ.
191 205 229 236 C.
239 206 310 235 555.

187 247 222 278 C.
241 248 310 279 197.

347 90 420 124 110
891 84 1022 125 TITI
1063 84 1225 123 LIVII

344 193 486 244 dones,
508 191 826 249 1⁴quaecumque
855 202 1022 236 senatus
1052 194 1291 244 censuisset,
1313 192 1358 234 id
1377 207 1519 249 regem
1547 191 1758 235 facturum

344 264 445 299 esse,
479 249 673 292 dicerent.
745 252 902 292 Decem
935 251 1062 307 legati
1093 266 1208 292 more
1239 251 1460 307 majorum,
1493 264 1674 304 quorum
1706 265 1758 290 ex

345 306 514 348 consilio
537 307 590 347 T.
613 307 836 357 Quinctius
857 307 1081 363 imperator
1110 307 1221 363 leges
1250 307 1364 363 pacis
1395 305 1594 362 Philippo
1624 306 1756 357 daret,

344 361 525 412 decreti;
557 363 867 419 adjectumque,
888 372 938 404 ut
967 363 1010 404 in
1030 379 1078 404 eo
1098 379 1272 405 numero
1292 364 1525 419 legatorum
1547 363 1596 403 P.
1621 362 1760 417 Sulpi-

343 418 432 460 cius
461 427 502 461 et
534 421 581 461 P.
605 420 754 461 Villius
783 428 932 470 essent,
954 420 1029 476 qui
1059 420 1246 461 consules
1274 419 1530 476 provinciam
1561 419 1760 459 Macedo-

343 475 452 516 niam
488 476 778 518 obtinuissent.
845 476 1018 517 Cosanis
1051 492 1100 517 eo
1134 477 1201 517 die
1235 477 1562 532 postulantibus,
1598 483 1647 516 ut
1680 475 1757 516 sibi

343 532 583 574 colonorum
603 547 803 573 numerus
822 541 1062 588 augeretur,
1083 533 1196 574 mille
1216 533 1395 574 adscribi
1417 533 1549 589 jussi:
1582 532 1684 573 dum
1705 547 1758 572 ne

343 589 439 643 quis
470 589 515 630 in
547 604 691 630 eorum
722 604 896 630 numero
927 597 1048 640 esset,
1081 591 1156 645 qui
1190 589 1322 645 ¹⁵post
1355 590 1403 631 P.
1440 589 1680 630 Cornelium
1715 597 1757 630 et

344 644 413 685 Ti.
439 645 728 702 Sempronium
750 645 938 687 consules
958 646 1089 687 hostis
1108 646 1266 688 fuisset.

400 702 548 743 XXV.
582 701 695 743 Ludi
727 702 907 743 Romani
935 718 983 744 eo
1010 718 1118 743 anno
1145 706 1190 743 in
1216 702 1324 744 circo
1348 719 1553 759 scenaque
1578 704 1630 745 ab
1658 703 1757 744 aedi-

339 757 450 798 libus
477 758 710 809 curulibus,
740 758 829 800 16Ρ.
853 759 1047 801 Cornelio
1079 759 1268 815 Scipione
1297 767 1339 801 et
1370 761 1446 801 Cn.
1470 760 1632 801 Manlio
1654 760 1755 801 Vul-

341 829 452 864 sone,
474 823 516 857 et
545 815 893 871 magnificentius,
916 831 1044 872 quam
1074 816 1190 866 alias,
1211 815 1326 865 facti,
1347 823 1389 857 et
1418 816 1555 858 laetius
1583 825 1757 873 propter

339 885 404 911 res
432 871 543 913 bello
571 873 677 914 bene
705 881 843 929 gestas
874 872 1062 928 spectati,
1095 873 1257 928 totique
1287 881 1351 914 ter
1382 871 1629 914 instaurati:
1670 873 1757 929 ple-

338 926 421 968 beii
451 929 603 985 septies
631 929 864 971 instaurati.
925 929 1089 970 Acilius
1121 929 1310 979 Glabrio,
1335 930 1382 970 C.
1406 929 1565 970 Laelius
1593 945 1662 970 eos
1691 930 1755 971 lu—

338 983 413 1025 dos
451 985 652 1028 fecerunt.
732 988 804 1028 Ex
844 994 1017 1042 argento
1065 986 1298 1028 multaticio
1340 985 1420 1027 tria
1467 986 1586 1042 signa
1625 1002 1754 1037 aenea,

337 1039 534 1093 ¹⁷Cereri,
567 1043 824 1099 Liberoque,
855 1052 895 1085 et
928 1043 1109 1094 Liberae,
1140 1051 1384 1099 posuerunt.
1445 1043 1499 1083 L.
1527 1043 1683 1085 Furius
1713 1052 1754 1085 et

125 1093 175 1123 M.
193 1093 325 1127 Claudio
338 1099 401 1138 M.
427 1099 632 1141 Claudius
663 1100 906 1150 Marcellus,
937 1100 1157 1141 consulatu
1190 1100 1308 1149 inito,
1339 1115 1473 1163 quum
1504 1100 1557 1141 de
1588 1100 1757 1156 provin-

124 1136 212 1168 Coss

121 1563 188 1593 Pax
201 1573 271 1593 cum

122 1606 303 1637 Macedoni-

120 1648 189 1679 bus.

337 1154 410 1196 ciis
445 1164 654 1211 ageretur,
690 1165 730 1198 et
774 1156 942 1198 Italiam
982 1156 1151 1213 utrique
1191 1172 1447 1213 provinciam
1483 1165 1650 1198 senatus
1685 1157 1757 1198 de-

337 1221 537 1264 cerneret,
578 1222 627 1255 ut
677 1213 968 1255 Macedoniam
1017 1229 1114 1254 cum
1165 1213 1291 1254 Italia
1338 1213 1600 1263 sortirentur,
1639 1222 1754 1269 pete-

336 1268 450 1310 bant.
531 1270 774 1320 Marcellus,
814 1270 1039 1327 provinciae
1088 1269 1293 1326 cupidior,
1333 1285 1477 1326 pacem
1519 1270 1753 1312 simulatam

335 1340 384 1366 ac
422 1326 612 1368 fallacem
652 1327 844 1378 dicendo,
885 1335 926 1369 et
974 1326 1290 1378 rebellaturum,
1332 1327 1366 1368 si
1409 1327 1616 1368 exercitus
1655 1327 1752 1368 inde

335 1381 583 1438 deportatus
623 1392 744 1434 esset,
785 1399 926 1440 regem
962 1384 1113 1425 dubios
1153 1385 1368 1426 sententiae
1404 1385 1550 1425 Patres
1584 1384 1751 1426 fecerat.

335 1439 397 1480 Et
445 1440 620 1481 forsitan
668 1441 946 1482 obtinuissent
995 1439 1198 1490 consules,
1237 1441 1281 1481 ni
1332 1442 1380 1491 Q.
1424 1441 1612 1482 Marcius
1657 1442 1752 1482 Rex

334 1503 375 1537 et
414 1497 461 1537 C.
499 1496 674 1538 Atinius
710 1498 869 1547 Labeo,
906 1497 1066 1538 tribuni
1101 1497 1249 1553 plebis,
1286 1513 1328 1538 se
1362 1497 1658 1538 intercessuros
1692 1497 1754 1538 di-

335 1551 515 1594 xissent:
562 1554 605 1594 ni
640 1553 758 1610 prius
792 1554 872 1610 ipsi
912 1553 965 1595 ad
999 1553 1165 1610 plebem
1200 1553 1408 1603 tulissent,
1443 1553 1597 1594 vellent
1632 1554 1755 1609 jube-

334 1618 479 1651 rentne
519 1626 614 1651 cum
654 1626 752 1666 rege
798 1610 995 1666 Philippo
1038 1625 1184 1666 pacem
1225 1625 1323 1651 esse.
1403 1612 1470 1651 Ea
1508 1612 1670 1666 rogatio
1709 1610 1752 1651 in

336 1666 546 1722 Capitolio
579 1667 633 1708 ad
672 1667 836 1723 plebem
877 1667 963 1708 lata
1001 1675 1075 1708 est.
1121 1681 1262 1707 omnes
1303 1667 1490 1723 quinque
1531 1674 1573 1708 et
1608 1667 1755 1724 trigin-

334 1730 378 1763 ta
405 1723 554 1774 tribus,
577 1724 641 1765 uti
670 1731 843 1779 rogatae,
860 1724 1090 1779 jusserunt.
1151 1724 1209 1764 Et
1241 1739 1328 1779 quo
1357 1725 1490 1779 magis
1517 1739 1660 1779 pacem
1690 1740 1754 1765 rap

120 1788 230 1820 Tristis
244 1800 322 1820 nun·
335 1787 418 1821 tam
456 1795 542 1821 esse
578 1780 620 1820 in
657 1781 908 1821 Macedonia
942 1780 1070 1836 vulgo
1106 1780 1363 1830 laetarentur,
1399 1781 1530 1822 tristis
1565 1796 1615 1821 ex
1654 1781 1753 1822 His-

119 1833 235 1880 cius-ex
249 1833 322 1863 His-
335 1837 458 1892 pania
487 1837 665 1878 nuncius
691 1836 857 1878 adlatus
881 1837 1032 1886 effecit,
1055 1837 1324 1892 vulgataeque
1354 1837 1500 1886 literae,
1530 1835 1563 1860 ¹⁸
1574 1838 1621 1879 C.
1643 1838 1754 1879 Sem-

120 1886 225 1917 pama.

326 1895 520 1946 proniani
548 1896 797 1935 Tuditanum
811 1896 1085 1947 proconsulem
1103 1895 1144 1934 in
1167 1894 1355 1935 citeriore
1371 1895 1587 1947 Hispania
1602 1897 1755 1947 praelio

334 1952 503 1991 victum:
539 1953 753 1992 exercitum
783 1951 866 2006 ejus
878 1952 1022 2006 siacum
1036 1951 1327 2006 fugatumque,
1359 1958 1398 1992 et
1434 1953 1621 1992 inlustres
1650 1954 1757 1994 viros

336 2008 381 2048 in
420 2010 509 2048 acie
547 2009 746 2050 cecidisse.
813 2009 1075 2058 Tuditanum,
1112 2023 1195 2049 cum
1231 2009 1356 2062 gravi
1394 2010 1556 2050 vulnere
1592 2008 1755 2050 ¹⁹latum

336 2080 386 2106 ex
398 2066 563 2118 proelio,
585 2067 698 2106 leand
716 2067 777 2106 ita
799 2067 920 2107 multo
938 2072 1029 2120 post
1045 2079 1284 2118 exspirasse.
1346 2065 1599 2107 Consulibus
1615 2067 1755 2108 ambo-

334 2122 415 2164 bus
453 2122 579 2164 Italia
612 2123 827 2178 provincia
861 2139 956 2165 cum
991 2123 1058 2164 his
1097 2121 1345 2178 legionibus,
1381 2138 1487 2179 quas
1521 2123 1753 2178 superiores

334 2179 523 2221 consules
553 2180 811 2230 habuissent,
842 2180 1022 2231 decreta,
1054 2187 1095 2221 et
1126 2188 1175 2221 ut
1206 2188 1390 2235 quatuor
1418 2179 1600 2235 legiones
1627 2195 1754 2222 novas

335 2236 586 2277 scriberent:
628 2236 748 2287 duas,
770 2252 882 2292 quae,
904 2253 989 2293 quo
1015 2245 1183 2278 senatus
1213 2235 1451 2285 censuisset,
1473 2236 1751 2278 mitterentur.

334 2300 377 2335 et
409 2294 462 2334 T.
491 2293 712 2344 Quinctius
743 2294 1003 2335 Flamininus
1031 2293 1166 2335 ‘²⁰cum
1202 2293 1368 2335 duabus
1397 2291 1630 2348 legionibus
1659 2308 1753 2349 pro-

381 2453 420 2482 14
445 2452 644 2493 Quoecuqum
661 2460 775 2483 senatus
796 2454 959 2490 censuisset,
975 2454 1022 2494 id]
1113 2454 1150 2484 17
1183 2453 1292 2487 Cereri,
1338 2451 1505 2491 Liberoque,
1549 2457 1577 2481 et
1621 2450 1753 2492 Libet-cr]

338 2495 398 2527 Vel
409 2495 475 2535 lege
486 2507 530 2531 ca,
543 2495 591 2526 vel
604 2498 810 2536 quodcumque.
834 2496 905 2527 Vid.
919 2502 1024 2528 tamen
1068 2495 1143 2528 Vid.
1158 2501 1223 2527 not.
1240 2496 1291 2526 46.
1308 2493 1347 2525 ad
1363 2494 1384 2524 l.
1399 2494 1465 2524 III.
1480 2504 1507 2524 c.
1523 2495 1574 2524 55.

339 2543 402 2570 not.
416 2538 456 2570 ad
472 2539 492 2569 l.
508 2539 613 2569 XXX.
629 2549 657 2569 c.
675 2539 725 2569 17.
1111 2540 1149 2570 18
1183 2539 1218 2569 C.
1246 2538 1443 2577 Sempronium
1476 2537 1655 2566 Tuditanum
1685 2548 1752 2576 prn-

385 2583 424 2612 15
461 2582 529 2612 Post
560 2581 596 2610 Ι).
622 2582 790 2611 cuv-aelium
818 2588 845 2611 et
874 2582 918 2612 Ti.
945 2583 1025 2612 Sem·
1068 2582 1227 2621 consulem]
1266 2581 1335 2611 Iino
1362 2584 1532 2621 praetorem,
1564 2585 1598 2609 ut
1634 2585 1754 2610 constat

336 2625 474 2663 promum
503 2624 593 2664 Coss]
630 2624 668 2654 ld
698 2629 754 2659 est,
783 2634 801 2654 a
824 2624 921 2665 primu
944 2635 1026 2655 annu
1069 2635 1107 2655 ex
1123 2625 1143 2655 1.
1160 2624 1345 2654 xxxmo.
1359 2624 1412 2653 213.
1455 2621 1560 2662 Atque
1583 2622 1640 2652 hoc
1664 2622 1756 2654 modo

338 2667 465 2698 secundi
495 2666 606 2698 Punici
640 2666 724 2697 belli.
782 2667 911 2708 Vulgati
945 2668 1025 2698 male
1070 2667 1181 2708 legitur
1195 2667 1226 2697 in
1241 2666 1373 2708 epitome
1389 2663 1481 2705 hujus
1495 2664 1573 2695 libri.

338 2710 454 2741 habent
470 2711 515 2740 M.
533 2710 709 2740 Cornelium.
1115 2711 1151 2740 19
1163 2712 1179 2729 *
1191 2709 1315 2749 Latum]
1340 2708 1456 2738 Melius
1471 2709 1591 2738 elatum.

386 2754 424 2783 16
455 2753 492 2784 Ρ.
525 2753 657 2783 Cornelio
685 2753 831 2793 Scipione]
871 2752 955 2783 Olim
988 2752 1023 2782 L.
1108 2753 1151 2782 20
1189 2754 1261 2782 Cum
1298 2752 1410 2781 duabus
1445 2752 1603 2791 legionibus
1639 2752 1755 2789 provin-

342 2795 484 2827 Cornelia.
529 2795 658 2835 Pighius
682 2796 811 2827 mutavit
835 2806 1023 2837 praenomen,
1067 2797 1142 2825 viam
1167 2798 1261 2825 eodem
1289 2796 1416 2824 mereim
1441 2795 1581 2835 obtinere]
1616 2793 1672 2823 Hae
1701 2803 1757 2822 vo-

339 2842 369 2869 et
386 2838 593 2879 vultinlelligi
612 2838 770 2870 Nasicam.
1068 2848 1120 2868 ces
1161 2850 1228 2869 cum
1271 2839 1384 2868 duabus
1426 2838 1585 2878 legionibus
1631 2835 1754 2866 omnino
