1947 3222
364 99 412 138 10
888 91 1034 130 TITI
1071 92 1243 131 LIV-II

147 220 188 251 U.
201 219 237 251 c,
250 219 326 250 552.
360 202 506 254 reponi
524 200 662 243 statim
683 200 834 250 debere,
856 214 927 241 nec
955 215 1040 242 cum
1061 203 1149 242 alia
1172 203 1350 256 pecunia
1368 203 1536 245 misceri.
1568 206 1788 258 quodnisi

146 262 236 294 A.c.

250 263 325 293 200.
342 259 510 314 factum
533 264 645 307 esset,
666 264 797 298 votum
826 259 907 298 rite
935 259 1036 300 solvi
1063 273 1140 299 non
1168 274 1295 311 posse.

148 887 291 918 Gallicus
299 891 346 917 tu-

146 930 273 965 multus,

148 977 271 1003 auctore
281 973 347 1003 Ha-

147 1015 281 1046 milcare.

1355 261 1620 317 Quamquam
1641 269 1683 303 et
1701 277 1781 312 res,

360 323 402 357 et
422 322 568 357 auctor
589 314 798 365 movebat,
820 322 959 356 tamen
988 315 1042 356 ad
1073 315 1294 372 collegium
1321 318 1567 373 pontificum
1590 317 1784 360 4³referre

359 371 506 415 consul
534 372 692 428 jussus,
725 371 758 411 si
787 379 926 426 posset
956 380 1067 412 recte
1097 380 1243 414 votum
1277 373 1446 415 incertae
1475 375 1664 431 pecuniae
1695 390 1783 416 sus-

359 428 453 486 cipi.
499 443 634 484 posse,
666 427 905 483 rectiusque
945 428 1070 469 etiam
1105 442 1206 479 esse,
1242 430 1458 484 pontifices
1493 431 1780 472 decreverunt.

360 485 486 526 Vovit
520 486 564 525 in
599 484 744 526 eadem
776 485 904 525 verba
934 485 1091 534 consul,
1120 494 1335 541 praeeunte
1364 487 1546 528 maximo
1570 487 1782 544 pontifice,

360 541 516 598 quibus
536 550 659 582 antea
679 540 1046 597 “quinquennalia
1065 551 1163 583 vota
1183 542 1335 599 suscipi
1365 544 1485 585 solita
1504 554 1620 586 erant
1636 561 1644 585 :
1677 560 1784 600 prae-

360 607 553 655 terquam
583 597 699 654 quod
735 605 852 639 tanta
885 598 1075 654 pecunia,
1106 608 1307 655 quantam
1343 608 1449 651 tum,
1487 617 1621 656 quum
1653 601 1784 642 solve-

360 663 492 706 retur,
530 663 697 696 senatus
737 655 977 704 censuisset,
1010 654 1132 697 ludos
1172 656 1366 712 donaque
1406 657 1618 699 facturum
1653 657 1781 699 vovit.

363 711 510 753 Toties
532 720 627 752 ante
647 711 738 752 ludi
760 711 901 767 magni
922 711 974 752 de
994 720 1108 753 certa
1125 713 1305 768 pecunia
1323 713 1410 755 voti
1431 722 1548 756 erant
1565 731 1574 756 :
1607 715 1636 755 ii
1658 714 1782 771 primi

361 768 414 809 de
434 768 604 809 incerta.

420 826 479 865 X.
513 825 713 866 Omnium
746 824 893 866 animis
928 824 970 865 in
1001 825 1160 866 bellum
1197 826 1519 868 Macedonicum
1546 827 1689 878 versis,
1722 843 1785 869 re-

360 890 486 939 pente
513 881 618 922 nihil
648 881 786 923 minus
815 897 864 922 eo
893 890 1080 938 tempore
1107 883 1370 933 timentibus,
1394 883 1546 924 Gallici
1576 883 1792 925 tumultus¹

360 940 473 980 fama
499 947 648 980 exorta
678 946 751 980 est.
815 939 1029 989 Insubres,
1063 939 1389 995 Cenomanique,
1421 948 1463 980 et
1500 939 1608 990 Boii,
1641 940 1787 981 excitis

361 995 554 1052 ⁴⁵Salyis,
578 995 889 1050 Ilvatibusque,
911 1004 953 1037 et
974 996 1121 1036 ceteris
1152 996 1388 1052 Ligustinis
1418 996 1602 1052 populis,
1625 996 1790 1037 Hamil-

361 1068 454 1094 care
490 1054 623 1094 Poeno
656 1052 777 1102 duce,
811 1052 885 1107 qui
918 1052 962 1093 in
996 1052 1046 1093 iis
1075 1052 1175 1094 locis
1206 1053 1259 1094 de
1292 1053 1573 1094 Hasdrubalis
1602 1052 1788 1094 exercitu

362 1109 622 1159 substiterat,
645 1109 902 1150 Placentiam
932 1110 1169 1155 invaserant
1188 1126 1197 1150 ε
1230 1117 1286 1159 ct,
1309 1110 1474 1165 direpta
1503 1110 1622 1160 urbe,
1645 1125 1691 1151 ac
1712 1125 1788 1165 per

362 1167 465 1208 iram
486 1181 639 1222 magna
659 1181 711 1207 ex
731 1174 851 1222 parte
871 1167 1051 1215 incensa,
1073 1166 1144 1206 vix
1167 1166 1333 1207 duobus
1353 1166 1539 1208 millibus
1567 1167 1786 1208 hominum

361 1225 471 1265 inter
500 1222 694 1264 incendia
721 1222 947 1279 ruinasque
980 1222 1147 1273 relictis,
1179 1223 1354 1279 trajecto
1385 1223 1503 1264 Pado
1533 1223 1587 1264 ad
1620 1224 1789 1264 Cremo-

362 1296 459 1322 nam
480 1280 759 1336 diripiendam
789 1288 984 1336 pergunt.
1047 1280 1205 1320 Vicinae
1230 1280 1346 1321 urbis
1374 1280 1520 1321 audita
1539 1279 1676 1321 clades
1698 1294 1789 1335 spa-

363 1337 471 1379 tium
501 1337 656 1378 colonis
686 1336 804 1378 dedit
834 1337 888 1377 ad
921 1336 1173 1377 claudendas
1207 1345 1365 1393 portas,
1398 1337 1679 1393 praesidiaque
1713 1350 1790 1391 per

362 1409 505 1435 muros
527 1393 809 1450 disponenda3
842 1392 931 1434 ‘¹⁶ut
946 1393 1239 1434 obsiderentur
1261 1402 1399 1434 tamen
1420 1393 1552 1450 prius,
1570 1408 1698 1449 quam
1719 1408 1791 1434 ex-

363 1458 670 1507 pugnarentur,
693 1451 950 1506 nunciosque
981 1449 1194 1491 mitterent
1215 1449 1269 1490 ad
1290 1458 1511 1506 praetorem
1534 1451 1788 1491 Romanum.

365 1508 417 1548 L.
442 1507 598 1548 Furius
630 1508 853 1562 Purpureo
874 1509 990 1548 tmnd
1010 1506 1234 1562 provinciae
1263 1515 1467 1562 praeerat:
1500 1516 1638 1548 cetero
1658 1522 1710 1547 ex
1731 1521 1791 1546 se-

363 1563 682 1609 natusconsulto
717 1562 904 1604 exercitu
940 1562 1124 1612 dimisso,
1160 1570 1314 1619 praeter
1349 1562 1537 1619 quinque
1569 1562 1700 1603 millia
1728 1578 1791 1603 so-

365 1622 478 1663 cium
509 1636 556 1662 ac
583 1619 727 1661 Latini
754 1619 947 1669 nominis,
970 1634 1065 1660 cum
1090 1619 1140 1660 iis
1169 1619 1299 1676 copiis
1328 1619 1371 1659 in
1401 1620 1594 1675 proxima
1620 1619 1790 1675 regione

366 1677 591 1734 provinciae
612 1676 722 1717 circa
741 1675 984 1717 Ariminum
1006 1676 1262 1717 substiterat.
1308 1677 1352 1716 Is
1373 1684 1465 1717 tum
1481 1675 1643 1717 senatui
1665 1676 1793 1731 scrip-

368 1735 435 1784 sit,
459 1749 544 1790 quo
564 1733 607 1775 in
628 1732 818 1774 tumultu
835 1732 1052 1789 provincia
1070 1741 1189 1774 esset.
1223 1734 1411 1773 Duarum
1425 1733 1685 1782 coloniarum,
1704 1746 1794 1786 quae

368 1793 568 1846 ingentem
590 1791 702 1831 illam
731 1796 1001 1843 tempestatem
1021 1790 1177 1830 Punici
1205 1789 1301 1830 belli
1326 1789 1670 1844 subterfugisseut,
1693 1790 1796 1830 alte-

367 1864 455 1889 ram
475 1854 636 1901 captam
658 1861 706 1888 ac
735 1849 935 1900 direptam
957 1846 1008 1887 ab
1028 1847 1216 1896 hostibus,
1238 1848 1410 1888 alteram
1432 1847 1673 1902 obpugnari.
1705 1846 1794 1887 Nec

369 1907 413 1946 in
449 1907 626 1946 exercitu
656 1919 726 1946 suo
756 1905 858 1946 satis
878 1904 1077 1958 praesidii
1105 1905 1257 1945 colonis
1280 1904 1560 1946 laborantibus
1571 1905 1688 1959 fore,
1710 1904 1794 1945 nisi

369 1964 544 2018 quinque
560 1963 693 2003 millia
713 1961 856 2003 socizim
878 1961 1155 2017 quadraginta
1182 1962 1357 2002 millibus
1385 1962 1554 2003 hostium
1578 1962 1658 2014 (tot
1688 1963 1791 2002 enim

883 2045 898 2067 d
914 2046 965 2084 qui
980 2050 1043 2075 tum
1060 2044 1158 2076 Gron.
1174 2045 1264 2075 Crev.

370 2126 499 2152 veantur
526 2120 605 2156 ludi,
630 2120 696 2161 jam
713 2119 831 2162 publici
859 2118 956 2149 aerarii
985 2129 1059 2149 usus

1102 2119 1181 2149 inter
1206 2119 1398 2150 Rhodanum
1425 2124 1456 2149 et
1478 2119 1577 2160 Alpes
1598 2117 1788 2152 incolebant,

370 2164 401 2194 in
417 2164 533 2194 bellum
548 2163 652 2195 nullus
667 2169 733 2194 erit.

1103 2160 1180 2192 nihil
1210 2162 1270 2193 huc
1304 2162 1470 2204 pertinent.
1530 2161 1692 2192 Cluverius
1719 2160 1794 2201 legit

413 2208 453 2238 43
489 2206 615 2248 Referre
644 2206 744 2237 consul
762 2207 876 2245 jussus,
905 2207 928 2235 si
952 2205 1056 2245 posset]

372 2250 456 2280 Nota
481 2248 515 2280 ινδ
538 2251 562 2279 si
586 2260 641 2291 pro
661 2261 698 2279 au
724 2248 878 2290 positum:
909 2248 1059 2289 quemad-

371 2293 495 2323 modum
519 2292 585 2333 jam
615 2292 730 2323 sactum
761 2302 780 2322 a
810 2291 897 2322 Livio
928 2290 1062 2321 vidimus

370 2345 474 2377 supra,
502 2335 524 2365 l.
551 2335 612 2366 IV.
639 2346 665 2365 c.
692 2336 745 2365 20.
798 2334 848 2365 Sic
874 2340 905 2365 ct
930 2333 1014 2364 infra
1040 2334 1062 2364 l.

372 2378 533 2409 XXXIII.
552 2389 578 2408 c.
603 2379 655 2409 35.
684 2379 914 2412 Peremzcmtus,
941 2379 965 2407 si
992 2389 1059 2408 con-

370 2423 469 2452 silium
503 2421 631 2451 salutare
667 2422 820 2451 admittere
849 2420 970 2451 auribus
999 2431 1060 2459 pos-

370 2471 430 2495 set:
452 2463 518 2495 etl.
534 2463 694 2494 XXXVI.
708 2474 738 2494 c.
752 2464 805 2494 33.
828 2464 1060 2498 Per-cunctatus,

371 2509 395 2538 si
422 2519 449 2537 se
473 2508 602 2542 interim,
633 2516 697 2546 qua?
725 2506 893 2547 defecissent
920 2507 955 2536 ab
975 2508 1059 2536 socie-

372 2557 432 2581 tate
461 2549 593 2579 Romanu
623 2550 716 2583 urbes,
746 2551 871 2587 recipere
897 2549 998 2579 vellet.-
1032 2554 1062 2579 et

371 2594 392 2623 l.
409 2593 564 2624 XXXIX.
579 2603 607 2622 c.
623 2593 675 2622 50.
700 2591 850 2627 Qucrsisse,
864 2593 888 2622 si
912 2592 1063 2622 incolumis

373 2636 515 2676 Lycvrtas
528 2638 688 2676 equitesque
701 2636 862 2665 evasissent.

415 2680 456 2708 44
482 2678 720 2718 Quinquennulia
756 2678 834 2718 rota]
882 2676 964 2707 Vota
992 2687 1061 2717 quae

372 2721 630 2763 suscipiebantur,
645 2719 670 2750 si
694 2720 724 2750 in
748 2720 885 2761 quinque
901 2729 997 2750 annos
1011 2729 1062 2750 eo-

372 2764 441 2794 dem
466 2763 637 2806 respublica
660 2763 794 2794 stetisset
816 2767 917 2793 statu:
943 2763 981 2793 de
996 2763 1062 2803 qui—

372 2807 429 2838 bus
446 2806 515 2837 vide
531 2807 674 2838 XXVII.
688 2807 739 2837 33.
757 2807 859 2838 XXX.
874 2807 928 2836 27.

416 2851 456 2880 45
490 2851 590 2890 Sulyr's
624 2850 836 2891 Ilvatibusque]
883 2847 983 2890 Salyi,
1011 2847 1065 2888 qui

1103 2206 1270 2242 St‹11iellis‚·
1305 2204 1490 2240 Gronovius
1518 2204 1702 2235 Celeiatibus.
1749 2203 1794 2234 U-

1103 2247 1203 2289 trique
1233 2248 1339 2290 populi
1375 2252 1447 2278 sunt
1477 2246 1620 2287 Liguriae.
1682 2245 1794 2277 Neutri

1105 2290 1314 2322 emendationi
1359 2290 1527 2332 acquiescit
1564 2290 1635 2321 Jac.
1672 2290 1794 2320 Grono-

1106 2333 1191 2364 vius:
1230 2339 1259 2364 et
1284 2344 1379 2375 quum
1409 2333 1513 2375 scripti
1544 2338 1575 2363 et
1602 2331 1694 2374 prisci
1721 2331 1795 2363 editi

1104 2387 1157 2419 pro
1186 2377 1286 2417 Sal-uis
1314 2377 1452 2407 habeant
1477 2375 1527 2406 vel
1555 2375 1714 2409 Senilibus,
1745 2374 1794 2404 vel

1105 2420 1264 2454 Selinibus,
1288 2419 1353 2461 ipse
1375 2418 1521 2449 emendat
1543 2419 1713 2452 Sollinibus,
1729 2416 1796 2448 sive

1105 2463 1336 2493 Solliniensibus.
1382 2461 1533 2492 Sollicitat
1557 2460 1663 2491 itidem
1687 2458 1722 2490 ινδ
1751 2460 1795 2489 ΙΙ-

1104 2507 1227 2540 ratilms,
1274 2503 1453 2545 reponitque
1499 2504 1648 2534 Iriatibus.
1719 2502 1793 2533 Vid.

1105 2554 1246 2589 quartam
1271 2548 1403 2578 Dissert.
1419 2547 1486 2588 ejus
1510 2546 1640 2588 Epistol.
1665 2546 1705 2576 ad
1727 2545 1794 2576 cal-

1105 2601 1171 2621 cem
1188 2591 1234 2620 ll.
1250 2589 1323 2620 tomi
1341 2589 1470 2620 Liviani.

1150 2634 1190 2664 46
1223 2633 1262 2663 Ut
1285 2634 1482 2663 obsiderentur
1510 2631 1620 2671 ῑαιιιωι]
1662 2632 1706 2662 Ut
1733 2641 1794 2661 non

1106 2675 1202 2717 primo
1239 2675 1355 2718 impetu
1392 2680 1650 2717 expugnarentur,
1684 2683 1792 2715 quem-

1108 2717 1274 2749 admodum
1300 2718 1486 2755 Placentini,
1503 2717 1556 2748 scd
1579 2716 1710 2748 obsideri
1734 2716 1795 2747 sal-

1107 2768 1170 2792 tem
1206 2762 1311 2793 urbem
1348 2772 1473 2793 necesse
1508 2767 1599 2796 esset,
1627 2767 1793 2801 antequam

1109 2811 1280 2847 caperetur.
1735 2820 1738 2822 ·
