1947 3222
534 137 649 174 LIB.
679 135 848 173 xxxv.
892 136 1016 172 CAP.
1051 136 1180 174 xxv,
1501 146 1576 184 ρος)

153 242 476 301 Hellespontum
497 259 593 285 cum
614 244 800 285 exercitu
827 243 1045 290 transisse;
1078 253 1140 284 ct‘¹
1163 242 1330 286 JEtolos
1351 247 1409 288 ita
1430 262 1471 290 se
1499 264 1570 305 pa-
1585 257 1626 289 U.
1639 259 1674 290 C.
1690 259 1765 292 560.

149 314 255 351 rare,
278 310 324 342 ut
362 302 440 343 sub
470 301 698 342 adventum
729 301 820 355 ejus
855 301 897 342 in
930 300 1055 341 armis
1088 308 1234 341 essent.
1297 303 1354 344 Et
1387 305 1568 347 Eumeni
1583 301 1762 334 A.C.192.

149 356 324 407 absenti,
347 367 387 400 ct
423 357 617 414 praesenti
639 347 789 399 Attalo
819 358 966 413 gratiae
997 366 1117 398 actae:
1152 365 1191 398 et
1221 356 1255 384 7⁷
1267 358 1376 399 {edes
1409 360 1566 410 liberae,

150 412 279 465 locus,
301 414 432 456 lautia
451 414 632 465 decreta,
654 423 695 456 et
716 430 890 455 munera
920 414 1032 464 data,
1054 415 1152 470 equi
1184 413 1284 463 duo,
1306 415 1404 456 bina
1424 432 1567 472 eques-

150 471 231 511 tria
260 486 387 520 arma,
409 480 450 512 et
482 487 579 512 vasa
609 481 806 527 argentea
825 471 1031 513 '‘Scentum
1062 471 1217 527 pondO,
1239 480 1280 512 et
1311 487 1437 513 aurea
1465 474 1564 516 79νί-

148 527 255 581 giuti
276 528 427 583 pondo.
452 539 455 541 ’
667 526 673 527 ’

205 584 380 625 XXIV.
415 584 563 633 Quum
584 585 654 626 alii
675 594 805 642 atque
825 585 893 626 alii
915 585 1054 627 nuncii
1075 585 1233 629 bellum
1253 585 1408 627 instare
1429 586 1564 628 adfer-

145 648 250 689 rent,
279 640 333 682 ad
366 657 453 682 rem
489 642 695 698 pertinere
728 644 865 684 visum
901 652 977 694 est,
1000 641 1188 683 consules
1227 641 1362 698 primo
1393 658 1563 700 quoque

144 705 330 753 tempore
369 699 511 740 creari.
576 700 729 755 Itaque
765 699 1171 741 senatusconsultum
1207 699 1366 740 factum
1402 708 1479 751 est,
1513 711 1561 743 ut

145 754 207 794 M.
233 755 412 797 Fulvius
442 765 598 812 praetor
627 757 769 798 literas
797 756 1007 812 extemplo
1027 756 1081 797 ad
1114 756 1324 798 consulem
1359 757 1560 808 mitteret,

140 811 298 865 quibus
328 813 478 854 certior
508 814 639 864 fieret,
663 814 824 855 senatui
857 813 1034 869 placere,
1055 812 1271 869 provincia
1289 813 1562 870 exercituque

141 868 298 910 tradito
327 869 490 925 legatis,
515 870 694 911 Romam
725 871 879 912 reverti
911 886 1022 920 eum,
1044 878 1085 911 et
1116 885 1166 911 ex
1199 869 1347 911 itinere
1376 871 1561 926 praemit-

141 932 228 966 tere
269 926 469 977 edictum,
511 943 596 983 quo
636 928 803 969 comitia
850 927 1090 969 consulibus
1137 927 1325 968 creandis
1365 927 1557 970 ediceret.
1575 936 1719 969 Comitia.

141 982 290 1024 Paruit
314 983 379 1024 his
409 984 540 1025 literis
559 985 719 1036 consul,
741 993 797 1035 et,
819 984 1034 1040 praemisso
1054 983 1206 1034 edicto,
1230 984 1409 1025 Romam
1433 985 1555 1027 venit.

139 1039 206 1079 Eo
225 1055 399 1096 quoquc
419 1056 528 1082 anno
557 1056 709 1096 magna
733 1042 906 1083 ambitio
940 1040 1038 1091 fuit,
1061 1040 1177 1095 quod
1207 1040 1370 1095 patricii
1401 1049 1485 1082 tres
1514 1042 1558 1083 in

139 1110 273 1137 unum
313 1097 451 1139 locum
490 1098 717 1153 petierunt,
755 1099 804 1139 P.
837 1097 1056 1138 Cornelius
1093 1097 1169 1138 Cn.
1203 1097 1251 1137 F.
1287 1096 1441 1154 Scipio,
1482 1100 1557 1155 qui

137 1153 276 1207 priore
286 1163 404 1195 ‘anno
425 1154 632 1210 repulsam
662 1155 831 1205 tulerat,
854 1163 896 1196 et
919 1155 970 1195 L.
995 1153 1214 1195 Cornelius
1237 1154 1391 1210 Scipio,
1413 1163 1453 1196 et
1478 1157 1554 1197 Cn.

138 1210 326 1252 Manlius
349 1210 490 1252 Vulso.
552 1212 601 1252 P.
627 1212 824 1269 Scipioni,
847 1221 895 1253 ut
931 1211 1109 1253 dilatum
1136 1211 1228 1252 viro
1261 1211 1352 1262 tali,
1372 1227 1455 1253 non
1487 1228 1556 1253 ne-

132 1274 296 1321 gatum,
325 1268 524 1309 honorem
559 1269 795 1324 adpareret,
823 1268 1064 1310 consulatus
1094 1268 1219 1310 datus
1251 1277 1325 1310 est.
1357 1269 1556 1311 additur¹

130 1323 169 1364 ei
189 1323 243 1365 de
272 1325 394 1381 plebe
417 1326 590 1382 collega,
617 1325 696 1367 Μ’.
720 1325 884 1367 Acilius
907 1325 1094 1367 Glabrio.
1159 1325 1332 1367 Postero
1352 1325 1419 1367 die
1447 1342 1555 1385 prae-

131 1388 242 1422 tores
271 1383 414 1434 creati,
438 1383 488 1424 L.
514 1383 712 1425 AEmilius
735 1383 925 1433 Paullus,
949 1383 1012 1424 M.
1035 1382 1232 1424 AEmilius
1259 1382 1463 1439 Lepidus,
1488 1385 1550 1425 M.

130 1438 288 1479 Junius
325 1440 502 1491 Brutus,
535 1441 589 1480 A.
615 1440 835 1482 Cornelius
872 1439 1121 1489 Mammula,
1156 1441 1202 1480 C.
1228 1440 1392 1490 Livius,
1424 1449 1466 1482 et
1499 1442 1550 1482 L.

131 1494 322 1550 Oppius;
355 1498 529 1552 utrique
559 1513 703 1538 eorum
727 1497 933 1538 Salinator
966 1511 1193 1552 cognomen
1224 1504 1324 1537 erat.
1387 1497 1552 1553 Oppius

128 1550 162 1591 is
192 1560 295 1602 erat,
327 1553 402 1608 qui
438 1554 608 1595 classem
644 1554 820 1610 triginta
851 1552 1021 1594 navium
1058 1552 1100 1594 in
1139 1552 1319 1594 Siciliam
1355 1553 1548 1595 duxerat.

132 1608 304 1649 Interim
343 1610 446 1652 dum
481 1611 577 1653 novi
613 1611 882 1667 magistratus
918 1610 1166 1651 sortirentur
1201 1609 1449 1666 provincias„
1485 1612 1547 1651 M.

129 1665 300 1707 Baebius
321 1682 346 1707 a
368 1668 596 1709 Brundisio
616 1683 711 1709 cum
733 1668 927 1709 omnibus
949 1667 1076 1722 copiis
1098 1667 1273 1718 transire
1303 1666 1345 1707 in
1368 1668 1550 1724 Epirum

127 1729 189 1763 est
223 1723 382 1778 jussus,
413 1733 455 1766 et
495 1725 605 1766 circa
640 1724 907 1781 Apolloniam
948 1724 1088 1780 copias
1127 1724 1362 1765 continere:
1405 1733 1463 1766 et*
1484 1726 1546 1765 M.

128 1778 283 1820 Fulvio
312 1782 483 1836 praetori
513 1783 674 1823 urbano
704 1782 921 1838 negotium
951 1780 1099 1822 datum
1126 1788 1203 1831 est,
1225 1789 1273 1822 ut
1296 1780 1548 1837 quinquere-

127 1850 213 1877 mes
233 1851 362 1879 novas
383 1839 695 1895 quinquaginta
713 1839 880 1879 faceret.

184 1893 335 1935 XXV.
368 1896 427 1936 Et
458 1896 642 1953 populus
663 1896 836 1952 quidem
858 1896 1075 1936 Romanus
1102 1895 1162 1936 ita
1183 1911 1225 1936 se
1245 1895 1298 1936 ad
1319 1911 1461 1937 omnes
1481 1911 1547 1937 co-

124 1958 250 1992 natus
290 1952 491 1994 Antiochi
540 1953 818 2009 praeparabat.
893 1953 1025 1993 Nabis
1068 1953 1156 2009 jam
1203 1967 1285 1993 11011
1326 1952 1545 1995 differebat
1560 1966 1660 1998 Nabis
1677 1969 1743 2012 Gy-

125 2006 298 2058 bellum,
330 2010 402 2050 sed
433 2025 594 2051 summa
625 2011 667 2051 vi
699 2009 911 2066 Gythium
941 2010 1239 2066 obpugnabat;
1273 2018 1329 2059 et,
1361 2009 1545 2051 infensus
1558 2010 1657 2041 thium

124 2064 310 2115 Achaeis,
343 2067 459 2121 quod
499 2067 696 2111 miserant
735 2066 910 2108 obsessis
949 2066 1208 2122 praesidiimi,
1240 2082 1361 2122 agros
1401 2082 1544 2109 eorum
1557 2054 1724 2095 obpugnat.

121 2122 325 2164 vastabat.
388 2125 552 2175 Achaei,
583 2140 665 2166 non
695 2133 818 2166 antea
847 2123 936 2164 ausi
967 2138 1176 2179 capessere
1211 2123 1383 2174 bellum,
1415 2139 1543 2180 quam
1556 2133 1664 2164 Achaei
1680 2133 1743 2164 bel-

122 2178 174 2219 ab
207 2180 345 2221 Roma
374 2182 640 2223 revertissent
671 2181 812 2237 legati,
834 2188 898 2230 ut,
921 2181 1025 2236 quid
1056 2180 1217 2221 senatui
1249 2180 1445 2236 placeret,
1469 2181 1543 2222 sci-
1555 2176 1618 2250 {ium
1634 2177 1664 2206 in
1678 2187 1748 2207 eum

120 2244 228 2286 rent,
251 2245 345 2293 post
376 2238 561 2279 reditum
591 2236 825 2294 legatorum
855 2246 894 2278 et
927 2237 1144 2293 Sicyonem
1175 2237 1396 2278 concilium
1428 2237 1542 2279 edix-
1577 2225 1734 2250 ecernuut.

121 2302 259 2342 erunt,
281 2303 322 2336 et
353 2295 511 2348 legatos
538 2296 593 2337 ad
625 2296 678 2336 T.
703 2294 946 2345 Quinctium
977 2294 1194 2344 miserunt,
1218 2294 1291 2350 qui
1323 2294 1541 2337 consilium

122 2348 175 2389 ab
205 2365 253 2390 eo
282 2359 487 2407 peterent.
549 2354 601 2393 In
632 2352 804 2393 concilio
834 2352 1020 2392 omnium
1053 2351 1107 2391 ad
1141 2351 1299 2392 bellum
1329 2352 1542 2407 extemplo

123 2409 419 2460 capessendum
448 2409 658 2451 inclinatae
689 2408 905 2450 sententiae
935 2417 1076 2449 erant:
1100 2408 1245 2450 ,literae
1278 2407 1330 2448 T.
1355 2407 1540 2458 Quinctii

123 2464 426 2506 cunctationem
447 2467 695 2522 injecerunt,
718 2466 873 2522 quibus
903 2474 1049 2506 auctor
1079 2474 1167 2506 erat
1197 2473 1420 2520 praetorem
1441 2465 1541 2505 clas-

123 2531 290 2574 semque
326 2523 559 2565 Romanam
595 2522 875 2579 exspectandi.
939 2523 1080 2572 Quum
1120 2521 1358 2577 principum
1394 2521 1463 2562 alii
1497 2522 1540 2561 in

122 2578 325 2619 sententia
343 2589 658 2634 permanerent3
693 2580 762 2620 alii
784 2579 988 2621 utendum
1020 2580 1054 2634 ej
1063 2594 1125 2628 us,
1148 2593 1275 2634 quem
1296 2578 1375 2634 ipsi
1397 2593 1542 2618 consu-

121 2629 307 2684 luissent,
334 2637 503 2678 consilio
539 2646 780 2683 censerent;
824 2635 1056 2677 multitudo
1091 2634 1417 2692 Philopoemenis
1453 2649 1541 2674 sen-

443 2726 453 2739 ·
480 2725 497 2750 <1
508 2727 535 2751 et
551 2720 611 2751 del.
629 2721 722 2752 Crev.
811 2723 822 2740 Γ
837 2721 957 2750 additus
970 2719 1068 2750 Gron.
1086 2718 1177 2749 Crev.

165 2801 203 2830 77
228 2801 315 2831 AEdes
338 2803 440 2839 liber-ff,
466 2805 557 2847 locus]
584 2805 658 2837 Vid.
680 2814 743 2836 not.
768 2806 807 2837 ad
852 2806 977 2836 tratium
993 2806 1064 2835 156.
1081 2814 1151 2835 cum
1167 2802 1267 2833 unciis
1281 2803 1312 2831 ⁶2.

121 2842 305 2874 l.XXX.c.
325 2846 372 2875 17.
897 2849 937 2879 79
972 2848 1086 2888 Viginti
1118 2846 1225 2886 pondu]
1274 2845 1454 2891 Biarcasum
1491 2844 1543 2874 31.

161 2886 200 2915 78
226 2887 349 2917 Centum
376 2887 485 2929 pondo]
528 2888 709 2921 Mai-carum
738 2901 808 2922 nos·
854 2901 924 2921 cum
941 2890 1041 2921 unciis
1053 2891 1084 2920 2.

177 2943 271 2970 VOL.
297 2944 365 2970 III.
927 2948 948 2972 P
