1947 3222
573 287 648 352 T.
702 286 974 352 LIVII
1052 285 1570 352 PATAVINI

853 438 1117 491 LIBER
1174 443 1287 490 XL.

158 726 202 757 U.
212 725 250 757 C.
263 726 336 758 570.
371 704 708 757 PRINCIPIO
729 712 983 769 insequentis
1004 713 1099 754 anni
1120 712 1307 754 consules
1337 722 1617 770 praetoresque
1639 715 1777 757 sortiti

155 769 197 799 Α
209 768 247 799 (3·
264 770 336 800 182.
370 770 601 827 provincias
632 780 741 812 sunt.
772 770 1027 820 consulibus,
1047 770 1177 819 nulla,
1198 778 1352 826 praeter
1375 770 1568 826 Ligures,
1589 787 1685 826 quae
1705 773 1777 813 de-

157 835 220 868 Cn.
226 836 346 871 Baebio,
370 836 622 879 cerneretur,
644 836 744 869 erat.
804 826 1047 869 Jurisdictio
1077 827 1236 867 urbana
1264 827 1326 867 M.
1351 827 1534 881 Ogulnio
1556 828 1725 878 Gallo,
1714 843 1778 869 m-

155 877 337 950 16·AEmi¹¹⁰
372 892 434 925 ter
469 885 709 947 peiegrinos
738 885 801 924 M
826 883 990 924 Valerio
1019 883 1180 930 evenit;
1220 883 1518 939 Hispaniarum
1551 885 1599 934 Q.
1622 884 1778 925 Fulvio

155 931 342 995 Pfgiiinciae
371 940 524 981 Flacco
552 941 730 991 citerior,
753 943 802 981 P.
826 939 989 981 Manlio
1018 940 1206 990 ulterior,
1229 941 1280 980 L.
1306 940 1473 981 Caecilio
1494 940 1643 981 Dentri
1677 941 1778 982 Sici-

368 997 438 1062 lia,
462 999 509 1038 C.
535 997 734 1038 Terentio
760 999 882 1038 Istrae
915 996 1117 1037 Sardinia
1179 997 1382 1037 Consules
1411 996 1599 1038 delectus
1623 998 1779 1038 habere

363 1054 482 1109 jussi.
544 1055 592 1104 Q.
618 1053 774 1095 Fabius
804 1069 854 1094 ex
888 1052 1117 1108 Liguribus
1147 1053 1379 1109 scripserat,
1402 1054 1604 1116 Apuanos
1633 1053 1687 1094 ad
1716 1069 1780 1094 re-

371 1110 588 1151 bellionem
629 1119 838 1165 spectare·
829 1141 840 1157 ‚
893 1110 1209 1165 periculumque
1254 1125 1355 1160 esse,
1394 1125 1447 1150 ne
1492 1109 1682 1173 inpetum
1731 1111 1778 1151 in

369 1182 517 1229 agrum
552 1167 747 1207 Pisanum
777 1167 971 1207 facerent.
1032 1168 1090 1207 Et
1125 1181 1177 1206 ex
1208 1166 1437 1222 Hispaniis,
1468 1166 1698 1208 citeriorem
1732 1167 1776 1207 in

369 1238 492 1263 armis
514 1239 614 1273 esse,
636 1231 677 1264 et
707 1238 801 1263 cum
825 1223 1044 1264 Celtiberis
1072 1223 1218 1264 bellari
1254 1224 1459 1264 sciebant:
1492 1223 1532 1263 in
1565 1223 1776 1273 ulteriore,

370 1280 470 1334 quia
498 1279 570 1320 diu
601 1294 710 1334 aeger
744 1287 900 1335 praetor
925 1287 1046 1328 esset,
1068 1279 1236 1320 luxuria
1264 1287 1305 1320 et
1334 1280 1420 1320 otio
1450 1279 1627 1320 solutam
1656 1279 1778 1320 disci-

369 1335 525 1391 plinam
564 1336 784 1377 militarem
823 1351 923 1377 esse.
983 1336 1054 1376 Ob
1089 1351 1138 1376 ea
1175 1351 1304 1376 novos
1338 1335 1542 1376 exercitus
1577 1336 1777 1377 conscribi

369 1392 552 1448 placuit:
591 1401 773 1448 quatuor
812 1392 993 1447 legiones
1031 1393 1073 1433 in
1110 1392 1305 1447 Ligures,
1342 1392 1404 1433 uti
1444 1392 1619 1447 singulae
1650 1392 1779 1448 quina

369 1448 499 1488 millia
518 1457 559 1490 et
581 1449 761 1489 ducenos
790 1450 966 1512 pedites,
989 1457 1175 1490 trecenos
1202 1449 1403 1489 haberent
1433 1449 1618 1503 equites.
1651 1450 1779 1490 socio-

319 1511 324 1516 '
369 1519 464 1545 rum
484 1505 629 1546 iisdem
648 1505 789 1546 Latini
810 1520 987 1547 nominis
1002 1505 1239 1560 quindecim
1259 1505 1388 1545 millia
1407 1505 1597 1560 peditum
1617 1505 1779 1556 addita,

370 1569 412 1603 et
446 1562 674 1618 octingenti
706 1563 878 1626 equites.
920 1562 964 1602 hi
999 1563 1084 1603 duo
1119 1561 1354 1603 consulares
1387 1562 1593 1603 exercitus
1627 1570 1776 1603 essent.

374 1597 585 1659 Scriberet:
589 1627 790 1683 praeterea
813 1619 920 1674 ]ussi
951 1627 1108 1674 septem
1137 1618 1267 1659 millia
1294 1618 1485 1681 peditum
1507 1618 1709 1659 sociorum
1730 1635 1778 1660 ac

372 1674 514 1715 Latini
546 1676 737 1725 nominis,
767 1684 809 1716 et
839 1675 1188 1730 quadiingentos³
1218 1675 1407 1730 equites;
1452 1682 1493 1716 et
1527 1675 1692 1716 mittere
1721 1675 1775 1716 ad

372 1730 436 1770 M.
461 1731 709 1772 Marcellum
748 1730 790 1771 in
827 1731 1022 1781 Galliam,
1058 1732 1126 1772 cui
1162 1747 1212 1772 ex
1249 1731 1466 1773 consulatu
1505 1740 1777 1787 prorogatum

371 1786 589 1843 imperium
620 1796 719 1828 crat.
783 1789 833 1828 In
856 1788 1101 1842 Hispaniam
1131 1788 1253 1828 etiam
1285 1796 1507 1843 utramque
1528 1803 1623 1843 qu·-c
1654 1788 1780 1828 duet-

370 1853 528 1893 rentur,
551 1853 732 1906 quatuor
762 1844 890 1884 millia
919 1844 1107 1898 peditum
1138 1843 1289 1884 civium
1314 1845 1598 1884 Romanorum
1628 1855 1668 1885 et
1698 1844 1777 1885 du-

370 1900 478 1941 centi
507 1900 683 1954 equites,
703 1908 744 1940 et
775 1900 977 1941 sociorum
1008 1908 1164 1955 septem
1194 1900 1322 1941 millia
1350 1899 1539 1955 peditum
1569 1915 1662 1940 cum
1694 1909 1776 1942 tre-

370 1957 500 1997 centis
529 1956 741 2011 cquitibus
772 1956 892 1997 scribi
916 1957 1045 2011 jussa.
1077 1965 1117 1997 et
1149 1958 1197 2006 Q.
1222 1956 1353 1997 Fabio
1375 1956 1561 1998 Labeoni
1591 1972 1685 1998 cum
1707 1973 1779 1997 ex-

370 2012 516 2061 ercitu,
539 2028 664 2067 quem
694 2013 873 2054 habebat
903 2011 944 2053 in
974 2013 1219 2068 Liguribus,
1247 2021 1517 2069 prorogatum
1548 2014 1590 2054 in
1620 2029 1775 2054 annum

369 2083 590 2125 imperlum
612 2078 685 2110 est.

160 2133 300 2180 Proqella
428 2126 605 2166 II.Ve1
635 2126 906 2181 procellosum
933 2142 980 2167 eo
1010 2142 1117 2167 anno
1146 2127 1239 2167 fuit.
1271 2126 1405 2182 pridie
1427 2125 1617 2175 ¹Parilia,
1638 2127 1776 2167 medio

155 2175 340 2217 P'⁰‘¹¹g¹⁰⁵³·
369 2182 498 2222 ferme
529 2182 609 2231 die,
631 2190 750 2223 atrox
782 2198 874 2223 cum
904 2192 1027 2224 vento
1057 2191 1278 2239 tempestas
1308 2192 1448 2224 coorta
1479 2183 1621 2246 multis
1652 2184 1777 2224 sacris

368 2237 637 2300 profanisque
675 2239 770 2279 locis
806 2247 984 2294 suavem
1025 2239 1147 2280 fecit:
1191 2255 1307 2295 sign-1
1341 2255 1454 2280 ·cnca
1488 2239 1529 2280 in
1567 2239 1776 2295 Capitolio

369 2294 542 2350 dejecit:
566 2295 705 2374 forem
727 2311 776 2335 cx
808 2295 896 2336 aede
919 2297 1068 2345 Lunae,
1090 2311 1185 2352 quae
1216 2297 1255 2336 in
1280 2295 1490 2336 Aventino
1514 2304 1589 2344 est,
1612 2305 1773 2350 iaptam

370 2352 484 2400 tulit,
505 2351 584 2392 ct²
596 2350 635 2391 in
667 2351 834 2407 posticis
860 2353 1074 2407 paitibusb
1096 2353 1257 2393 0616115·
1279 2352 1422 2407 templi
1453 2352 1623 2392 adfixit.
1657 2352 1775 2406 signa

369 2408 449 2448 alia
479 2407 520 2447 in
550 2407 658 2448 circo
693 2423 872 2448 maxnno
904 2424 998 2449 cum
1034 2408 1248 2459 colunmis,
1280 2409 1434 2464 quibus
1468 2408 1774 2464 superstabant,

663 2496 679 2513 ²
692 2499 831 2523 senentes
847 2493 943 2523 (ii-on.
961 2494 1051 2524 Crev.
1188 2492 1205 2516 b
1216 2494 1376 2532 parietibus
1392 2490 1477 2522 Eaed.

415 2563 424 2590 Ι
454 2561 583 2601 Parilia]
612 2561 717 2591 Festus
739 2566 804 2591 erat
826 2561 901 2597 (lies,
917 2561 969 2602 qui
988 2563 1045 2591 l’a-
1090 2568 1199 2593 torum.
1245 2561 1307 2592 Hic
1343 2566 1407 2592 erat
1441 2560 1508 2591 dies
1542 2560 1654 2591 natalis
1687 2561 1772 2591 urbis

366 2604 437 2633 τὶΙια
473 2603 521 2634 vel
557 2605 669 2633 Palilia
708 2603 884 2634 dicebatur:
926 2605 1046 2640 Palilia,
1091 2606 1214 2635 Romae.

370 2657 389 2677 a
415 2650 568 2688 pastorum
592 2645 650 2676 dea
674 2645 766 2683 I’ale3
791 2647 920 2681 Parilia,
939 2646 1046 2687 quoni·
1133 2649 1152 2677 2
1188 2647 1225 2678 In
1263 2647 1376 2687 posticis
1416 2645 1589 2686 parietibus]
1641 2644 1770 2692 Aliquot

372 2699 420 2719 am
444 2699 497 2730 pro
519 2694 606 2730 partu
630 2687 745 2735 pecoris
760 2688 859 2718 eidem
875 2689 939 2718 deae
962 2699 1049 2719 sacra
1091 2689 1194 2730 scripti
1226 2691 1374 2735 partibus:
1408 2688 1489 2728 quod
1521 2688 1645 2729 quidem
1672 2687 1773 2728 magis

370 2731 498 2766 fiebant,
512 2736 588 2761 teste
604 2732 692 2762 Festo
712 2741 743 2760 111
758 2741 831 2761 voce
850 2731 942 2761 Pales.
987 2733 1012 2762 (¹
1016 2742 1048 2762 e·
1092 2731 1195 2773 placet
1236 2733 1262 2762 G
1269 2730 1399 2761 ronovio.
1454 2731 1551 2761 Nobis
1594 2729 1771 2760 utrumlibet

371 2774 569 2804 lebrabantur
594 2774 658 2803 lia-c
686 2773 730 2803 ses
733 2778 764 2803 ta
790 2783 818 2803 a.
841 2773 871 2803 d.
903 2775 949 2803 11.
975 2774 1049 2804 Kal.
1092 2785 1185 2815 parvo
1207 2774 1380 2805 discrimine.
1406 2773 1546 2804 habetur.
1587 2773 1665 2803 Tam
1686 2771 1768 2802 enim

374 2815 486 2845 Maias.
532 2816 622 2846 nitus
648 2826 684 2846 ac
709 2815 905 2845 caeremonias
925 2816 1048 2846 I‘alilio-
1093 2816 1233 2847 videntur
1261 2823 1331 2858 apte
1359 2816 1418 2846 dici
1440 2817 1544 2855 postici
1568 2817 1691 2855 parietes
1715 2813 1770 2844 do-

372 2869 437 2889 rum
462 2860 524 2889 fuse
546 2859 687 2890 describit
705 2858 846 2894 Ovidius,
861 2858 880 2889 Ι.
899 2859 956 2889 lv.
978 2859 1047 2890 Fas·
1093 2869 1160 2890 111115
1175 2859 1221 2890 vcl
1239 2860 1322 2895 mdis,
1339 2869 1430 2900 quam
1446 2859 1555 2899 postica:
1567 2864 1674 2898 partes.
