1947 3222
511 111 634 148 LIB.
664 107 876 147 XXXVII.
923 110 1054 148 CAP.
1085 110 1204 149 XIII.
1482 118 1557 158 289

150 231 232 267 mo,
257 220 479 262 miserunt:
512 233 651 275 quem,
674 217 763 258 aliis
784 218 1013 259 virtutibus
1043 218 1197 258 bellicis
1228 220 1553 279 haudquaquam
1570 234 1611 268 U.
1624 234 1662 266 C.
1674 236 1749 267 562.

154 274 412 318 Pausistrato
446 275 873 333 paremscautiorem,
905 289 990 329 quo
1024 274 1160 315 minus
1190 277 1314 316 animi
1345 289 1447 330 crat,
1475 279 1554 321 du-
1570 278 1608 309 Λ·
1622 277 1659 309 C·
1675 279 1746 311 190.

148 347 238 372 cem
260 333 451 374 futurum
473 331 706 373 credebant.
768 331 947 372 Romani
976 339 1017 372 et
1040 332 1249 372 Eumenes
1279 348 1351 374 rex
1381 335 1422 375 in
1445 337 1553 382 Erv-

151 388 325 430 thraeam
354 389 533 445 primum
563 387 595 411 '³²
608 388 775 429 classem
806 388 1110 444 adplicuerunt.
1147 388 1204 429 ibi
1236 398 1397 430 noctem
1428 385 1552 433 unain

150 445 312 495 morati,
347 454 511 501 postero
544 445 610 486 die
647 446 856 501 Corycum
895 445 1094 485 Teiorum
1131 447 1456 500 promontorium
1496 458 1554 489 te-

150 510 342 542 nuerunt.
379 502 474 542 inde
508 517 641 558 quum
676 501 717 542 in
757 502 946 558 proxima
980 503 1128 542 Samiae
1162 502 1314 543 vellent
1350 504 1551 558 trajicere,

148 573 231 598 non
251 567 486 614 exspectato
508 559 602 600 solis
623 566 734 609 ortu,
756 575 807 600 ex
829 575 914 615 quo
935 567 1089 600 statum
1110 558 1203 599 coeli
1230 568 1373 600 notare
1402 561 1553 615 guber-

147 622 310 656 natores
330 623 509 670 possent,
530 617 574 656 in
595 615 793 657 incertam
815 624 1102 671 tempestatem
1133 615 1344 657 miserunt.
1407 615 1552 657 Medio

147 670 189 710 in
208 686 347 722 cursu,
370 671 403 696 ⁴²
414 671 607 729 aquilone
627 673 668 713 in
697 673 1016 730 septentrionem
1038 687 1169 722 verSO,
1191 681 1433 729 exasperato
1453 673 1552 714 fluc-

146 726 259 768 tibus
279 729 381 769 mari
396 730 547 785 jactari
568 739 796 785 coeperunt.

204 784 345 825 XIII.
379 786 671 843 Polyxenidas,
697 788 865 828 Samum
890 787 1094 843 petituros
1121 794 1237 827 ratus
1266 787 1418 838 hostes,
1441 796 1488 829 ut
1510 803 1552 829 se

146 841 327 882 Rhodiae
347 842 463 884 classi
489 844 801 899 conjungerent,
824 843 876 884 ab
898 844 1066 900 Epheso
1096 844 1322 899 profectus,
1344 845 1478 900 primo
1497 846 1551 886 ad

148 899 430 954 RIyonnesum
460 901 599 942 stetit:
633 901 728 941 inde
752 901 805 942 ad
829 900 992 941 Macrin
1017 901 1162 956 (quam
1183 903 1352 955 vocant)
1375 901 1550 943 insulam

145 955 322 1011 trajecit,
345 965 393 997 ut
422 957 762 1013 praetervehentis
791 957 929 998 classis
950 958 981 997 si
1004 972 1109 1012 quas
1138 957 1374 998 aberrantes
1405 972 1454 999 cx
1481 975 1550 1015 ag-

145 1013 255 1052 mine
275 1027 399 1054 naves
428 1024 580 1069 posset,
602 1023 674 1055 aut
704 1023 960 1071 postremum
986 1028 1132 1069 agmen
1163 1022 1398 1070 opportune
1417 1015 1550 1056 adori-

144 1076 272 1110 retur.
334 1071 562 1126 Postquam
598 1086 779 1127 sparsam
810 1078 1056 1126 tempestate
1085 1070 1253 1110 classem
1283 1070 1403 1121 vidit,
1433 1087 1551 1113 occa-

144 1125 298 1166 sionem
328 1127 462 1182 primo
482 1127 749 1182 adgrediendi
780 1136 909 1176 ratus,
932 1126 1073 1183 paullo
1102 1135 1196 1183 post
1226 1127 1550 1170 increbrescente

144 1191 283 1233 vento,
313 1192 354 1224 et
389 1184 563 1239 majores
592 1185 679 1240 jam
711 1183 900 1225 volvente
935 1183 1102 1233 fluctus,
1135 1184 1235 1239 quia
1263 1184 1478 1239 pervenire
1508 1200 1550 1227 se

142 1238 197 1278 ad
218 1255 286 1280 eos
306 1240 474 1281 videbat
494 1256 576 1281 non
606 1256 739 1296 posse,
760 1241 813 1282 ad
834 1240 1066 1282 AEthaliam
1096 1240 1272 1281 insulam
1304 1241 1479 1297 trajecit,
1501 1253 1550 1284 ut

141 1295 239 1336 inde
269 1305 433 1352 postero
454 1297 522 1338 die
545 1298 713 1338 Samum
742 1313 793 1339 ex
823 1298 907 1339 alto
937 1305 1123 1354 petentes
1153 1312 1277 1338 naves
1306 1297 1550 1353 adgredere-

143 1361 225 1393 tur.
287 1354 480 1404 Romani,
501 1370 598 1410 pars
627 1355 793 1410 exigua,
816 1355 959 1411 primis
989 1354 1169 1396 tenebris
1199 1363 1368 1410 portum
1402 1356 1550 1397 Samiae

141 1409 353 1452 desertum
389 1419 636 1452 tenuerunt:
674 1412 811 1452 classis
846 1420 995 1462 cetera,
1026 1419 1187 1452 noctem
1224 1420 1353 1452 totam
1389 1412 1430 1452 in
1465 1413 1549 1454 alto

135 1467 308 1521 jactata,
330 1468 371 1507 in
391 1467 581 1508 eumdem
603 1477 772 1524 portum
793 1468 987 1509 decurrit.
1041 1467 1107 1509 Ibi
1128 1483 1179 1508 ex
1200 1469 1434 1522 agrestibus
1455 1485 1563 1525 cog--

142 1524 245 1573 nito,
266 1523 448 1565 hostium
470 1539 593 1565 naves
615 1525 668 1565 ad
690 1524 920 1566 AEthaliam
951 1534 1072 1574 stare,
1093 1524 1310 1565 consilium
1341 1525 1547 1576 habitum,

143 1588 286 1621 utrum
333 1581 542 1637 extemplo
589 1581 869 1631 decernerent,
910 1597 960 1622 an
1008 1581 1217 1621 Rhodiam
1262 1590 1548 1637 exspectarent

141 1637 324 1678 classem.
355 1637 485 1678 dilata
513 1653 571 1688 re,
595 1638 675 1690 (ita
703 1639 810 1680 enim
840 1639 1018 1695 placuit)
1043 1639 1267 1693 Corycum,
1290 1639 1400 1678 unde
1430 1653 1548 1680 vene-

141 1702 250 1744 rant,
272 1695 536 1749 trajecerunt.
598 1695 877 1751 Polyxenidas
908 1710 1092 1751 quoque,
1121 1709 1253 1750 quum
1283 1694 1441 1736 frustra
1469 1704 1549 1737 ste-

140 1750 270 1801 tisset,
293 1750 508 1806 Ephesum
530 1750 664 1793 rediit.
727 1753 841 1793 Tum
866 1752 1066 1793 Romanae
1085 1766 1210 1791 naves
1230 1766 1362 1792 vacuo
1382 1752 1435 1793 ab
1455 1752 1548 1793 hos-

141 1808 254 1849 tibus
287 1807 391 1848 mari
424 1808 592 1848 Samum
628 1810 891 1865 trajecerunt.
953 1809 1114 1849 Eodem
1145 1817 1186 1849 et
1212 1808 1380 1848 Rhodia
1408 1809 1547 1850 classis
1561 1818 1652 1849 Rom.
1668 1819 1745 1850 clas-

137 1871 231 1919 post
251 1864 339 1905 dies
359 1879 512 1920 paucos
532 1865 657 1906 venit.
688 1881 815 1921 quam
837 1874 885 1907 ut
905 1872 1185 1922 exspectatam
1205 1880 1292 1905 esse
1312 1864 1544 1922 adpareret,
1558 1862 1684 1934 gislante

137 1921 313 1976 profecti
342 1922 550 1977 extemplo
580 1931 678 1964 sunt
698 1923 929 1978 Ephesum,
952 1932 999 1964 ut
1021 1930 1094 1963 aut
1115 1921 1380 1963 decernerent
1409 1923 1546 1963 navali
1559 1906 1606 1947 Ep
1617 1915 1724 1935 “³⁵⁰⁰‘'

138 1978 374 2028 certamine,
401 1986 490 2028 aut,
520 1979 552 2019 si
582 1979 830 2021 detrectaret
859 1979 989 2020 hostis
1022 1993 1222 2035 pugnam,
1253 1977 1387 2034 (quod
1417 1979 1547 2035 pluri-

138 2050 254 2076 mum
288 2035 484 2075 intererat
519 2035 552 2059 '¹5
563 2035 618 2077 ad
655 2036 812 2078 animos
845 2035 1098 2090 civitatium)
1134 2035 1294 2076 timoris
1328 2036 1546 2076 confessio-

138 2106 231 2132 nem
253 2091 542 2147 exprimerent.
604 2094 762 2134 Contra
784 2092 924 2134 fauces
954 2100 1101 2149 portus
1130 2091 1333 2133 instructa
1361 2092 1404 2132 in
1434 2092 1545 2133 fron-

138 2158 219 2190 tem
257 2148 427 2188 navium
461 2150 564 2199 acie,
587 2157 747 2191 stetere.
786 2158 1011 2206 postquam
1050 2163 1170 2189 nemo
1204 2148 1402 2189 adversus
1440 2148 1543 2199 ibat,

138 2206 264 2247 classe
299 2204 445 2255 divisa,
481 2222 576 2262 pars
615 2207 658 2247 in
694 2206 778 2247 salo
812 2206 866 2247 ad
900 2207 1055 2248 ostium
1094 2214 1240 2261 portus
1279 2205 1321 2245 in
1356 2206 1544 2248 anchoris

126 2263 279 2310 vstetit3
311 2276 407 2317 pars
435 2263 478 2303 in
510 2271 660 2304 terram
689 2263 840 2304 milites
869 2263 1074 2320 exposuit.
1134 2261 1227 2303 ⁴⁴¹In
1257 2277 1339 2311 eos,
1365 2263 1453 2317 jam
1483 2262 1543 2303 in-

138 2327 302 2373 gentem
331 2319 517 2374 praedam
546 2320 628 2361 late
658 2320 911 2376 depopulato
940 2335 1041 2376 agro
1069 2327 1252 2374 agentes,
1274 2319 1541 2360 Andronicus

141 2375 332 2425 Macedo,
354 2376 429 2431 qui
455 2375 496 2418 in
527 2376 722 2433 praesidio
743 2376 900 2432 Ephesi
921 2386 1023 2427 erat,
1038 2376 1127 2432 jam
1157 2375 1363 2416 moenibus
1393 2375 1541 2431 adpro-

140 2430 386 2487 pinquantes
406 2435 666 2490 eruptionem
686 2433 800 2483 fecit,
821 2442 1052 2489 exutosque
1073 2448 1223 2488 magna
1248 2440 1366 2487 parte
1386 2432 1540 2487 praedae

138 2487 193 2528 ad
230 2502 341 2529 mare
379 2504 426 2531 ac
465 2506 590 2532 naves
633 2490 806 2545 redegit.
867 2491 1040 2531 Postero
1080 2489 1160 2539 die,
1201 2488 1360 2529 insidiis
1404 2489 1540 2530 medio

182 2601 220 2630 41
247 2601 367 2634 Classem
393 2604 629 2645 applicaverunt]
663 2604 739 2634 Tres
766 2613 817 2634 co*—
904 2604 1029 2634 43³¹*Ad
1063 2605 1171 2634 animos
1206 2601 1374 2641 civitatum]
1420 2601 1539 2642 Adjun-

138 2641 235 2679 dices,
265 2650 342 2677 teste
375 2647 442 2678 Jac.
459 2646 625 2683 Gronovio,
653 2652 685 2678 et
718 2652 818 2677 noster
860 2646 976 2687 gendos
998 2646 1150 2677 Romanis
1174 2653 1204 2676 et
1228 2645 1267 2676 ab
1290 2643 1441 2674 Antiocho
1467 2643 1539 2673 alie-

139 2684 224 2716 Vict-
239 2689 454 2726 applicuerunt.
861 2689 989 2720 nandos.
1198 2714 1201 2715 γ

183 2729 224 2758 42
246 2730 386 2769 Aquilone
412 2733 444 2761 in
471 2732 694 2772 Septentrionem
721 2732 813 2772 verso]
901 2733 942 2762 44
966 2732 1002 2762 In
1023 2743 1065 2762 eos
1077 2734 1146 2771 jam
1169 2733 1312 2772 ingentem
1336 2730 1464 2767 proedam
1481 2749 1490 2757 .
1505 2750 1514 2758 .
1529 2748 1538 2757 .

140 2770 254 2811 Aquilo
290 2778 336 2803 est
372 2778 481 2805 ventus
516 2775 592 2805 inter
624 2776 753 2806 Arctum
786 2780 817 2806 et
859 2781 974 2816 agentes
996 2797 1005 2805 .
1026 2798 1034 2804 .
1053 2797 1061 2805 .
1080 2796 1088 2804 .
1103 2777 1170 2814 jam
1199 2772 1349 2811 moenilms]
1387 2769 1540 2817 Posterius

141 2813 318 2844 Orientem:
351 2815 499 2847 Nara-est.
541 2818 724 2859 Septentrio,
754 2816 816 2848 sive
851 2819 918 2856 jam
942 2817 1054 2847 omittit
1070 2816 1221 2847 Andreas.
1269 2814 1355 2844 Prius
1379 2818 1481 2843 tamen
1501 2813 1538 2842 li-

140 2855 303 2897 Aparctias
318 2858 371 2887 flat
385 2859 424 2889 ab
439 2858 505 2899 ipsa
522 2859 615 2889 Arcto
628 2873 634 2889 :
662 2853 754 2890 Nor-(I.
861 2859 982 2890 bentius
996 2859 1208 2891 deleverimus.

199 2913 291 2939 ΥΟΕ.
318 2914 386 2941 111.
940 2916 962 2940 U
