1947 3222
105 241 148 273 U.
161 240 200 273 C.
210 240 284 272 554.

103 284 145 314 A.
162 284 199 315 C.
215 284 285 314 198.

107 326 280 356 Aristaenus

129 374 217 399 raetor
230 377 282 399 eos

130 416 246 441 ortatur
259 415 294 441 ut

105 457 298 495 expromant,

108 495 185 536 quid
199 495 292 527 seuti-

109 543 174 570 ant.

113 925 248 957 Frustra.

113 1151 217 1194 Pergit
226 1151 312 1183 Aris-

111 1199 222 1228 taenus.

316 125 368 165 66
837 122 983 189 TITI
1030 120 1210 162 LIVII

317 242 438 284 teret,
481 233 575 282 Ubi,
611 231 765 288 inquit,
797 232 872 273 illa
907 233 1131 273 certamina
1165 231 1402 282 animorum,
1435 231 1589 281 Achai,
1625 237 1733 278 sunt,

318 291 458 346 quibus
479 292 523 331 in
543 291 738 331 conviviis
767 296 803 330 el
832 290 1006 338 circulis,
1030 303 1145 343 quum
1174 290 1223 328 de
1243 290 1443 343 Philippo
1473 296 1512 330 et
1532 289 1735 330 Romanis

318 349 467 389 mentio
495 347 653 395 incidit,
675 347 744 387 vix
764 346 946 387 manibus
974 345 1289 398 temperabatis?
1334 347 1452 387 Nunc
1480 347 1525 387 in
1551 346 1734 396 concilio,

319 406 377 445 ad
404 419 490 446 eam
526 418 608 445 rem
642 417 762 443 unam
793 403 961 450 indicto,
993 413 1110 456 quum
1139 403 1360 456 legatorum
1389 404 1587 456 utrimque
1615 401 1737 443 verba

320 463 550 510 audieritis,
573 474 693 514 quum
713 460 894 512 referant
914 460 1188 513 magistratus,
1206 473 1321 515 quum
1335 471 1474 512 praeco
1495 461 1551 500 ad
1568 460 1737 500 suaden-

321 520 412 560 dum
433 524 555 566 vocet,
578 517 838 557 obmutuistis.
897 516 944 557 Si
964 529 1043 556 non
1059 529 1156 556 cura
1175 517 1389 558 communis
1406 518 1563 566 salutis,
1585 531 1636 557 ne
1654 522 1736 557 stu-

322 577 394 617 dia
426 576 596 629 quidem,
629 586 718 627 quae
751 574 796 614 in
830 573 936 613 hanc
966 578 1038 614 aut
1071 574 1184 613 illam
1208 579 1370 626 partem
1404 575 1558 615 animos
1591 579 1738 614 vestros

322 634 584 678 inclinarunt,
605 644 732 672 vocem
756 630 940 684 cuiquam
962 635 1132 683 possunt
1151 631 1402 684 exprimere?
1433 645 1549 685 quum
1562 644 1740 684 praeser-

323 691 395 731 tim
416 703 528 730 nemo
547 694 630 729 tam
646 687 758 728 hebes
777 688 844 735 sit,
868 688 939 740 qui
957 689 1152 740 ignorare
1163 688 1310 740 possit,
1325 689 1489 728 dicendi
1504 702 1553 728 ac
1567 689 1740 728 suaden-

322 747 380 795 di,
401 747 509 801 quod
527 746 691 799 quisque
709 751 782 785 aut
801 745 913 795 velit,
929 750 1000 784 aut
1019 744 1210 797 optimum
1224 749 1356 797 putet,
1371 758 1478 785 nunc
1497 746 1739 786 occasionem

322 815 418 856 esse,
438 804 675 857 priusquam
705 802 923 856 quidquam
953 802 1219 841 decernamus.
1287 801 1368 842 Ubi
1395 803 1515 842 semel
1543 803 1739 842 decretum

322 862 417 909 erit,
449 860 629 901 omnibus
659 859 716 909 id,
748 860 869 900 etiam
905 858 1046 912 quibus
1077 864 1173 898 ante
1206 858 1475 910 displicuerit,
1495 857 1609 912 ⁷³pro
1637 859 1740 899 bono

324 923 446 971 atque
474 918 572 958 utili
589 915 750 969 foedcre
780 916 1079 969 defendendum.
1142 915 1249 955 Haec
1280 914 1518 956 adhortatio
1546 915 1738 971 praetoris

323 974 356 1002 ⁷⁴
368 989 453 1015 non
481 973 607 1015 modo
637 981 893 1029 quemquam
923 986 1054 1013 unum
1085 967 1226 1012 elicuit
1257 971 1311 1012 ad
1342 971 1629 1020 suadendum;
1666 971 1740 1013 sed

323 1046 376 1072 ne
404 1030 619 1072 fremitum
649 1029 822 1086 quidem
852 1036 926 1070 aut
954 1039 1148 1069 murmur
1177 1028 1383 1070 concionis
1415 1036 1558 1080 tantae,
1584 1043 1642 1070 ex
1676 1035 1740 1070 tot

323 1087 492 1145 populis
512 1093 790 1142 congregatae,
812 1084 954 1127 movit.

383 1144 521 1185 XXI.
555 1144 671 1184 Tum
693 1142 930 1184 Aristaenus
953 1149 1110 1198 praetor
1139 1156 1309 1183 rursus:
1340 1140 1479 1182 ⁷⁵Non
1501 1143 1630 1197 magis
1644 1155 1742 1183 con-

323 1203 459 1244 silium
488 1200 610 1249 vobis,
637 1200 847 1253 principes
876 1198 1128 1248 Achaeorum,
1160 1200 1283 1249 deest,
1319 1213 1436 1253 quam
1464 1200 1633 1254 lingua.-
1673 1200 1745 1240 sed

323 1273 393 1301 suo
421 1259 586 1313 quisque
608 1258 793 1310 periculo
815 1258 858 1298 in
878 1269 1077 1297 commune
1095 1257 1312 1297 consultum
1341 1270 1422 1296 nou
1451 1258 1547 1297 malt.
1606 1256 1744 1297 Forsi-

323 1323 398 1358 tan
419 1329 491 1370 ego
511 1328 665 1369 quoque
689 1320 874 1362 tacerem,
895 1314 934 1354 si
947 1313 1133 1367 privatus
1152 1327 1281 1354 essem.
1313 1324 1418 1353 nunc
1431 1319 1592 1366 praetor
1610 1313 1742 1364 video,

325 1380 398 1414 aut
413 1386 493 1414 non
509 1373 686 1412 dandum
699 1372 910 1412 concilium
926 1370 1227 1425 legatisfitisse,
1245 1376 1319 1411 aut
1339 1371 1435 1411 inde
1448 1371 1536 1411 sine
1554 1384 1745 1423 responso

324 1445 388 1472 eos
418 1429 677 1470 dimittendos
707 1441 787 1468 non
816 1441 908 1469 esse.
967 1428 1229 1481 Respondere
1258 1433 1403 1476 autem,
1429 1428 1513 1467 nisi
1541 1442 1590 1467 ex
1615 1433 1746 1468 vestro

324 1488 496 1537 decreto,
514 1487 585 1540 qui
596 1487 788 1539 possum?
825 1485 886 1526 Et
906 1486 1068 1538 quando
1083 1497 1195 1525 nemo
1214 1483 1398 1533 vestrum,
1416 1485 1488 1538 qui
1505 1485 1552 1525 in
1567 1484 1640 1524 hoc
1653 1497 1745 1525 con-

324 1545 460 1586 cilium
482 1543 671 1585 advocati
690 1542 797 1591 estis,
813 1555 893 1595 pro
913 1542 1115 1582 sententia
1144 1541 1362 1595 quidquam
1392 1541 1524 1581 dicere
1552 1542 1650 1589 zmlt,
1672 1546 1746 1580 aut

325 1602 449 1643 audet
454 1623 469 1648 ,·
501 1601 708 1641 orationes
727 1600 963 1652 legatorum,
985 1599 1168 1639 hesterno
1189 1599 1256 1638 die
1275 1598 1419 1649 dictas,
1435 1612 1516 1651 pro
1535 1599 1746 1639 sententiis

317 1665 645 1714 percenseamus;
673 1657 849 1709 perinde
869 1655 931 1696 ac'
951 1669 1030 1696 non
1044 1656 1357 1708 postulaverint,
1379 1668 1469 1709 quae
1488 1669 1509 1696 e
1527 1669 1573 1696 re
1591 1669 1664 1695 sua
1685 1669 1746 1696 es-

325 1721 426 1765 sent,
447 1715 518 1756 sed
533 1715 749 1763 suaserint,
773 1725 863 1767 quae
881 1712 995 1753 nobis
1023 1718 1226 1753 censerent
1254 1713 1378 1751 utilia
1408 1726 1501 1752 esse.
1563 1711 1744 1752 Romani

326 1773 562 1826 Rhodiique
581 1777 620 1811 et
634 1770 799 1811 Attalus
817 1770 1044 1811 societatem
1064 1769 1365 1823 amicitiamque
1385 1775 1562 1810 nostram
1574 1775 1744 1822 petunt.-

328 1835 366 1871 et
387 1830 430 1870 in
451 1829 568 1879 bello,
590 1829 696 1882 quod
718 1828 911 1868 *adversus
931 1827 1172 1880 Philippum
1194 1831 1360 1880 gerunt,
1380 1840 1421 1866 se
1441 1839 1465 1866 a
1487 1825 1600 1866 nobis
1626 1825 1744 1877 adju-

327 1887 421 1928 vari
448 1899 601 1940 aequum
630 1890 799 1925 censent.
858 1884 1082 1937 Philippus
1109 1883 1313 1924 societatis
1340 1896 1464 1924 secum
1495 1884 1680 1924 admonet
1706 1889 1746 1923 et

313 1943 614 1999 jurisjurandi.-
651 1948 721 1982 et¹¹¹
741 1942 857 1982 modo
878 1942 1076 1994 postulat,
1107 1947 1151 1981 ut
1179 1954 1302 1981 secum
1332 1946 1496 1988 stemus;
1536 1941 1664 1989 modo,
1695 1952 1746 1980 ne

328 2001 558 2043 intersimus
577 2000 716 2049 armis,
732 2004 954 2039 contentum
975 1998 1038 2038 ait
1058 2012 1098 2039 se
1117 2010 1210 2039 esse.
1252 1996 1424 2038 Nulline
1443 1998 1554 2038 venit
1573 1998 1618 2038 in
1639 2011 1746 2038 men-

330 2065 421 2107 te'm,
454 2067 537 2106 cu'r,
569 2057 640 2111 qui
668 2056 840 2096 nondum
870 2056 972 2096 socii
999 2062 1104 2104 sunt,
1127 2056 1224 2110 plus
1251 2061 1409 2108 petant,
1441 2068 1558 2108 quam
1587 2055 1744 2095 socius?

333 2115 496 2168 Nonfit
514 2115 587 2154 hoc
603 2128 726 2168 neque
745 2113 939 2154 modestia
958 2113 1165 2166 Philippi,
1188 2125 1313 2166 neque
1334 2111 1572 2165 inpudentia
1593 2112 1745 2152 Roma-

332 2185 484 2212 norum.
534 2170 719 2212 ⁷⁶Achcei
731 2175 876 2223 portus
895 2176 932 2211 et
953 2171 1055 2211 dant
1064 2170 1269 2224 fiduciam
1283 2168 1597 2222 postulantibus,
1616 2175 1657 2209 *et
1678 2170 1747 2210 de-

1116 2246 1141 2263 m
1154 2249 1180 2273 et
1197 2241 1258 2274 del.
1274 2237 1363 2274 Eaed.

1063 2308 1212 2339 vavimus.

718 2241 728 2266 1
743 2254 777 2274 ac
791 2244 815 2274 si
831 2243 927 2275 Gron.
940 2243 1031 2275 Crev.

378 2310 418 2341 73
448 2309 514 2340 Pro
537 2310 606 2340 bono
628 2315 715 2349 atque
740 2309 811 2338 utili
827 2308 943 2350 firdere
968 2310 1017 2339 de-

327 2350 530 2393 fendendum]
569 2352 669 2383 Recte
695 2350 815 2382 videtur
839 2349 1020 2382 Perizonius

335 2395 521 2426 emendare:
548 2395 619 2436 sore
645 2393 869 2435 defundendum.
914 2395 1020 2425 Habet

336 2437 486 2478 quiddam
529 2437 704 2469 inconcinni
744 2437 872 2475 vulgata
907 2437 1016 2468 lectio:

334 2481 380 2517 fid,
409 2490 520 2522 nempe
555 2480 639 2521 quod
681 2480 836 2511 decretum
872 2480 940 2515 erit,
966 2491 1020 2520 pro

338 2523 408 2554 bono
435 2529 521 2563 atquc
552 2524 622 2553 utili
648 2521 764 2563 findere
795 2522 1020 2563 defendendum.

339 2565 426 2603 Quid
453 2566 478 2597 si
508 2565 610 2596 soedus
645 2575 706 2595 non
742 2565 934 2601 decernatur,
963 2565 1018 2596 sed

339 2608 555 2640 Cleomedonti
582 2613 738 2650 pai-eatur,
768 2607 832 2648 qui,
860 2613 894 2637 ut
923 2617 1018 2649 appa-

340 2657 386 2682 ret
408 2661 446 2682 ex
468 2651 603 2683 oratione
629 2649 780 2691 sequenti,
800 2650 951 2680 suadebat
972 2651 1017 2680 A-

338 2694 444 2730 chaeis,
469 2698 504 2725 ut
529 2694 720 2735 quiescerent
745 2692 897 2735 armisque
923 2692 1018 2722 absti-

340 2738 473 2768 nerent?
513 2734 584 2767 Fore.
612 2735 836 2777 defendendum,
865 2740 899 2765 ut
927 2735 1017 2771 infra,

339 2778 362 2809 l.
377 2779 569 2810 XXXVIII.
586 2789 612 2810 c.
628 2781 680 2811 59.
693 2778 764 2821 fore
778 2779 1008 2809 embeseendum.

391 2822 430 2851 74
470 2822 536 2852 Non
570 2824 650 2854 modo
693 2831 864 2862 quemquam
910 2821 1018 2862 unum]

342 2864 415 2895 Non
429 2864 519 2895 modo
537 2875 607 2897 non.
653 2865 721 2897 Hoc
740 2864 805 2905 jam
821 2873 902 2905 saepe
917 2864 1019 2895 obser-

1106 2352 1146 2382 75
1158 2353 1175 2371 ³¹*
1189 2352 1255 2382 Non
1277 2352 1369 2392 magis
1390 2351 1557 2391 consilinm]
1589 2350 1662 2381 Non
1679 2360 1743 2381 ma-

1062 2394 1108 2435 gis
1123 2394 1209 2425 vobis
1221 2393 1308 2424 deest
1329 2393 1403 2434 quid
1425 2394 1567 2424 sentiatis
1581 2399 1612 2423 et
1626 2398 1745 2424 statua-

1063 2437 1101 2468 tis
1122 2437 1206 2479 apud
1229 2436 1346 2467 animos
1369 2442 1483 2466 vestros
1505 2436 1544 2466 de
1561 2446 1593 2466 re
1608 2445 1743 2476 praesen-

1064 2481 1097 2515 ti,
1113 2490 1206 2520 quam
1222 2479 1339 2520 lingua,
1354 2489 1415 2519 qua
1431 2488 1521 2509 sensa
1535 2477 1629 2509 animi
1646 2488 1743 2508 enun-

1064 2523 1160 2553 cietis.
1206 2523 1367 2552 Consilium
1382 2521 1431 2552 hic
1455 2522 1517 2552 sere
1531 2521 1637 2552 eodem
1653 2521 1745 2552 modo

1062 2565 1175 2596 dicitur
1198 2575 1216 2595 a
1246 2564 1342 2599 Livio.
1371 2574 1432 2605 quo
1459 2574 1551 2605 supra
1577 2563 1743 2595 XXVIII.

1062 2609 1114 2638 27.
1144 2619 1194 2638 nec
1222 2609 1384 2642 consiliitm,
1413 2617 1465 2637 nec
1493 2608 1584 2637 oratio
1609 2609 1743 2647 suppedi-

1062 2657 1114 2681 lac.

1105 2694 1146 2723 76
1168 2693 1270 2723 Achai
1282 2691 1397 2732 portus]
1423 2692 1483 2722 llic
1501 2702 1518 2722 a
1533 2692 1659 2732 Sigonio
1672 2702 1743 2723 sen-

1061 2745 1114 2766 sus
1136 2735 1326 2777 suggeritur:
1350 2734 1459 2765 Achaei
1481 2740 1586 2775 portus
1609 2735 1686 2766 dant
1707 2734 1742 2765 fi-

1064 2777 1186 2809 duciam
1204 2777 1354 2809 Romanis
1371 2777 1501 2808 classem
1516 2777 1672 2809 victricem
1688 2777 1743 2808 ha-

1058 2821 1224 2857 ·bentibus3
1249 2821 1393 2862 Philippo
1409 2820 1549 2857 demunt,
1564 2820 1653 2862 cujus
1665 2828 1743 2862 prae-

1064 2869 1108 2894 ter
1130 2863 1266 2905 leg-atum
1287 2863 1367 2895 nihil*
1388 2863 1536 2897 videmus.
1579 2864 1624 2895 At
1645 2862 1742 2894 credi-
