1947 3222
370 107 445 146 146
878 106 1025 147 T1T1
1074 106 1254 147 LIVII

361 217 450 273 =}am
477 215 735 269 nunciantes,
764 231 847 259 non
874 230 972 260 suos
1005 218 1145 269 modo,
1177 217 1250 260 sed
1284 216 1407 260 etiam
1441 216 1595 267 hostes,
1629 212 1661 240 ⁵¹
1669 216 1790 259 fama

154 229 246 306 Xffg
258 230 332 305 ῗ95
369 274 549 315 Romani
570 273 716 316 auxilii
736 274 1001 317 adventantis
1020 274 1311 332 impleverunt.

162 1016 291 1049 Catonis

162 1060 258 1091 oratio
271 1059 311 1090 ad

163 1104 287 1134 milites.

426 330 568 371 XIII.
602 331 773 382 Consul,
804 331 878 373 ubi
907 332 1020 382 satis,
1049 332 1166 388 quod
1193 333 1237 373 in
1267 331 1443 396 speciem
1474 331 1573 382 fuit,
1605 338 1787 372 ostenta-

368 396 461 429 tum
481 395 558 438 est,
578 389 762 430 revocari
792 403 842 429 ex
871 388 1049 429 navibus
1075 388 1227 430 milites
1251 389 1387 445 jubet.
1418 389 1523 444 ipse,
1545 401 1679 443 quum
1694 387 1795 443 jam

368 443 414 485 id
441 452 608 500 tempus
637 446 733 486 anni
762 445 992 500 adpeteret,
1024 459 1109 500 quo
1138 445 1227 501 geri
1256 459 1321 486 res
1350 454 1532 509 possent,
1562 453 1698 486 castra
1724 444 1794 485 hi·-

368 501 500 542 berna
532 501 614 542 tria
647 501 799 542 milliac
832 514 1034 557 passuum
1068 501 1121 542 ab
1154 502 1368 558 Emporiis
1399 501 1551 558 posuit
1588 501 1685 542 inde
1714 516 1790 557 per

369 557 614 607 occasiones,
636 572 747 598 nunc
777 558 854 598 hac
884 566 1018 621 parte,
1039 572 1151 599 nunc
1171 558 1267 606 illa3
1300 558 1464 599 modico
1484 557 1679 614 praesidio
1703 571 1789 598 cas-

367 615 444 656 tris
472 614 630 663 relicto,
663 614 900 670 praedatum
936 614 1087 656 milites
1116 615 1161 656 in
1194 615 1377 656 hostium
1413 630 1534 671 agros
1567 615 1784 656 educebat.

368 671 504 712 Nocte
537 670 667 711 ferme
700 671 1085 726 proficiscebantur,
1121 680 1170 713 ut
1205 680 1248 714 et
1282 686 1409 735 quam
1437 650 1687 728 longissime
1720 670 1788 712 ⁵²a

372 726 515 769 castris
542 727 829 783 procederent,
863 735 906 769 et
935 727 1191 784 inopinatosd
1225 728 1520 791 obprimerent.
1582 730 1641 770 Et
1671 742 1788 769 exer-

372 784 492 825 cebat
512 799 561 824 ea
579 799 644 825 res
670 799 799 826 novos
819 784 985 834 milites,
1007 794 1048 826 et
1078 784 1264 826 hostium
1293 799 1445 840 magna
1468 799 1531 825 vls
1557 785 1790 841 excipieba-

372 849 467 882 tur:
514 856 589 881 nec
618 841 707 897 jam
743 842 885 898 egredi
921 850 1043 883 extra
1075 841 1336 883 munimenta
1369 841 1632 882 castellorum
1667 842 1794 883 aude-

371 898 486 939 bant.
548 888 636 939 Ubi
658 898 756 940 satis
776 898 1004 940 admodum
1026 907 1068 940 et
1089 912 1260 940 suorum
1281 906 1323 940 et
1349 898 1534 939 hostium
1556 898 1713 939 animos
1733 907 1795 940 est

373 963 588 1012 expertus,
610 956 827 996 convocari
858 956 1064 1019 tribunos,
1094 955 1414 1011 praefectosque,
1446 963 1488 996 et
1517 954 1681 1010 equites
1707 969 1794 995 om-

374 1027 461 1063 nes,
483 1020 523 1053 et
545 1012 807 1053 centuriones
822 1012 961 1069 jussit.
1025 1011 1208 1065 Tempus,
1230 1013 1384 1068 inquit,
1407 1013 1514 1066 quod
1531 1026 1638 1065 saepe
1665 1018 1798 1064 optas-

376 1071 444 1120 tis,
467 1070 590 1119 venit,
606 1083 683 1123 quo
704 1069 812 1110 vobis
826 1076 1008 1123 potestas
1009 1070 1136 1123 fieret
1156 1071 1341 1110 virtutem
1358 1076 1464 1110 vestr
1466 1083 1532 1109 am
1549 1070 1797 1110 ostendendi.

379 1126 522 1168 Adhuc
545 1128 785 1180 proedonum
816 1128 958 1181 magis,
995 1140 1113 1181 quam
1145 1127 1392 1178 bellantium,
1431 1127 1642 1167 militastzs
1673 1141 1804 1167 more.-

379 1199 484 1224 nunc
496 1183 614 1238 justa
638 1198 783 1238 pugna
802 1185 931 1226 hostes
950 1199 1033 1224 cum
1055 1185 1230 1225 hostibus
1260 1185 1472 1225 conset-etis
1491 1192 1682 1224 manum&
1714 1197 1794 1223 non

381 1255 499 1295 agros
520 1242 615 1281 inde
628 1242 840 1294 populari,
860 1243 930 1282 sed
954 1241 1110 1282 urbium
1137 1255 1229 1294 opes
1255 1239 1490 1282 exhaurires
1507 1241 1651 1281 licebit.
1714 1241 1800 1282 Pa-

380 1305 460 1339 tres
482 1299 624 1349 nostri,
647 1313 762 1352 quum
785 1299 1003 1352 Hispania
1031 1298 1450 1354 Karthaginiensium,
1473 1305 1511 1339 et
1540 1298 1804 1351 imperatores

381 1355 435 1396 ibi
464 1362 503 1396 et
533 1357 725 1396 exercitus
753 1363 894 1406 essent,
921 1357 997 1410 ipsi
1025 1357 1175 1396 nullum
1205 1357 1500 1409 imperatorem,
1525 1357 1654 1395 nullos
1680 1355 1722 1394 in
1752 1369 1801 1394 ea

383 1414 531 1453 milites
551 1412 766 1460 haberent;
799 1420 932 1454 tamen
953 1415 1104 1454 addere
1124 1414 1195 1454 boc
1216 1414 1431 1466 insoedere
1459 1414 1684 1460 voluerunt,
1704 1411 1738 1435 ⁵⁵
1748 1413 1804 1453 Ut

383 1470 548 1523 imperii
567 1470 632 1510 sui
649 1470 791 1511 Iberus
793 1471 950 1526 fluvius
969 1477 1067 1511 esset
1069 1471 1190 1523 finis.
1251 1470 1386 1520 Nunc,
1408 1482 1524 1524 quum
1555 1469 1633 1509 duo
1648 1475 1804 1522 praeto-

382 1541 460 1577 res,
482 1541 598 1581 quum
619 1528 767 1577 consul,
789 1541 905 1581 quum
935 1533 1016 1568 tres
1041 1529 1235 1568 exercitus
1262 1528 1441 1567 Romani
1460 1526 1715 1579 Hispaniam
1736 1526 1804 1566 ob-

383 1586 558 1634 tineant,
580 1584 984 1638 Karthaginiensium
991 1583 1084 1638 jam
1106 1598 1238 1638 prope
1259 1586 1387 1625 decem
1408 1584 1528 1624 annis
1547 1597 1659 1624 nemo
1680 1584 1724 1624 in
1744 1584 1807 1625 lzis

377 1641 602 1695 provinciis
621 1641 689 1691 sit,
712 1643 920 1694 imperium
943 1642 1055 1682 nobis
1074 1643 1179 1682 citra
1197 1642 1356 1683 Iberum
1377 1641 1561 1682 amissum
1582 1647 1653 1682 est.
1715 1641 1808 1682 Hoc

386 1698 510 1738 armis
530 1704 568 1738 et
588 1698 734 1738 virtute
763 1699 1004 1752 recuperetis
1032 1705 1209 1752 oportet.-
1240 1705 1278 1739 et
1308 1699 1523 1748 nationem,
1546 1698 1802 1739 rebellantem

387 1756 517 1808 magis
537 1761 694 1805 temere,
717 1769 832 1809 quam
854 1762 1084 1796 constanter
1111 1756 1335 1806 bellantem,
1342 1754 1503 1809 jugum,
1526 1769 1601 1808 quo
1618 1769 1660 1796 se
1679 1757 1804 1805 exuit,

387 1814 571 1865 accipere
590 1826 726 1853 rursus
745 1814 909 1866 cogatis.
954 1813 1007 1853 In
1027 1812 1139 1853 hunc
1159 1812 1331 1853 modum
1352 1812 1532 1852 maxime
1557 1811 1804 1853 adhortatus

388 1868 652 1926 pronunciat,
689 1885 731 1911 se
765 1877 885 1910 nocte
915 1869 969 1910 ad
1003 1878 1138 1911 castra
1171 1869 1355 1911 hostium
1390 1868 1632 1910 ducturum.
1664 1868 1723 1910 ita.
1751 1868 1806 1909 ad

389 1941 564 1982 corpora
583 1926 768 1967 curanda
788 1926 958 1968 dimissi.

449 1983 575 2023 XIV.
614 1983 748 2025 Nocte
787 1983 898 2024 medi
901 1989 960 2033 ass,
1003 1998 1136 2040 quum
1177 1983 1363 2040 auspicio
1402 1997 1570 2039 operam
1611 1981 1807 2033 dedisset,

389 2040 618 2096 profectus,
649 2048 698 2081 ut
729 2040 882 2091 locum,
914 2052 1039 2096 quem
1070 2040 1209 2091 vellet,
1241 2041 1487 2097 priusquam
1516 2040 1669 2080 hostes
1686 2039 1812 2081 senti-

390 2105 498 2147 rent,
520 2105 700 2161 caperet,
722 2105 876 2153 praeter
905 2106 1041 2139 castra
1068 2097 1252 2138 hostium
1282 2097 1573 2146 circumducit,
1604 2105 1645 2137 et
1674 2096 1811 2160 prima

390 2153 498 2203 luce,
520 2154 606 2194 acie
634 2153 853 2204 instructa,
877 2155 955 2195 sub
984 2154 1122 2210 ipsum
1142 2154 1300 2195 vallum
1330 2162 1414 2195 tres
1443 2153 1633 2194 cohortes
1662 2152 1809 2194 mittit.

392 2210 600 2250 Mirantes
620 2210 787 2251 barbari
816 2211 870 2252 ab
891 2219 1010 2267 tergo
1030 2211 1271 2267 adparuisse
1302 2211 1555 2259 Romanum,
1577 2209 1809 2250 discurrere

391 2266 470 2322 ipsi
493 2266 546 2307 ad
568 2282 693 2307 arma
757 2268 932 2308 Interim
952 2268 1096 2309 consul
1126 2268 1241 2325 apud
1272 2283 1382 2318 suos,
1405 2268 1626 2321 Nusquam,
1651 2267 1734 2306 nisi
1763 2266 1807 2306 in

391 2325 553 2372 virtute,
584 2337 672 2377 spes
702 2330 772 2373 est,
804 2325 964 2377 milites,
992 2324 1146 2381 inquit,
1168 2332 1206 2366 et
1236 2340 1307 2380 ego
1335 2325 1485 2373 sedulo,
1507 2338 1556 2364 ne
1585 2329 1682 2363 esset
1685 2322 1810 2374 ,feczss
1818 2356 1821 2361 .

393 2380 501 2420 inter
530 2387 664 2421 castra
696 2387 833 2421 nostra
855 2389 893 2422 et
914 2396 985 2422 nos
1004 2383 1128 2423 medii
1153 2383 1293 2423 hostes.
1323 2382 1374 2422 ab
1395 2388 1506 2435 tergo
1526 2381 1693 2420 bostium
1711 2394 1811 2434 ager

394 2442 464 2478 est.
496 2439 604 2491 quod
624 2439 953 2491 pulcherrimum,
977 2440 1080 2480 idem
1110 2440 1345 2480 tutissimum
1368 2445 1438 2488 est,
1461 2440 1504 2478 in
1534 2439 1684 2478 virtute
1702 2450 1810 2490 spem

183 2499 297 2529 Hostes
313 2496 354 2528 ad
385 2495 565 2548 positam
585 2495 744 2536 hahere.
808 2496 896 2538 Sub
917 2495 1006 2537 haec
1027 2496 1216 2538 cohortes
1237 2495 1363 2552 recipi
1379 2495 1518 2551 jubet,
1540 2502 1588 2536 ut
1609 2494 1810 2536 barbaros

182 2551 318 2583 pugnam

183 2584 275 2615 elicit.

435 2579 450 2597 ⁶
464 2578 522 2606 triu
538 2577 631 2607 millia
647 2577 668 2607 1.
684 2578 762 2608 mille
777 2578 874 2610 Gron.
892 2581 982 2610 Crev.
1121 2579 1137 2603 d
1152 2581 1332 2619 inopinantes
1348 2578 1436 2610 Eaed.
1575 2581 1590 2599 θ
1607 2589 1710 2609 manus
1724 2577 1815 2609 Eaed.

394 2615 409 2640 f
422 2620 542 2650 haurire
556 2619 642 2651 Eaed.
771 2624 787 2650 Β
804 2621 903 2652 Media
919 2628 1000 2653 nocte
1015 2621 1102 2653 Eaed.

439 2691 478 2720 51
505 2689 597 2720 Fama
623 2689 748 2721 Romani
774 2693 879 2721 ausilii
900 2694 1084 2723 adventantis
1125 2694 1244 2724 castris:
1282 2692 1440 2723 mendose.
1500 2691 1654 2723 Refutant
1688 2690 1809 2734 antiqui

396 2733 604 2774 implerer-unt]
638 2734 678 2764 Et
706 2732 832 2774 quidem
855 2734 1002 2775 Ilergetes
1022 2735 1082 2767 hoc
1127 2741 1158 2766 et
1174 2735 1256 2766 vict.
1271 2735 1379 2766 codex.

397 2775 488 2807 modo
509 2775 644 2818 periculo
661 2775 807 2808 liberatos
828 2777 942 2808 clarius
963 2777 1081 2809 indicat
1167 2779 1208 2809 53
1237 2778 1277 2809 Ue
1289 2779 1405 2819 imperii
1420 2779 1466 2809 sui
1487 2777 1603 2820 Iberus]
1628 2777 1703 2809 Vid.
1717 2781 1810 2819 suph

397 2817 560 2850 Frontinus
572 2819 594 2850 l.
609 2819 669 2850 IV.
683 2830 710 2850 c.
727 2821 757 2850 7.
1126 2820 1216 2853 XXI.
1233 2823 1262 2851 2.

438 2861 479 2890 52
517 2863 541 2892 A
570 2861 686 2903 castris]
725 2861 928 2894 nocentiores
964 2862 1038 2894 editi
1066 2875 1081 2894 e
