1947 3222
146 269 190 343 3>ss

200 270 237 343 99

248 269 268 341 μιν·

271 270 324 343 ,Ξῖ-’.Ξ

154 607 318 639 Contentio

154 649 355 691 Karthagini-

151 703 270 724 ensium
286 703 356 724 cum

355 156 430 196 470
879 154 913 192 Τ
928 154 944 192 Ι
959 154 992 192 Τ
1009 154 1027 191 I
1067 154 1100 191 L
1115 153 1132 191 l
1147 152 1180 189 V
1195 154 1211 191 1
1227 153 1243 190 1

358 270 449 305 tum
471 262 514 303 in
534 276 667 303 unum
688 271 845 313 coacto,
867 263 941 318 qui
963 262 1188 319 dissipatus
1208 262 1361 312 fuerat,
1383 260 1498 302 nulla
1518 261 1600 302 alia
1618 275 1773 304 memo-

358 318 479 360 rabili
508 329 624 375 gesta
654 321 713 370 re,
735 319 942 360 exercitus
971 319 1014 360 in
1042 319 1218 360 hiberna
1246 319 1525 360 deduxerunt.
1587 318 1693 359 Haec
1723 333 1772 360 ea

360 383 504 417 aestate
532 376 576 416 in
607 376 816 433 Hispania
843 385 972 430 gesta.
1035 376 1276 426 Terentius,
1299 375 1372 431 qui
1403 390 1454 416 ex
1485 390 1533 416 ea
1560 374 1774 431 provincia

361 432 605 483 decesserat,
636 448 764 474 ovans
794 432 938 473 urbem
973 431 1079 473 iniit.
1111 432 1372 483 translatum,
1402 431 1604 487 ⁵⁹argenti
1688 431 1773 473 ndo

362 504 509 530 novem
544 489 672 530 millia
714 496 898 530 trecenta
938 487 1109 543 viginti:
1157 488 1248 529 auri
1287 489 1499 544 octoginta
1537 502 1620 544 pon
1652 504 1693 539 o,
1733 496 1775 529 et

364 545 398 570 ⁶⁰
405 546 502 587 duae
522 561 683 588 coronae
703 559 841 585 aureae
860 544 1000 600 pondo
1025 544 1240 600 sexaginta
1260 553 1428 600 septem.

425 603 578 643 XVII.
611 601 774 642 Eodem
804 615 912 642 anno
942 600 1050 642 inter
1078 601 1283 657 populum
1316 600 1702 656 Karthaginiensem
1734 609 1776 643 et

368 674 505 715 regem
530 657 795 699 Masinissam
824 658 866 698 in
896 672 941 698 re
970 658 1166 713 praesenti
1197 657 1492 713 disceptatores
1518 657 1696 699 Romani
1727 657 1780 699 de

153 735 332 767 Masinissa.
370 731 470 771 agro
508 715 693 756 fuerunt.
744 723 909 770 ceperat
948 729 1044 754 eum
1093 715 1147 756 ab
1188 714 1623 770 Karthaginiensibus,
1662 723 1783 771 pater

181 2132 268 2162 U.C.
285 2130 359 2160 571.

179 2174 272 2204 Λ.(ὶ.
288 2174 356 2203 181.

371 772 620 821 Masinissae,
655 771 783 812 Gala:
829 770 979 812 Galam
1012 771 1184 828 Syphax
1214 770 1310 812 inde
1341 770 1581 827 expulerat:
1622 780 1782 828 postea,

369 829 411 870 in
441 828 619 884 gratiam
650 827 778 869 soceri
807 827 1103 878 Hasdrubalis,
1126 827 1546 883 Karthaginiensibus
1575 827 1685 869 dono
1714 827 1784 868 de-

370 885 500 927 derat.
546 883 915 940 Karthaginienses
935 899 983 925 eo
1004 899 1112 925 anno
1129 884 1352 925 Masinissa
1372 884 1603 940 expulerat.
1651 884 1784 925 Haud

372 942 528 984 minore
559 942 782 983 certamine
811 940 1058 992 animorum,
1081 957 1208 997 quam
1238 956 1371 996 quum
1401 942 1511 982 ferro
1541 950 1582 982 et
1607 941 1693 983 acie
1723 940 1785 982 di-

371 998 593 1049 micarunt,
615 1014 680 1039 res
709 1006 802 1040 acta
831 998 947 1054 apud
978 999 1200 1039 Romanos.
1264 997 1647 1054 Karthaginienses,
1669 997 1785 1055 quod

373 1055 510 1112 primo
538 1056 744 1111 majorum
781 1070 951 1096 suorum
983 1055 1145 1104 fuisset,
1177 1055 1326 1096 deinde
1355 1055 1409 1096 ab
1444 1055 1633 1111 Syphace
1662 1055 1716 1096 ad
1746 1069 1788 1095 se

375 1112 643 1168 pervenisset,
665 1111 923 1168 repetebant.
983 1112 1222 1162 Masinissa,
1243 1113 1415 1165 paterni
1443 1113 1554 1166 regni
1583 1127 1724 1167 agrum
1751 1126 1793 1153 se

374 1175 413 1210 et
433 1169 639 1222 recepisse,
661 1174 699 1209 et
719 1168 864 1209 hahere
883 1168 1009 1223 ⁶¹jure
1024 1170 1217 1222 gentium,
1239 1169 1389 1217 aiebat,
1408 1176 1446 1210 et
1466 1183 1618 1218 caussa,
1641 1177 1680 1211 et
1693 1184 1791 1224 pos-

376 1227 546 1267 sessione
564 1225 807 1279 superiorem
827 1240 920 1267 esse.
951 1227 1057 1266 nihil
1076 1226 1193 1266 aliud
1220 1240 1260 1267 se
1281 1227 1324 1266 in
1345 1241 1392 1266 ea
1414 1226 1700 1279 disceptatione
1719 1241 1795 1269 me-

377 1289 502 1334 tuere,
535 1296 651 1337 quam
682 1297 731 1323 ne
756 1284 890 1336 pudor
919 1283 1206 1332 Romanorum,
1237 1284 1328 1323 dum
1358 1290 1584 1331 vereantur,
1616 1298 1666 1324 ne
1695 1288 1796 1338 quid

379 1341 485 1381 socio
516 1346 635 1393 atque
663 1341 791 1380 amico
824 1340 909 1394 regi
943 1341 1132 1380 adversus
1162 1354 1380 1381 communes
1412 1355 1500 1380 suos
1533 1347 1653 1394 atque
1682 1343 1793 1385 illius

379 1398 508 1438 hostes
543 1398 755 1438 indulsisse
787 1398 1016 1448 videantur,
1047 1398 1192 1437 damno
1221 1399 1285 1438 sit.
1347 1397 1499 1454 Legati
1529 1399 1794 1454 possessionis

375 1455 448 1510 jus
477 1468 561 1495 non
590 1461 822 1495 mutarunt.
859 1469 1045 1495 caussam
1076 1454 1279 1509 integram
1312 1453 1488 1495 Romam
1519 1454 1573 1495 ad
1604 1464 1792 1499 senatum

381 1511 626 1567 rejecerunt.
688 1511 741 1551 In
770 1510 1001 1567 Liguribus
1030 1510 1133 1552 nihil
1162 1520 1308 1567 postea
1334 1519 1512 1566 gestum.
1542 1522 1794 1556 recesserant

382 1568 566 1632 primum
596 1566 640 1608 in
669 1567 810 1609 devios
841 1567 994 1609 saltus:
1027 1568 1192 1618 deinde,
1218 1567 1387 1609 dimisso
1416 1567 1617 1620 exercitu,
1642 1570 1794 1625 passim

380 1639 424 1665 m
445 1624 555 1665 vicos
575 1624 828 1681 castellaque
858 1639 934 1665 sua
962 1624 1110 1681 dilapsi
1141 1633 1250 1666 sunt.
1313 1624 1513 1666 Consules
1543 1641 1713 1682 quoque
1733 1628 1796 1669 di-

381 1681 548 1722 mittere
578 1680 807 1722 exercitum
837 1680 1075 1731 voluerunt,
1097 1697 1145 1723 ac
1172 1681 1224 1723 de
1254 1697 1302 1723 ea
1330 1697 1374 1722 re
1405 1681 1550 1723 Patres
1579 1684 1795 1726 consulue-

382 1745 494 1779 runt.
553 1736 791 1779 ⁶²Alterum
822 1753 873 1779 ex
904 1738 983 1788 his,
1013 1738 1181 1780 dimisso
1211 1739 1412 1789 exercitu,
1443 1739 1496 1779 ad
1526 1739 1794 1795 magistratus

384 1793 425 1834 in
448 1809 603 1835 annum
632 1794 829 1835 creandos
860 1794 998 1835 venire
1022 1795 1200 1836 Romam
1224 1796 1464 1851 jusserunt:
1495 1795 1672 1837 alterum
1698 1813 1793 1838 cum

385 1850 618 1906 legionibus
649 1851 733 1891 suis
759 1850 862 1891 Pisis
892 1851 1086 1892 hiemare.
1147 1853 1277 1892 Fama
1307 1860 1409 1901 erat,
1434 1852 1578 1893 Gallos
1601 1853 1796 1895 Transal-

386 1907 505 1962 pinos
534 1907 802 1963 juventutem
838 1923 1019 1949 armare:
1062 1923 1151 1958 nec,
1182 1909 1224 1949 in
1255 1923 1382 1964 quam
1416 1908 1622 1964 regionem
1660 1910 1796 1951 Italiae

387 1963 572 2004 effusura
601 1979 643 2005 se
672 1964 901 2006 multitudo
932 1972 1051 2014 esset,
1078 1965 1295 2007 sciebatur.
1326 1965 1386 2006 ita
1406 1965 1512 2007 inter
1540 1981 1581 2006 se
1611 1967 1799 2008 consules

388 2030 695 2076 compararunt,
718 2031 765 2062 ut
798 2021 873 2062 Cn.
900 2021 1070 2063 Baebius
1100 2021 1152 2062 ad
1183 2022 1349 2063 comitia
1378 2022 1470 2072 iret,
1493 2022 1593 2078 quia
1620 2024 1683 2063 M.
1708 2024 1800 2065 Bae-

388 2077 484 2118 bius
505 2077 633 2129 frater
653 2079 744 2134 ejus
765 2077 1025 2119 consulatum
1050 2079 1231 2134 petebat.

450 2133 632 2174 XVIII.
677 2134 857 2176 Comitia
895 2135 1135 2176 consulibus
1174 2134 1370 2189 rogandis
1408 2135 1537 2177 fuere.
1587 2136 1713 2178 creati
1751 2136 1797 2178 P.

182 2215 381 2251 P.Cornelio,
395 2190 612 2231 Cornelius
634 2192 860 2247 Cethegus,
884 2192 947 2231 M.
972 2191 1141 2233 Baebius
1159 2188 1423 2248 Tamphilus.
1481 2194 1685 2235 Praetores
1705 2193 1801 2235 inde

181 2259 230 2288 M.
248 2257 356 2289 Baebio

182 2301 270 2332 Coss.

394 2245 509 2297 sacti,
531 2246 616 2287 duo
648 2248 695 2298 Q.
721 2248 857 2299 Fabii,
882 2247 1097 2289 Maximus
1126 2257 1168 2290 et
1199 2250 1350 2299 Buteo,
1374 2249 1464 2290 Ti.²¹
1487 2249 1688 2291 Claudius
1719 2251 1802 2292 Ne·-

957 2345 972 2362 ¹¹
987 2342 1021 2372 C.
1038 2342 1135 2373 Gron.
1152 2342 1243 2373 Crev.

442 2423 483 2453 59
508 2424 631 2465 Argenti
655 2427 748 2464 pondo
778 2436 873 2456 novem
900 2427 991 2456 millia
1021 2433 1079 2456 tre-

397 2475 481 2496 centa
500 2467 621 2508 viginti]
660 2469 777 2498 Marcae
800 2474 950 2499 n‹.-strates
967 2470 1080 2500 14562.

398 2518 468 2538 cum
506 2508 603 2539 unciis
632 2510 662 2540 4.
699 2511 775 2540 Auri
803 2513 947 2553 octaginta
978 2514 1080 2551 poncio.

1125 2427 1185 2458 vit:
1219 2429 1286 2458 auri
1307 2429 1451 2469 octoginta
1473 2433 1500 2457 et
1523 2428 1580 2457 dim
1600 2429 1703 2466 pondo,
1725 2439 1804 2458 curro-

1127 2481 1171 2500 nae
1200 2481 1297 2501 num?
1332 2472 1479 2511 smaginta
1506 2476 1618 2508 septem.
1678 2471 1805 2502 Pondus

1125 2523 1303 2544 coronarum
1320 2523 1380 2543 non
1396 2523 1514 2553 semper
1529 2512 1671 2553 exprimit
1687 2513 1805 2550 Livius,

399 2551 520 2581 Marcae
539 2552 609 2582 125.

442 2594 484 2624 60
511 2594 589 2623 Duoe
616 2605 726 2624 coronoe
754 2606 852 2625 aurea·
881 2599 973 2635 pando
1001 2607 1080 2627 seia-

398 2637 485 2675 ginla
506 2637 624 2677 septem]
661 2637 828 2677 Sexaginta
848 2646 964 2679 septem
981 2639 1082 2680 pondo

403 2677 540 2709 efficiunt
562 2689 680 2710 marcas
704 2685 853 2710 nostrates
880 2682 950 2711 104.
977 2681 1082 2711 uncias

403 2722 433 2751 5.
469 2721 657 2752 semunciam
699 2723 725 2752 l.
773 2722 911 2752 Nimium
947 2724 1082 2765 profecto

403 2763 535 2804 pondus,
558 2765 639 2805 quod
664 2764 694 2795 in
717 2765 794 2795 duas
816 2775 943 2796 coronas
966 2766 1082 2807 impen-

405 2805 504 2837 datur.
557 2808 668 2848 ltaque
705 2807 813 2838 vitiosa
849 2809 952 2849 procul
991 2809 1084 2839 (lubio

406 2847 470 2877 hmo
494 2849 583 2880 lectio
606 2856 662 2883 cst.
687 2861 705 2881 :t
731 2850 860 2882 Gelenio
884 2851 1021 2882 invecta:
1055 2858 1083 2883 ct

404 2892 576 2923 revocanda
599 2893 699 2934 potius
717 2904 753 2925 ca
769 2904 860 2934 qnam
878 2894 928 2925 ille
945 2894 1083 2925 elimina-

1128 2562 1265 2597 utsupra
1283 2556 1303 2585 1.
1319 2555 1472 2586 XXXIX.
1489 2565 1516 2585 c.
1529 2556 1581 2585 29.

1167 2599 1323 2629 61⁸*J11re
1342 2598 1489 2639 gentium]
1532 2599 1608 2629 Jure
1632 2597 1715 2639 apud
1737 2609 1802 2630 om-

1126 2650 1179 2671 nes
1200 2646 1307 2682 gentes
1329 2646 1461 2681 recepto,
1478 2645 1511 2670 ut
1531 2651 1634 2671 eorum
1649 2651 1719 2683 qua:
1735 2652 1806 2683 pos-

1125 2683 1203 2714 sedit
1217 2688 1314 2726 pater,
1331 2682 1411 2712 filius
1426 2683 1521 2714 lueres
1533 2684 1582 2714 sit.

1168 2726 1208 2755 62
1234 2727 1366 2755 :uterum
1391 2737 1422 2754 m·
1446 2727 1499 2762 his,
1524 2728 1635 2757 dimisso
1661 2727 1803 2768 mereim]

1128 2767 1264 2808 Apparet
1287 2777 1323 2798 ex
1348 2779 1374 2798 c.
1395 2769 1441 2799 19.
1464 2774 1494 2800 et
1516 2779 1542 2799 c.
1559 2770 1609 2800 25.
1625 2768 1714 2802 infra.
1732 2779 1806 2800 neu-

1128 2816 1207 2840 trum
1223 2821 1239 2840 c
1263 2811 1440 2842 consulibus
1461 2812 1626 2842 exercitum
1649 2810 1808 2843 dimisisse.

1131 2853 1262 2883 Mutatis
1299 2854 1440 2884 nimirum
1478 2854 1664 2896 temporibus
1691 2859 1808 2885 mutata

1130 2901 1173 2926 cst
1189 2902 1217 2927 ct
1233 2904 1367 2933 senatus,
1384 2903 1413 2927 et
1429 2897 1586 2928 consulum
1605 2897 1757 2928 voluntas.
