<?xml version="1.0" encoding="UTF-8"?>
<!DOCTYPE html PUBLIC "-//W3C//DTD XHTML 1.0 Transitional//EN"
    "http://www.w3.org/TR/xhtml1/DTD/xhtml1-transitional.dtd">
<html xmlns="http://www.w3.org/1999/xhtml" xml:lang="en" lang="en">
 <head>
  <title>
</title>
<meta http-equiv="Content-Type" content="text/html;charset=utf-8" />
  <meta name='ocr-system' content='tesseract 3.04.00' />
  <meta name='ocr-capabilities' content='ocr_page ocr_carea ocr_par ocr_line ocrx_word'/>
</head>
<body>
  <div class='ocr_page' id='page_1' title='image "./historiarumaburb03livyuoft_0025.png"; bbox 0 0 1947 3222; ppageno 0'>
   <div class='ocr_carea' id='block_1_1' title="bbox 21 2095 189 2131">
    <p class='ocr_par' dir='ltr' id='par_1_1' title="bbox 21 2095 189 2131">
     <span class='ocr_line' id='line_1_1' title="bbox 21 2095 189 2131; baseline -0.012 1"><span class='ocrx_word' id='word_1_1' title='bbox 21 2095 25 2098; x_wconf 74' lang='grc'><em>’</em></span> <span class='ocrx_word' id='word_1_2' title='bbox 83 2099 189 2131; x_wconf 86' lang='lat' dir='ltr'>rant.</span> 
     </span>
    </p>
   </div>
   <div class='ocr_carea' id='block_1_2' title="bbox 80 95 1706 2376">
    <p class='ocr_par' dir='ltr' id='par_1_2' title="bbox 83 95 1702 890">
     <span class='ocr_line' id='line_1_2' title="bbox 508 95 1510 135; baseline -0.001 0"><span class='ocrx_word' id='word_1_3' title='bbox 508 98 629 135; x_wconf 88' lang='lat' dir='ltr'><strong>LIB.</strong></span> <span class='ocrx_word' id='word_1_4' title='bbox 660 95 813 134; x_wconf 90' lang='lat' dir='ltr'>XXXI.</span> <span class='ocrx_word' id='word_1_5' title='bbox 861 95 996 134; x_wconf 88' lang='lat' dir='ltr'>CAP.</span> <span class='ocrx_word' id='word_1_6' title='bbox 1026 97 1113 133; x_wconf 91' lang='lat' dir='ltr'>XV.</span> <span class='ocrx_word' id='word_1_7' title='bbox 1466 102 1510 134; x_wconf 88' lang='grc'>15</span> 
     </span>
     <span class='ocr_line' id='line_1_3' title="bbox 91 203 1701 259; baseline -0.002 -8"><span class='ocrx_word' id='word_1_8' title='bbox 91 224 154 259; x_wconf 81' lang='lat' dir='ltr'>e0,</span> <span class='ocrx_word' id='word_1_9' title='bbox 177 218 240 257; x_wconf 86' lang='lat' dir='ltr'>ut,</span> <span class='ocrx_word' id='word_1_10' title='bbox 262 209 371 250; x_wconf 87' lang='lat' dir='ltr'>datis</span> <span class='ocrx_word' id='word_1_11' title='bbox 394 206 674 248; x_wconf 85' lang='lat' dir='ltr'>Macedonum</span> <span class='ocrx_word' id='word_1_12' title='bbox 706 204 886 254; x_wconf 81' lang='lat' dir='ltr'>auxiliis,</span> <span class='ocrx_word' id='word_1_13' title='bbox 908 203 1065 245; x_wconf 89' lang='lat' dir='ltr'>bellum</span> <span class='ocrx_word' id='word_1_14' title='bbox 1088 219 1129 243; x_wconf 87' lang='lat' dir='ltr'>se</span> <span class='ocrx_word' id='word_1_15' title='bbox 1160 204 1311 246; x_wconf 76' lang='lat' dir='ltr'>inferre</span> <span class='ocrx_word' id='word_1_16' title='bbox 1333 206 1512 248; x_wconf 84' lang='lat' dir='ltr'>Atheni-</span> <span class='ocrx_word' id='word_1_17' title='bbox 1525 218 1612 249; x_wconf 89' lang='lat' dir='ltr'>U.c.</span> <span class='ocrx_word' id='word_1_18' title='bbox 1629 218 1701 249; x_wconf 69' lang='lat'>55¹2.</span> 
     </span>
     <span class='ocr_line' id='line_1_4' title="bbox 92 261 1702 322; baseline -0.003 -14"><span class='ocrx_word' id='word_1_19' title='bbox 92 267 260 307; x_wconf 77' lang='lat' dir='ltr'><strong>ensibus</strong></span> <span class='ocrx_word' id='word_1_20' title='bbox 300 272 524 322; x_wconf 84' lang='lat' dir='ltr'>pateretur.</span> <span class='ocrx_word' id='word_1_21' title='bbox 587 263 671 303; x_wconf 90' lang='lat' dir='ltr'>Hic</span> <span class='ocrx_word' id='word_1_22' title='bbox 707 262 930 311; x_wconf 85' lang='lat' dir='ltr'>exercitus,</span> <span class='ocrx_word' id='word_1_23' title='bbox 964 261 1099 317; x_wconf 89' lang='lat' dir='ltr'>primo</span> <span class='ocrx_word' id='word_1_24' title='bbox 1132 268 1285 301; x_wconf 88' lang='lat' dir='ltr'>terram</span> <span class='ocrx_word' id='word_1_25' title='bbox 1323 263 1511 305; x_wconf 86' lang='lat' dir='ltr'>Atticam</span> <span class='ocrx_word' id='word_1_26' title='bbox 1525 262 1564 292; x_wconf 74' lang='grc' dir='ltr'>Λ·</span> <span class='ocrx_word' id='word_1_27' title='bbox 1579 261 1702 293; x_wconf 69' lang='grc'>(3·200·</span> 
     </span>
     <span class='ocr_line' id='line_1_5' title="bbox 91 318 1512 378; baseline -0.001 -14"><span class='ocrx_word' id='word_1_28' title='bbox 91 322 202 364; x_wconf 85' lang='lat' dir='ltr'>ferro</span> <span class='ocrx_word' id='word_1_29' title='bbox 241 322 412 378; x_wconf 85' lang='lat' dir='ltr'>ignique</span> <span class='ocrx_word' id='word_1_30' title='bbox 451 319 747 376; x_wconf 76' lang='lat' dir='ltr'>depopulatUS,</span> <span class='ocrx_word' id='word_1_31' title='bbox 780 333 877 359; x_wconf 86' lang='lat' dir='ltr'>cum</span> <span class='ocrx_word' id='word_1_32' title='bbox 912 318 1045 359; x_wconf 83' lang='lat' dir='ltr'>omnis</span> <span class='ocrx_word' id='word_1_33' title='bbox 1085 318 1247 372; x_wconf 80' lang='lat' dir='ltr'>generis</span> <span class='ocrx_word' id='word_1_34' title='bbox 1287 320 1431 374; x_wconf 80' lang='lat' dir='ltr'>praeda</span> <span class='ocrx_word' id='word_1_35' title='bbox 1469 322 1512 362; x_wconf 91' lang='lat' dir='ltr'>in</span> 
     </span>
     <span class='ocr_line' id='line_1_6' title="bbox 92 375 1509 431; baseline -0.001 -10"><span class='ocrx_word' id='word_1_36' title='bbox 92 379 370 421; x_wconf 82' lang='lat' dir='ltr'>Acarnaniam</span> <span class='ocrx_word' id='word_1_37' title='bbox 403 377 550 419; x_wconf 85' lang='lat' dir='ltr'>rediit:</span> <span class='ocrx_word' id='word_1_38' title='bbox 598 385 637 418; x_wconf 87' lang='lat' dir='ltr'>et</span> <span class='ocrx_word' id='word_1_39' title='bbox 674 375 852 417; x_wconf 87' lang='lat' dir='ltr'>irritatio</span> <span class='ocrx_word' id='word_1_40' title='bbox 887 376 1121 416; x_wconf 90' lang='lat' dir='ltr'>animorum</span> <span class='ocrx_word' id='word_1_41' title='bbox 1158 390 1206 417; x_wconf 83' lang='lat' dir='ltr'>ea</span> <span class='ocrx_word' id='word_1_42' title='bbox 1245 377 1382 431; x_wconf 88' lang='lat' dir='ltr'>prima</span> <span class='ocrx_word' id='word_1_43' title='bbox 1416 377 1509 419; x_wconf 84' lang='lat' dir='ltr'>fuit.</span> 
     </span>
     <span class='ocr_line' id='line_1_7' title="bbox 90 432 1512 492; baseline -0.003 -14"><span class='ocrx_word' id='word_1_44' title='bbox 90 445 234 492; x_wconf 87' lang='lat' dir='ltr'>postea</span> <span class='ocrx_word' id='word_1_45' title='bbox 267 435 300 459; x_wconf 80' lang='lat'>⁶⁹</span> <span class='ocrx_word' id='word_1_46' title='bbox 309 437 476 491; x_wconf 87' lang='lat' dir='ltr'>justum</span> <span class='ocrx_word' id='word_1_47' title='bbox 515 434 673 475; x_wconf 87' lang='lat' dir='ltr'>bellum</span> <span class='ocrx_word' id='word_1_48' title='bbox 709 433 884 474; x_wconf 78' lang='lat' dir='ltr'>decretis</span> <span class='ocrx_word' id='word_1_49' title='bbox 921 432 1102 473; x_wconf 86' lang='lat' dir='ltr'>civitatis</span> <span class='ocrx_word' id='word_1_50' title='bbox 1138 432 1251 473; x_wconf 89' lang='lat' dir='ltr'>ultro</span> <span class='ocrx_word' id='word_1_51' title='bbox 1291 432 1512 474; x_wconf 87' lang='lat' dir='ltr'>indicendo</span> 
     </span>
     <span class='ocr_line' id='line_1_8' title="bbox 88 489 1650 545; baseline -0.002 -10"><span class='ocrx_word' id='word_1_52' title='bbox 88 494 258 535; x_wconf 83' lang='lat' dir='ltr'>factum.</span> <span class='ocrx_word' id='word_1_53' title='bbox 319 491 495 533; x_wconf 88' lang='lat' dir='ltr'>Attalus</span> <span class='ocrx_word' id='word_1_54' title='bbox 526 491 635 532; x_wconf 88' lang='lat' dir='ltr'>enim</span> <span class='ocrx_word' id='word_1_55' title='bbox 664 506 738 531; x_wconf 81' lang='lat' dir='ltr'>rex</span> <span class='ocrx_word' id='word_1_56' title='bbox 772 490 1031 545; x_wconf 86' lang='lat' dir='ltr'>Rhodiique,</span> <span class='ocrx_word' id='word_1_57' title='bbox 1062 489 1096 515; x_wconf 82' lang='lat'>7⁰</span> <span class='ocrx_word' id='word_1_58' title='bbox 1109 489 1338 545; x_wconf 81' lang='lat' dir='ltr'>persecutii</span> <span class='ocrx_word' id='word_1_59' title='bbox 1367 490 1513 531; x_wconf 83' lang='lat' dir='ltr'>ceden-</span> <span class='ocrx_word' id='word_1_60' title='bbox 1525 502 1650 532; x_wconf 79' lang='lat' dir='ltr'>Attalus</span> 
     </span>
     <span class='ocr_line' id='line_1_9' title="bbox 91 544 1670 604; baseline -0.003 -13"><span class='ocrx_word' id='word_1_61' title='bbox 91 559 174 591; x_wconf 90' lang='lat' dir='ltr'>tem</span> <span class='ocrx_word' id='word_1_62' title='bbox 202 551 246 591; x_wconf 93' lang='lat' dir='ltr'>in</span> <span class='ocrx_word' id='word_1_63' title='bbox 278 548 572 590; x_wconf 88' lang='lat' dir='ltr'>Macedoniam</span> <span class='ocrx_word' id='word_1_64' title='bbox 604 547 867 604; x_wconf 82' lang='lat' dir='ltr'>Philippum,</span> <span class='ocrx_word' id='word_1_65' title='bbox 891 562 1025 603; x_wconf 90' lang='lat' dir='ltr'>quum</span> <span class='ocrx_word' id='word_1_66' title='bbox 1047 546 1247 602; x_wconf 63' lang='lat' dir='ltr'>nginam</span> <span class='ocrx_word' id='word_1_67' title='bbox 1278 544 1670 595; x_wconf 58' lang='lat' dir='ltr'>venisse11t32³1¹¹enis·</span> 
     </span>
     <span class='ocr_line' id='line_1_10' title="bbox 88 603 1515 660; baseline -0.002 -12"><span class='ocrx_word' id='word_1_68' title='bbox 88 622 162 647; x_wconf 82' lang='lat' dir='ltr'>rex</span> <span class='ocrx_word' id='word_1_69' title='bbox 193 607 416 657; x_wconf 81' lang='lat' dir='ltr'>Piraeeum,</span> <span class='ocrx_word' id='word_1_70' title='bbox 448 605 698 646; x_wconf 81' lang='lat' dir='ltr'>renovandae</span> <span class='ocrx_word' id='word_1_71' title='bbox 728 604 1029 660; x_wconf 85' lang='lat' dir='ltr'>firmandaeque</span> <span class='ocrx_word' id='word_1_72' title='bbox 1059 619 1156 645; x_wconf 88' lang='lat' dir='ltr'>cum</span> <span class='ocrx_word' id='word_1_73' title='bbox 1183 603 1515 645; x_wconf 83' lang='lat' dir='ltr'>Atheniensibus</span> 
     </span>
     <span class='ocr_line' id='line_1_11' title="bbox 83 660 1516 718; baseline -0.001 -15"><span class='ocrx_word' id='word_1_74' title='bbox 83 663 295 706; x_wconf 71' lang='lat' dir='ltr'>:societatis</span> <span class='ocrx_word' id='word_1_75' title='bbox 336 678 495 713; x_wconf 82' lang='lat' dir='ltr'>caussa,</span> <span class='ocrx_word' id='word_1_76' title='bbox 537 662 713 718; x_wconf 80' lang='lat' dir='ltr'>trajecit.</span> <span class='ocrx_word' id='word_1_77' title='bbox 792 662 952 703; x_wconf 88' lang='lat' dir='ltr'>Civitas</span> <span class='ocrx_word' id='word_1_78' title='bbox 999 661 1133 702; x_wconf 88' lang='lat' dir='ltr'>omnis</span> <span class='ocrx_word' id='word_1_79' title='bbox 1176 660 1342 701; x_wconf 86' lang='lat' dir='ltr'>obviam</span> <span class='ocrx_word' id='word_1_80' title='bbox 1384 661 1516 702; x_wconf 79' lang='lat' dir='ltr'>effusa</span> 
     </span>
     <span class='ocr_line' id='line_1_12' title="bbox 86 717 1516 777; baseline -0.001 -17"><span class='ocrx_word' id='word_1_81' title='bbox 86 735 182 761; x_wconf 90' lang='lat' dir='ltr'>cum</span> <span class='ocrx_word' id='word_1_82' title='bbox 218 720 469 777; x_wconf 84' lang='lat' dir='ltr'>conjugibus</span> <span class='ocrx_word' id='word_1_83' title='bbox 504 735 550 760; x_wconf 90' lang='lat' dir='ltr'>ac</span> <span class='ocrx_word' id='word_1_84' title='bbox 585 719 740 768; x_wconf 87' lang='lat' dir='ltr'>liberis,</span> <span class='ocrx_word' id='word_1_85' title='bbox 771 718 1003 760; x_wconf 88' lang='lat' dir='ltr'>sacerdotes</span> <span class='ocrx_word' id='word_1_86' title='bbox 1033 733 1129 759; x_wconf 90' lang='lat' dir='ltr'>cum</span> <span class='ocrx_word' id='word_1_87' title='bbox 1160 717 1394 773; x_wconf 82' lang='lat' dir='ltr'>insignibus</span> <span class='ocrx_word' id='word_1_88' title='bbox 1431 718 1516 759; x_wconf 86' lang='lat' dir='ltr'>suis</span> 
     </span>
     <span class='ocr_line' id='line_1_13' title="bbox 85 775 1517 832; baseline -0.001 -15"><span class='ocrx_word' id='word_1_89' title='bbox 85 777 311 819; x_wconf 82' lang='lat' dir='ltr'>intrantem</span> <span class='ocrx_word' id='word_1_90' title='bbox 334 778 497 828; x_wconf 84' lang='lat' dir='ltr'>urbem,</span> <span class='ocrx_word' id='word_1_91' title='bbox 519 793 565 817; x_wconf 85' lang='lat' dir='ltr'>ac</span> <span class='ocrx_word' id='word_1_92' title='bbox 588 776 660 817; x_wconf 89' lang='lat' dir='ltr'>Dii</span> <span class='ocrx_word' id='word_1_93' title='bbox 681 791 812 832; x_wconf 85' lang='lat' dir='ltr'>prope</span> <span class='ocrx_word' id='word_1_94' title='bbox 833 775 912 832; x_wconf 90' lang='lat' dir='ltr'>ipsi</span> <span class='ocrx_word' id='word_1_95' title='bbox 933 775 1059 816; x_wconf 84' lang='lat' dir='ltr'>exciti</span> <span class='ocrx_word' id='word_1_96' title='bbox 1088 775 1255 816; x_wconf 85' lang='lat' dir='ltr'>sedibus</span> <span class='ocrx_word' id='word_1_97' title='bbox 1278 775 1377 826; x_wconf 89' lang='lat' dir='ltr'>suis,</span> <span class='ocrx_word' id='word_1_98' title='bbox 1400 790 1517 817; x_wconf 87' lang='lat' dir='ltr'>exce-</span> 
     </span>
     <span class='ocr_line' id='line_1_14' title="bbox 88 844 254 890; baseline 0.006 -16"><span class='ocrx_word' id='word_1_99' title='bbox 88 844 254 890; x_wconf 88' lang='lat' dir='ltr'>perunt.</span> 
     </span>
    </p>

    <p class='ocr_par' dir='ltr' id='par_1_3' title="bbox 80 889 1706 2376">
     <span class='ocr_line' id='line_1_15' title="bbox 145 889 1515 945; baseline -0.002 -12"><span class='ocrx_word' id='word_1_100' title='bbox 145 893 244 933; x_wconf 88' lang='lat' dir='ltr'>XV.</span> <span class='ocrx_word' id='word_1_101' title='bbox 278 893 332 933; x_wconf 91' lang='lat' dir='ltr'>In</span> <span class='ocrx_word' id='word_1_102' title='bbox 372 891 609 932; x_wconf 87' lang='lat' dir='ltr'>concionem</span> <span class='ocrx_word' id='word_1_103' title='bbox 644 889 856 944; x_wconf 89' lang='lat' dir='ltr'>extemplo</span> <span class='ocrx_word' id='word_1_104' title='bbox 896 889 1081 945; x_wconf 88' lang='lat' dir='ltr'>populus</span> <span class='ocrx_word' id='word_1_105' title='bbox 1116 897 1303 939; x_wconf 83' lang='lat' dir='ltr'>vocatus,</span> <span class='ocrx_word' id='word_1_106' title='bbox 1341 897 1390 931; x_wconf 93' lang='lat' dir='ltr'>ut</span> <span class='ocrx_word' id='word_1_107' title='bbox 1426 905 1515 940; x_wconf 85' lang='lat' dir='ltr'>rex,</span> 
     </span>
     <span class='ocr_line' id='line_1_16' title="bbox 86 945 1515 1005; baseline -0.001 -16"><span class='ocrx_word' id='word_1_108' title='bbox 86 964 183 1005; x_wconf 83' lang='lat' dir='ltr'>quae</span> <span class='ocrx_word' id='word_1_109' title='bbox 205 949 346 999; x_wconf 84' lang='lat' dir='ltr'>vellet,</span> <span class='ocrx_word' id='word_1_110' title='bbox 369 963 507 989; x_wconf 86' lang='lat' dir='ltr'>coram</span> <span class='ocrx_word' id='word_1_111' title='bbox 537 955 702 1003; x_wconf 80' lang='lat' dir='ltr'>ageret:</span> <span class='ocrx_word' id='word_1_112' title='bbox 736 946 887 986; x_wconf 88' lang='lat' dir='ltr'>deinde</span> <span class='ocrx_word' id='word_1_113' title='bbox 908 961 960 987; x_wconf 87' lang='lat' dir='ltr'>ex</span> <span class='ocrx_word' id='word_1_114' title='bbox 982 945 1188 1001; x_wconf 83' lang='lat' dir='ltr'>dignitate</span> <span class='ocrx_word' id='word_1_115' title='bbox 1209 946 1342 1001; x_wconf 85' lang='lat' dir='ltr'>magis</span> <span class='ocrx_word' id='word_1_116' title='bbox 1363 946 1515 998; x_wconf 84' lang='lat' dir='ltr'>visum,</span> 
     </span>
     <span class='ocr_line' id='line_1_17' title="bbox 88 1003 1516 1060; baseline -0.001 -14"><span class='ocrx_word' id='word_1_117' title='bbox 88 1007 266 1048; x_wconf 87' lang='lat' dir='ltr'>scribere</span> <span class='ocrx_word' id='word_1_118' title='bbox 288 1021 398 1056; x_wconf 88' lang='lat' dir='ltr'>eum,</span> <span class='ocrx_word' id='word_1_119' title='bbox 421 1005 473 1046; x_wconf 94' lang='lat' dir='ltr'>de</span> <span class='ocrx_word' id='word_1_120' title='bbox 493 1004 650 1060; x_wconf 90' lang='lat' dir='ltr'>quibus</span> <span class='ocrx_word' id='word_1_121' title='bbox 670 1003 899 1053; x_wconf 83' lang='lat' dir='ltr'>videretur,</span> <span class='ocrx_word' id='word_1_122' title='bbox 923 1018 1052 1059; x_wconf 90' lang='lat' dir='ltr'>quam</span> <span class='ocrx_word' id='word_1_123' title='bbox 1082 1012 1331 1059; x_wconf 84' lang='lat' dir='ltr'>praesentem</span> <span class='ocrx_word' id='word_1_124' title='bbox 1360 1012 1433 1044; x_wconf 89' lang='lat' dir='ltr'>aut</span> <span class='ocrx_word' id='word_1_125' title='bbox 1454 1019 1516 1044; x_wconf 88' lang='lat' dir='ltr'>re-</span> 
     </span>
     <span class='ocr_line' id='line_1_18' title="bbox 85 1059 1517 1116; baseline -0.002 -13"><span class='ocrx_word' id='word_1_126' title='bbox 85 1063 269 1105; x_wconf 78' lang='lat' dir='ltr'>ferendis</span> <span class='ocrx_word' id='word_1_127' title='bbox 299 1063 384 1104; x_wconf 86' lang='lat' dir='ltr'>suis</span> <span class='ocrx_word' id='word_1_128' title='bbox 414 1061 455 1102; x_wconf 89' lang='lat' dir='ltr'>in</span> <span class='ocrx_word' id='word_1_129' title='bbox 486 1062 699 1102; x_wconf 88' lang='lat' dir='ltr'>civitatem</span> <span class='ocrx_word' id='word_1_130' title='bbox 729 1059 938 1102; x_wconf 89' lang='lat' dir='ltr'>beneficiis</span> <span class='ocrx_word' id='word_1_131' title='bbox 969 1060 1226 1110; x_wconf 89' lang='lat' dir='ltr'>erubescere,</span> <span class='ocrx_word' id='word_1_132' title='bbox 1256 1068 1331 1101; x_wconf 90' lang='lat' dir='ltr'>aut</span> <span class='ocrx_word' id='word_1_133' title='bbox 1362 1060 1517 1116; x_wconf 84' lang='lat' dir='ltr'>signifi-</span> 
     </span>
     <span class='ocr_line' id='line_1_19' title="bbox 85 1117 1683 1174; baseline -0.002 -13"><span class='ocrx_word' id='word_1_134' title='bbox 85 1120 319 1161; x_wconf 88' lang='lat' dir='ltr'>cationibus</span> <span class='ocrx_word' id='word_1_135' title='bbox 367 1118 828 1174; x_wconf 83' lang='lat' dir='ltr'>adclamationibusque</span> <span class='ocrx_word' id='word_1_136' title='bbox 876 1117 1178 1167; x_wconf 78' lang='lat' dir='ltr'>multitudinis,</span> <span class='ocrx_word' id='word_1_137' title='bbox 1229 1117 1516 1158; x_wconf 85' lang='lat' dir='ltr'>adsentatione</span> <span class='ocrx_word' id='word_1_138' title='bbox 1529 1127 1683 1168; x_wconf 84' lang='lat' dir='ltr'>Populum</span> 
     </span>
     <span class='ocr_line' id='line_1_20' title="bbox 84 1171 1700 1232; baseline 0.001 -15"><span class='ocrx_word' id='word_1_139' title='bbox 84 1176 292 1217; x_wconf 85' lang='lat' dir='ltr'>inmodica</span> <span class='ocrx_word' id='word_1_140' title='bbox 321 1176 525 1232; x_wconf 86' lang='lat' dir='ltr'>pudorem</span> <span class='ocrx_word' id='word_1_141' title='bbox 547 1174 767 1216; x_wconf 88' lang='lat' dir='ltr'>onerantis.</span> <span class='ocrx_word' id='word_1_142' title='bbox 832 1176 884 1215; x_wconf 94' lang='lat' dir='ltr'>In</span> <span class='ocrx_word' id='word_1_143' title='bbox 911 1175 1042 1216; x_wconf 89' lang='lat' dir='ltr'>literis</span> <span class='ocrx_word' id='word_1_144' title='bbox 1072 1182 1230 1224; x_wconf 90' lang='lat' dir='ltr'>autem,</span> <span class='ocrx_word' id='word_1_145' title='bbox 1253 1189 1350 1230; x_wconf 83' lang='lat' dir='ltr'>quae</span> <span class='ocrx_word' id='word_1_146' title='bbox 1379 1174 1516 1216; x_wconf 85' lang='lat' dir='ltr'>missae</span> <span class='ocrx_word' id='word_1_147' title='bbox 1527 1171 1639 1218; x_wconf 68' lang='lat' dir='ltr'>scripto</span> <span class='ocrx_word' id='word_1_148' title='bbox 1655 1171 1700 1202; x_wconf 68' lang='lat'>‘²¹‘</span> 
     </span>
     <span class='ocr_line' id='line_1_21' title="bbox 83 1213 1674 1288; baseline -0.001 -14"><span class='ocrx_word' id='word_1_149' title='bbox 83 1234 129 1274; x_wconf 91' lang='lat' dir='ltr'>in</span> <span class='ocrx_word' id='word_1_150' title='bbox 159 1233 398 1275; x_wconf 85' lang='lat' dir='ltr'>concionem</span> <span class='ocrx_word' id='word_1_151' title='bbox 427 1233 724 1288; x_wconf 83' lang='lat' dir='ltr'>recitataequek</span> <span class='ocrx_word' id='word_1_152' title='bbox 754 1241 866 1283; x_wconf 89' lang='lat' dir='ltr'>sunt,</span> <span class='ocrx_word' id='word_1_153' title='bbox 899 1231 1238 1273; x_wconf 85' lang='lat' dir='ltr'>commemoratio</span> <span class='ocrx_word' id='word_1_154' title='bbox 1268 1240 1356 1273; x_wconf 87' lang='lat' dir='ltr'>erat</span> <span class='ocrx_word' id='word_1_155' title='bbox 1393 1213 1674 1273; x_wconf 58' lang='lat' dir='ltr'>bene-loquum.</span> 
     </span>
     <span class='ocr_line' id='line_1_22' title="bbox 86 1288 1516 1348; baseline 0 -17"><span class='ocrx_word' id='word_1_156' title='bbox 86 1290 274 1332; x_wconf 90' lang='lat' dir='ltr'>ficiorum</span> <span class='ocrx_word' id='word_1_157' title='bbox 304 1290 490 1348; x_wconf 88' lang='lat' dir='ltr'>primum</span> <span class='ocrx_word' id='word_1_158' title='bbox 519 1290 562 1331; x_wconf 87' lang='lat' dir='ltr'>in</span> <span class='ocrx_word' id='word_1_159' title='bbox 593 1290 805 1331; x_wconf 87' lang='lat' dir='ltr'>civitatem</span> <span class='ocrx_word' id='word_1_160' title='bbox 839 1289 1016 1337; x_wconf 83' lang='lat' dir='ltr'>sociam;</span> <span class='ocrx_word' id='word_1_161' title='bbox 1051 1288 1201 1329; x_wconf 91' lang='lat' dir='ltr'>deinde</span> <span class='ocrx_word' id='word_1_162' title='bbox 1231 1304 1388 1339; x_wconf 89' lang='lat' dir='ltr'>rerum,</span> <span class='ocrx_word' id='word_1_163' title='bbox 1411 1305 1516 1344; x_wconf 90' lang='lat' dir='ltr'>quas</span> 
     </span>
     <span class='ocr_line' id='line_1_23' title="bbox 85 1345 1514 1404; baseline -0.001 -15"><span class='ocrx_word' id='word_1_164' title='bbox 85 1348 286 1389; x_wconf 86' lang='lat' dir='ltr'>adversus</span> <span class='ocrx_word' id='word_1_165' title='bbox 318 1347 567 1404; x_wconf 81' lang='lat' dir='ltr'>Philippum</span> <span class='ocrx_word' id='word_1_166' title='bbox 602 1347 822 1402; x_wconf 80' lang='lat' dir='ltr'>gessisset3</span> <span class='ocrx_word' id='word_1_167' title='bbox 861 1346 913 1387; x_wconf 91' lang='lat' dir='ltr'>ad</span> <span class='ocrx_word' id='word_1_168' title='bbox 950 1354 1210 1402; x_wconf 85' lang='lat' dir='ltr'>postremum</span> <span class='ocrx_word' id='word_1_169' title='bbox 1246 1345 1514 1395; x_wconf 75' lang='lat' dir='ltr'>adhortati03</span> 
     </span>
     <span class='ocr_line' id='line_1_24' title="bbox 87 1402 1516 1458; baseline -0.003 -11"><span class='ocrx_word' id='word_1_170' title='bbox 87 1406 379 1458; x_wconf 78' lang='lat' dir='ltr'>Capessendum</span> <span class='ocrx_word' id='word_1_171' title='bbox 415 1405 572 1456; x_wconf 79' lang='lat' dir='ltr'>bellum,</span> <span class='ocrx_word' id='word_1_172' title='bbox 609 1406 700 1444; x_wconf 81' lang='lat' dir='ltr'>dum</span> <span class='ocrx_word' id='word_1_173' title='bbox 732 1419 786 1453; x_wconf 85' lang='lat' dir='ltr'>se,</span> <span class='ocrx_word' id='word_1_174' title='bbox 821 1406 914 1445; x_wconf 82' lang='lat' dir='ltr'>dum</span> <span class='ocrx_word' id='word_1_175' title='bbox 944 1404 1146 1453; x_wconf 70' lang='lat' dir='ltr'>Rhodios,</span> <span class='ocrx_word' id='word_1_176' title='bbox 1181 1402 1214 1429; x_wconf 72' lang='lat'>71</span> <span class='ocrx_word' id='word_1_177' title='bbox 1226 1409 1307 1444; x_wconf 84' lang='lat' dir='ltr'>tum</span> <span class='ocrx_word' id='word_1_178' title='bbox 1343 1404 1516 1457; x_wconf 78' lang='lat' dir='ltr'>quidem,</span> 
     </span>
     <span class='ocr_line' id='line_1_25' title="bbox 82 1461 1516 1515; baseline -0.001 -11"><span class='ocrx_word' id='word_1_179' title='bbox 82 1464 176 1504; x_wconf 77' lang='lat' dir='ltr'>dum</span> <span class='ocrx_word' id='word_1_180' title='bbox 207 1464 328 1504; x_wconf 82' lang='lat' dir='ltr'>etiam</span> <span class='ocrx_word' id='word_1_181' title='bbox 361 1463 569 1503; x_wconf 78' lang='lat' dir='ltr'>Romanos</span> <span class='ocrx_word' id='word_1_182' title='bbox 598 1462 804 1503; x_wconf 74' lang='lat' dir='ltr'>haherent.</span> <span class='ocrx_word' id='word_1_183' title='bbox 864 1461 1153 1515; x_wconf 78' lang='lat' dir='ltr'>Nequidquam</span> <span class='ocrx_word' id='word_1_184' title='bbox 1177 1468 1337 1514; x_wconf 78' lang='lat' dir='ltr'>postea,</span> <span class='ocrx_word' id='word_1_185' title='bbox 1369 1462 1406 1501; x_wconf 83' lang='lat' dir='ltr'>si</span> <span class='ocrx_word' id='word_1_186' title='bbox 1435 1468 1516 1502; x_wconf 79' lang='lat' dir='ltr'>tum</span> 
     </span>
     <span class='ocr_line' id='line_1_26' title="bbox 80 1517 1518 1573; baseline -0.003 -12"><span class='ocrx_word' id='word_1_187' title='bbox 80 1527 310 1568; x_wconf 80' lang='lat' dir='ltr'>cessassent,</span> <span class='ocrx_word' id='word_1_188' title='bbox 327 1521 643 1573; x_wconf 68' lang='lat' dir='ltr'>praetermissam</span> <span class='ocrx_word' id='word_1_189' title='bbox 672 1520 915 1559; x_wconf 78' lang='lat' dir='ltr'>occasionem</span> <span class='ocrx_word' id='word_1_190' title='bbox 947 1521 1197 1571; x_wconf 66' lang='lat' dir='ltr'>quaesituros.</span> <span class='ocrx_word' id='word_1_191' title='bbox 1260 1517 1420 1558; x_wconf 88' lang='lat' dir='ltr'>Rhodii</span> <span class='ocrx_word' id='word_1_192' title='bbox 1448 1518 1518 1558; x_wconf 84' lang='lat' dir='ltr'>de-</span> 
     </span>
     <span class='ocr_line' id='line_1_27' title="bbox 84 1574 1514 1633; baseline -0.003 -15"><span class='ocrx_word' id='word_1_193' title='bbox 84 1577 182 1618; x_wconf 86' lang='lat' dir='ltr'>inde</span> <span class='ocrx_word' id='word_1_194' title='bbox 216 1577 343 1633; x_wconf 84' lang='lat' dir='ltr'>legati</span> <span class='ocrx_word' id='word_1_195' title='bbox 385 1576 521 1617; x_wconf 88' lang='lat' dir='ltr'>auditi</span> <span class='ocrx_word' id='word_1_196' title='bbox 557 1584 678 1617; x_wconf 87' lang='lat' dir='ltr'>sunt:</span> <span class='ocrx_word' id='word_1_197' title='bbox 723 1591 905 1631; x_wconf 89' lang='lat' dir='ltr'>quorum</span> <span class='ocrx_word' id='word_1_198' title='bbox 946 1590 1088 1615; x_wconf 83' lang='lat' dir='ltr'>recens</span> <span class='ocrx_word' id='word_1_199' title='bbox 1123 1583 1211 1615; x_wconf 85' lang='lat' dir='ltr'>erat</span> <span class='ocrx_word' id='word_1_200' title='bbox 1249 1574 1514 1626; x_wconf 85' lang='lat' dir='ltr'>beneficium,</span> 
     </span>
     <span class='ocr_line' id='line_1_28' title="bbox 86 1632 1517 1690; baseline -0.003 -15"><span class='ocrx_word' id='word_1_201' title='bbox 86 1633 203 1690; x_wconf 90' lang='lat' dir='ltr'>quod</span> <span class='ocrx_word' id='word_1_202' title='bbox 232 1649 358 1674; x_wconf 88' lang='lat' dir='ltr'>naves</span> <span class='ocrx_word' id='word_1_203' title='bbox 390 1633 534 1689; x_wconf 85' lang='lat' dir='ltr'>longas</span> <span class='ocrx_word' id='word_1_204' title='bbox 570 1640 754 1688; x_wconf 87' lang='lat' dir='ltr'>quatuor</span> <span class='ocrx_word' id='word_1_205' title='bbox 785 1632 1125 1681; x_wconf 86' lang='lat' dir='ltr'>Atheniensium,</span> <span class='ocrx_word' id='word_1_206' title='bbox 1148 1640 1291 1687; x_wconf 86' lang='lat' dir='ltr'>captas</span> <span class='ocrx_word' id='word_1_207' title='bbox 1326 1646 1462 1687; x_wconf 88' lang='lat' dir='ltr'>nuper</span> <span class='ocrx_word' id='word_1_208' title='bbox 1492 1647 1517 1672; x_wconf 91' lang='lat' dir='ltr'>a</span> 
     </span>
     <span class='ocr_line' id='line_1_29' title="bbox 86 1687 1514 1745; baseline -0.001 -13"><span class='ocrx_word' id='word_1_209' title='bbox 86 1691 392 1732; x_wconf 88' lang='lat' dir='ltr'>Macedonibus</span> <span class='ocrx_word' id='word_1_210' title='bbox 439 1700 804 1745; x_wconf 83' lang='lat' dir='ltr'>recuperatasque,</span> <span class='ocrx_word' id='word_1_211' title='bbox 855 1688 1110 1730; x_wconf 87' lang='lat' dir='ltr'>remiserant.</span> <span class='ocrx_word' id='word_1_212' title='bbox 1161 1687 1306 1744; x_wconf 78' lang='lat' dir='ltr'>itaque</span> <span class='ocrx_word' id='word_1_213' title='bbox 1354 1687 1514 1744; x_wconf 84' lang='lat' dir='ltr'>ingenti</span> 
     </span>
     <span class='ocr_line' id='line_1_30' title="bbox 84 1745 1706 1802; baseline -0.001 -13"><span class='ocrx_word' id='word_1_214' title='bbox 84 1763 286 1789; x_wconf 85' lang='lat' dir='ltr'>consensu</span> <span class='ocrx_word' id='word_1_215' title='bbox 317 1747 476 1788; x_wconf 88' lang='lat' dir='ltr'>bellum</span> <span class='ocrx_word' id='word_1_216' title='bbox 512 1746 711 1787; x_wconf 87' lang='lat' dir='ltr'>adversus</span> <span class='ocrx_word' id='word_1_217' title='bbox 743 1745 992 1802; x_wconf 89' lang='lat' dir='ltr'>Philippum</span> <span class='ocrx_word' id='word_1_218' title='bbox 1028 1745 1256 1786; x_wconf 87' lang='lat' dir='ltr'>decretum.</span> <span class='ocrx_word' id='word_1_219' title='bbox 1319 1745 1514 1787; x_wconf 83' lang='lat' dir='ltr'>Honores</span> <span class='ocrx_word' id='word_1_220' title='bbox 1526 1755 1706 1787; x_wconf 78' lang='lat' dir='ltr'>Decernunt</span> 
     </span>
     <span class='ocr_line' id='line_1_31' title="bbox 83 1798 1695 1861; baseline -0.001 -16"><span class='ocrx_word' id='word_1_221' title='bbox 83 1804 172 1861; x_wconf 86' lang='lat' dir='ltr'>regi</span> <span class='ocrx_word' id='word_1_222' title='bbox 211 1805 394 1861; x_wconf 88' lang='lat' dir='ltr'>primum</span> <span class='ocrx_word' id='word_1_223' title='bbox 432 1803 582 1845; x_wconf 91' lang='lat' dir='ltr'>Attalo</span> <span class='ocrx_word' id='word_1_224' title='bbox 622 1802 833 1853; x_wconf 85' lang='lat' dir='ltr'>inmodici,</span> <span class='ocrx_word' id='word_1_225' title='bbox 870 1802 1021 1843; x_wconf 91' lang='lat' dir='ltr'>deinde</span> <span class='ocrx_word' id='word_1_226' title='bbox 1057 1810 1098 1843; x_wconf 87' lang='lat' dir='ltr'>et</span> <span class='ocrx_word' id='word_1_227' title='bbox 1136 1802 1316 1843; x_wconf 89' lang='lat' dir='ltr'>Rhodiis</span> <span class='ocrx_word' id='word_1_228' title='bbox 1351 1798 1695 1856; x_wconf 55' lang='lat' dir='ltr'>liabiti:{³t¹¹0ssif³n·</span> 
     </span>
     <span class='ocr_line' id='line_1_32' title="bbox 84 1843 1703 1918; baseline -0.001 -15"><span class='ocrx_word' id='word_1_229' title='bbox 84 1870 174 1903; x_wconf 86' lang='lat' dir='ltr'>tum</span> <span class='ocrx_word' id='word_1_230' title='bbox 196 1862 379 1918; x_wconf 89' lang='lat' dir='ltr'>primum</span> <span class='ocrx_word' id='word_1_231' title='bbox 401 1861 556 1902; x_wconf 83' lang='lat' dir='ltr'>mentio</span> <span class='ocrx_word' id='word_1_232' title='bbox 586 1860 716 1901; x_wconf 83' lang='lat' dir='ltr'>inlata</span> <span class='ocrx_word' id='word_1_233' title='bbox 736 1860 788 1901; x_wconf 91' lang='lat' dir='ltr'>de</span> <span class='ocrx_word' id='word_1_234' title='bbox 810 1860 939 1910; x_wconf 87' lang='lat' dir='ltr'>tribu,</span> <span class='ocrx_word' id='word_1_235' title='bbox 964 1875 1091 1915; x_wconf 85' lang='lat' dir='ltr'>quam</span> <span class='ocrx_word' id='word_1_236' title='bbox 1114 1859 1311 1900; x_wconf 85' lang='lat' dir='ltr'>Attalida</span> <span class='ocrx_word' id='word_1_237' title='bbox 1331 1859 1513 1915; x_wconf 87' lang='lat' dir='ltr'>adpella-</span> <span class='ocrx_word' id='word_1_238' title='bbox 1524 1843 1703 1916; x_wconf 46' lang='lat' dir='ltr'>ffll’heillffim</span> 
     </span>
     <span class='ocr_line' id='line_1_33' title="bbox 83 1910 1664 1972; baseline -0.001 -12"><span class='ocrx_word' id='word_1_239' title='bbox 83 1928 190 1969; x_wconf 90' lang='lat' dir='ltr'>rent,</span> <span class='ocrx_word' id='word_1_240' title='bbox 213 1919 268 1960; x_wconf 87' lang='lat' dir='ltr'>ad</span> <span class='ocrx_word' id='word_1_241' title='bbox 297 1919 440 1960; x_wconf 90' lang='lat' dir='ltr'>decem</span> <span class='ocrx_word' id='word_1_242' title='bbox 461 1926 621 1959; x_wconf 79' lang='lat' dir='ltr'>vet-eres</span> <span class='ocrx_word' id='word_1_243' title='bbox 651 1918 788 1958; x_wconf 89' lang='lat' dir='ltr'>tribus</span> <span class='ocrx_word' id='word_1_244' title='bbox 819 1917 1035 1958; x_wconf 87' lang='lat' dir='ltr'>addenda:</span> <span class='ocrx_word' id='word_1_245' title='bbox 1069 1925 1110 1957; x_wconf 89' lang='lat' dir='ltr'>et</span> <span class='ocrx_word' id='word_1_246' title='bbox 1143 1916 1409 1957; x_wconf 81' lang='lat' dir='ltr'>Rhodiorum</span> <span class='ocrx_word' id='word_1_247' title='bbox 1440 1932 1608 1972; x_wconf 84' lang='lat' dir='ltr'>po-pum.</span> <span class='ocrx_word' id='word_1_248' title='bbox 1654 1910 1664 1927; x_wconf 63' lang='lat'><em>¹</em></span> 
     </span>
     <span class='ocr_line' id='line_1_34' title="bbox 83 1973 1514 2032; baseline -0.002 -15"><span class='ocrx_word' id='word_1_249' title='bbox 83 1976 211 2032; x_wconf 86' lang='lat' dir='ltr'>pulus</span> <span class='ocrx_word' id='word_1_250' title='bbox 232 1991 382 2017; x_wconf 85' lang='lat' dir='ltr'>corona</span> <span class='ocrx_word' id='word_1_251' title='bbox 412 1991 539 2017; x_wconf 88' lang='lat' dir='ltr'>aurea</span> <span class='ocrx_word' id='word_1_252' title='bbox 558 1974 727 2015; x_wconf 74' lang='lat' dir='ltr'>virtutis</span> <span class='ocrx_word' id='word_1_253' title='bbox 757 1975 895 2029; x_wconf 77' lang='lat' dir='ltr'>gratia</span> <span class='ocrx_word' id='word_1_254' title='bbox 925 1974 1119 2023; x_wconf 78' lang='lat' dir='ltr'>donatus,</span> <span class='ocrx_word' id='word_1_255' title='bbox 1142 1973 1374 2029; x_wconf 80' lang='lat' dir='ltr'>civitasque</span> <span class='ocrx_word' id='word_1_256' title='bbox 1397 1974 1514 2015; x_wconf 76' lang='lat' dir='ltr'>Rho-</span> 
     </span>
     <span class='ocr_line' id='line_1_35' title="bbox 83 2030 1514 2089; baseline -0.001 -15"><span class='ocrx_word' id='word_1_257' title='bbox 83 2033 164 2074; x_wconf 86' lang='lat' dir='ltr'>diis</span> <span class='ocrx_word' id='word_1_258' title='bbox 193 2033 306 2084; x_wconf 89' lang='lat' dir='ltr'>data,</span> <span class='ocrx_word' id='word_1_259' title='bbox 329 2032 685 2089; x_wconf 87' lang='lat' dir='ltr'>quemadmodum</span> <span class='ocrx_word' id='word_1_260' title='bbox 708 2031 867 2072; x_wconf 87' lang='lat' dir='ltr'>Rhodii</span> <span class='ocrx_word' id='word_1_261' title='bbox 897 2031 1016 2087; x_wconf 86' lang='lat' dir='ltr'>prius</span> <span class='ocrx_word' id='word_1_262' title='bbox 1037 2030 1369 2072; x_wconf 83' lang='lat' dir='ltr'>Atheniensibus</span> <span class='ocrx_word' id='word_1_263' title='bbox 1390 2031 1514 2072; x_wconf 87' lang='lat' dir='ltr'>dede-</span> 
     </span>
     <span class='ocr_line' id='line_1_36' title="bbox 254 2087 1513 2144; baseline -0.002 -13"><span class='ocrx_word' id='word_1_264' title='bbox 254 2090 495 2131; x_wconf 79' lang='lat' dir='ltr'>Secundum</span> <span class='ocrx_word' id='word_1_265' title='bbox 528 2090 620 2130; x_wconf 84' lang='lat' dir='ltr'>haec</span> <span class='ocrx_word' id='word_1_266' title='bbox 651 2104 724 2130; x_wconf 81' lang='lat' dir='ltr'>rex</span> <span class='ocrx_word' id='word_1_267' title='bbox 754 2089 930 2129; x_wconf 87' lang='lat' dir='ltr'>Attalus</span> <span class='ocrx_word' id='word_1_268' title='bbox 952 2088 1153 2144; x_wconf 34' lang='lat' dir='ltr'>*Eginam</span> <span class='ocrx_word' id='word_1_269' title='bbox 1185 2087 1239 2128; x_wconf 86' lang='lat' dir='ltr'>ad</span> <span class='ocrx_word' id='word_1_270' title='bbox 1270 2087 1440 2128; x_wconf 85' lang='lat' dir='ltr'>classem</span> <span class='ocrx_word' id='word_1_271' title='bbox 1472 2104 1513 2129; x_wconf 89' lang='lat' dir='ltr'>se</span> 
     </span>
     <span class='ocr_line' id='line_1_37' title="bbox 81 2144 1513 2204; baseline -0.003 -15"><span class='ocrx_word' id='word_1_272' title='bbox 81 2147 250 2204; x_wconf 82' lang='lat' dir='ltr'>recepit.</span> <span class='ocrx_word' id='word_1_273' title='bbox 313 2147 471 2188; x_wconf 81' lang='lat' dir='ltr'>Rhodii</span> <span class='ocrx_word' id='word_1_274' title='bbox 501 2147 534 2174; x_wconf 75' lang='lat'>7²</span> <span class='ocrx_word' id='word_1_275' title='bbox 550 2148 669 2188; x_wconf 89' lang='lat' dir='ltr'>Ciam</span> <span class='ocrx_word' id='word_1_276' title='bbox 700 2147 752 2187; x_wconf 87' lang='lat' dir='ltr'>ab</span> <span class='ocrx_word' id='word_1_277' title='bbox 779 2144 953 2201; x_wconf 86' lang='lat' dir='ltr'>AEgina,</span> <span class='ocrx_word' id='word_1_278' title='bbox 976 2145 1071 2185; x_wconf 77' lang='lat' dir='ltr'>inde</span> <span class='ocrx_word' id='word_1_279' title='bbox 1106 2160 1181 2201; x_wconf 86' lang='lat' dir='ltr'>per</span> <span class='ocrx_word' id='word_1_280' title='bbox 1210 2144 1368 2185; x_wconf 82' lang='lat' dir='ltr'>insulas</span> <span class='ocrx_word' id='word_1_281' title='bbox 1397 2145 1513 2185; x_wconf 85' lang='lat' dir='ltr'>Rho-</span> 
     </span>
     <span class='ocr_line' id='line_1_38' title="bbox 83 2202 1511 2261; baseline -0.001 -16"><span class='ocrx_word' id='word_1_282' title='bbox 83 2204 187 2245; x_wconf 88' lang='lat' dir='ltr'>dum</span> <span class='ocrx_word' id='word_1_283' title='bbox 212 2205 488 2261; x_wconf 85' lang='lat' dir='ltr'>navigarunt:</span> <span class='ocrx_word' id='word_1_284' title='bbox 521 2203 730 2253; x_wconf 84' lang='lat' dir='ltr'>omnibus,</span> <span class='ocrx_word' id='word_1_285' title='bbox 759 2212 915 2260; x_wconf 86' lang='lat' dir='ltr'>praeter</span> <span class='ocrx_word' id='word_1_286' title='bbox 943 2202 1157 2253; x_wconf 87' lang='lat' dir='ltr'>Andrum,</span> <span class='ocrx_word' id='word_1_287' title='bbox 1189 2203 1447 2258; x_wconf 83' lang='lat' dir='ltr'>Parumque,</span> <span class='ocrx_word' id='word_1_288' title='bbox 1470 2211 1511 2244; x_wconf 89' lang='lat' dir='ltr'>et</span> 
     </span>
     <span class='ocr_line' id='line_1_39' title="bbox 86 2259 1513 2318; baseline -0.003 -15"><span class='ocrx_word' id='word_1_289' title='bbox 86 2262 320 2317; x_wconf 80' lang='lat' dir='ltr'>Cythnum,</span> <span class='ocrx_word' id='word_1_290' title='bbox 337 2277 436 2318; x_wconf 83' lang='lat' dir='ltr'>quae</span> <span class='ocrx_word' id='word_1_291' title='bbox 456 2260 661 2318; x_wconf 83' lang='lat' dir='ltr'>praesidiis</span> <span class='ocrx_word' id='word_1_292' title='bbox 682 2260 967 2302; x_wconf 63' lang='lat' dir='ltr'>&#39;Macedonum</span> <span class='ocrx_word' id='word_1_293' title='bbox 988 2260 1254 2308; x_wconf 83' lang='lat' dir='ltr'>tenebantur,</span> <span class='ocrx_word' id='word_1_294' title='bbox 1276 2259 1320 2299; x_wconf 89' lang='lat' dir='ltr'>in</span> <span class='ocrx_word' id='word_1_295' title='bbox 1343 2259 1513 2300; x_wconf 72' lang='lat' dir='ltr'>societa-</span> 
     </span>
     <span class='ocr_line' id='line_1_40' title="bbox 83 2315 1508 2376; baseline -0.004 -15"><span class='ocrx_word' id='word_1_296' title='bbox 83 2327 168 2360; x_wconf 86' lang='lat' dir='ltr'>tem</span> <span class='ocrx_word' id='word_1_297' title='bbox 198 2320 390 2376; x_wconf 88' lang='lat' dir='ltr'>acceptis.</span> <span class='ocrx_word' id='word_1_298' title='bbox 451 2318 649 2361; x_wconf 86' lang='lat' dir='ltr'>Attalum</span> <span class='ocrx_word' id='word_1_299' title='bbox 675 2317 862 2374; x_wconf 71' lang='lat' dir='ltr'>AEginse,</span> <span class='ocrx_word' id='word_1_300' title='bbox 894 2317 1007 2358; x_wconf 86' lang='lat' dir='ltr'>missi</span> <span class='ocrx_word' id='word_1_301' title='bbox 1043 2317 1087 2357; x_wconf 92' lang='lat' dir='ltr'>in</span> <span class='ocrx_word' id='word_1_302' title='bbox 1119 2315 1321 2357; x_wconf 84' lang='lat' dir='ltr'>AEtoliam</span> <span class='ocrx_word' id='word_1_303' title='bbox 1351 2316 1508 2367; x_wconf 90' lang='lat' dir='ltr'>nuncii,</span> 
     </span>
    </p>
   </div>
   <div class='ocr_carea' id='block_1_3' title="bbox 339 2398 1200 2447">
    <p class='ocr_par' dir='ltr' id='par_1_4' title="bbox 339 2398 1200 2447">
     <span class='ocr_line' id='line_1_41' title="bbox 339 2398 1200 2447; baseline -0.006 -13"><span class='ocrx_word' id='word_1_304' title='bbox 339 2444 343 2447; x_wconf 22' lang='grc' dir='ltr'><strong>Α</strong></span> <span class='ocrx_word' id='word_1_305' title='bbox 389 2398 406 2423; x_wconf 57' lang='grc' dir='ltr'><em>ἵ</em></span> <span class='ocrx_word' id='word_1_306' title='bbox 415 2403 528 2444; x_wconf 78' lang='lat' dir='ltr'>sequuti</span> <span class='ocrx_word' id='word_1_307' title='bbox 543 2402 641 2433; x_wconf 87' lang='lat' dir='ltr'>Gron.</span> <span class='ocrx_word' id='word_1_308' title='bbox 817 2399 837 2423; x_wconf 83' lang='lat' dir='ltr'>k</span> <span class='ocrx_word' id='word_1_309' title='bbox 850 2401 978 2431; x_wconf 66' lang='lat' dir='ltr'>recitata:</span> <span class='ocrx_word' id='word_1_310' title='bbox 996 2401 1091 2430; x_wconf 90' lang='lat' dir='ltr'>Gron.</span> <span class='ocrx_word' id='word_1_311' title='bbox 1109 2399 1200 2430; x_wconf 83' lang='lat' dir='ltr'>Crev.</span> 
     </span>
    </p>
   </div>
   <div class='ocr_carea' id='block_1_4' title="bbox 1944 698 1947 1290">
    <p class='ocr_par' dir='ltr' id='par_1_5' title="bbox 1944 698 1947 1290">
     <span class='ocr_line' id='line_1_42' title="bbox 1944 698 1947 1290; baseline 0 0"><span class='ocrx_word' id='word_1_312' title='bbox 1944 698 1947 1290; x_wconf 95' lang='lat' dir='ltr'> </span> 
     </span>
    </p>
   </div>
   <div class='ocr_carea' id='block_1_5' title="bbox 85 2471 775 2902">
    <p class='ocr_par' dir='ltr' id='par_1_6' title="bbox 85 2471 775 2731">
     <span class='ocr_line' id='line_1_43' title="bbox 128 2471 772 2514; baseline -0.003 -10"><span class='ocrx_word' id='word_1_313' title='bbox 128 2473 333 2504; x_wconf 69' lang='lat' dir='ltr'>69³⁶Justum</span> <span class='ocrx_word' id='word_1_314' title='bbox 355 2474 477 2514; x_wconf 80' lang='lat' dir='ltr'>bellum]</span> <span class='ocrx_word' id='word_1_315' title='bbox 510 2473 590 2510; x_wconf 81' lang='lat' dir='ltr'>Quae</span> <span class='ocrx_word' id='word_1_316' title='bbox 615 2471 700 2514; x_wconf 87' lang='lat' dir='ltr'>prius</span> <span class='ocrx_word' id='word_1_317' title='bbox 723 2477 772 2502; x_wconf 89' lang='lat' dir='ltr'>tu-</span> 
     </span>
     <span class='ocr_line' id='line_1_44' title="bbox 85 2516 771 2557; baseline -0.003 -10"><span class='ocrx_word' id='word_1_318' title='bbox 85 2517 252 2547; x_wconf 76' lang='lat' dir='ltr'>multuaria</span> <span class='ocrx_word' id='word_1_319' title='bbox 267 2516 312 2546; x_wconf 86' lang='lat' dir='ltr'>vis</span> <span class='ocrx_word' id='word_1_320' title='bbox 334 2517 444 2553; x_wconf 85' lang='lat' dir='ltr'>fuerat,</span> <span class='ocrx_word' id='word_1_321' title='bbox 460 2517 495 2546; x_wconf 87' lang='lat' dir='ltr'>fit</span> <span class='ocrx_word' id='word_1_322' title='bbox 512 2516 580 2557; x_wconf 80' lang='lat' dir='ltr'>jam</span> <span class='ocrx_word' id='word_1_323' title='bbox 594 2525 712 2551; x_wconf 87' lang='lat' dir='ltr'>verum,</span> <span class='ocrx_word' id='word_1_324' title='bbox 729 2520 771 2551; x_wconf 88' lang='lat' dir='ltr'>et,</span> 
     </span>
     <span class='ocr_line' id='line_1_45' title="bbox 85 2558 771 2601; baseline -0.001 -12"><span class='ocrx_word' id='word_1_325' title='bbox 85 2564 120 2589; x_wconf 90' lang='lat' dir='ltr'>ut</span> <span class='ocrx_word' id='word_1_326' title='bbox 146 2560 325 2600; x_wconf 79' lang='lat' dir='ltr'>loquuntur,</span> <span class='ocrx_word' id='word_1_327' title='bbox 352 2559 473 2601; x_wconf 87' lang='lat' dir='ltr'>proprie</span> <span class='ocrx_word' id='word_1_328' title='bbox 498 2559 616 2590; x_wconf 89' lang='lat' dir='ltr'>dictum</span> <span class='ocrx_word' id='word_1_329' title='bbox 640 2558 771 2593; x_wconf 89' lang='lat' dir='ltr'>bellum,</span> 
     </span>
     <span class='ocr_line' id='line_1_46' title="bbox 86 2601 775 2643; baseline -0.001 -11"><span class='ocrx_word' id='word_1_330' title='bbox 86 2602 215 2633; x_wconf 83' lang='lat' dir='ltr'>decretis</span> <span class='ocrx_word' id='word_1_331' title='bbox 250 2602 500 2638; x_wconf 79' lang='lat' dir='ltr'>Atheniensium,</span> <span class='ocrx_word' id='word_1_332' title='bbox 535 2601 588 2643; x_wconf 87' lang='lat' dir='ltr'>qui</span> <span class='ocrx_word' id='word_1_333' title='bbox 628 2601 709 2631; x_wconf 86' lang='lat' dir='ltr'>ultro</span> <span class='ocrx_word' id='word_1_334' title='bbox 743 2607 775 2632; x_wconf 87' lang='lat' dir='ltr'>et</span> 
     </span>
     <span class='ocr_line' id='line_1_47' title="bbox 86 2643 771 2685; baseline -0.001 -10"><span class='ocrx_word' id='word_1_335' title='bbox 86 2645 201 2685; x_wconf 88' lang='lat' dir='ltr'>priores</span> <span class='ocrx_word' id='word_1_336' title='bbox 232 2656 295 2677; x_wconf 88' lang='lat' dir='ltr'>non</span> <span class='ocrx_word' id='word_1_337' title='bbox 325 2646 543 2677; x_wconf 76' lang='lat' dir='ltr'>dubitaverunt</span> <span class='ocrx_word' id='word_1_338' title='bbox 574 2644 694 2675; x_wconf 84' lang='lat' dir='ltr'>bellum</span> <span class='ocrx_word' id='word_1_339' title='bbox 726 2643 771 2674; x_wconf 88' lang='lat' dir='ltr'>in-</span> 
     </span>
     <span class='ocr_line' id='line_1_48' title="bbox 86 2687 359 2731; baseline 0.011 -14"><span class='ocrx_word' id='word_1_340' title='bbox 86 2687 189 2719; x_wconf 87' lang='lat' dir='ltr'>dicere</span> <span class='ocrx_word' id='word_1_341' title='bbox 203 2688 359 2731; x_wconf 71' lang='lat' dir='ltr'>Philippo.</span> 
     </span>
    </p>

    <p class='ocr_par' dir='ltr' id='par_1_7' title="bbox 85 2728 775 2902">
     <span class='ocr_line' id='line_1_49' title="bbox 131 2728 775 2772; baseline -0.003 -11"><span class='ocrx_word' id='word_1_342' title='bbox 131 2731 172 2761; x_wconf 88' lang='lat'>70</span> <span class='ocrx_word' id='word_1_343' title='bbox 195 2731 345 2762; x_wconf 75' lang='lat' dir='ltr'>Persecuti</span> <span class='ocrx_word' id='word_1_344' title='bbox 371 2731 531 2772; x_wconf 80' lang='lat' dir='ltr'>cedentem]</span> <span class='ocrx_word' id='word_1_345' title='bbox 567 2731 644 2761; x_wconf 87' lang='lat' dir='ltr'>Post</span> <span class='ocrx_word' id='word_1_346' title='bbox 667 2728 775 2772; x_wconf 86' lang='lat' dir='ltr'>praelia</span> 
     </span>
     <span class='ocr_line' id='line_1_50' title="bbox 87 2773 774 2815; baseline 0 -12"><span class='ocrx_word' id='word_1_347' title='bbox 87 2784 198 2815; x_wconf 89' lang='lat' dir='ltr'>nempe</span> <span class='ocrx_word' id='word_1_348' title='bbox 217 2783 309 2815; x_wconf 85' lang='lat' dir='ltr'>supra</span> <span class='ocrx_word' id='word_1_349' title='bbox 322 2780 504 2806; x_wconf 83' lang='lat' dir='ltr'>memorata.</span> <span class='ocrx_word' id='word_1_350' title='bbox 549 2773 655 2814; x_wconf 83' lang='lat' dir='ltr'>Vulgo</span> <span class='ocrx_word' id='word_1_351' title='bbox 672 2775 774 2804; x_wconf 82' lang='lat' dir='ltr'>secuti.</span> 
     </span>
     <span class='ocr_line' id='line_1_51' title="bbox 87 2815 775 2858; baseline -0.001 -11"><span class='ocrx_word' id='word_1_352' title='bbox 87 2817 149 2847; x_wconf 87' lang='lat' dir='ltr'>Sed</span> <span class='ocrx_word' id='word_1_353' title='bbox 175 2816 255 2847; x_wconf 87' lang='lat' dir='ltr'>illud</span> <span class='ocrx_word' id='word_1_354' title='bbox 281 2817 365 2858; x_wconf 88' lang='lat' dir='ltr'>quod</span> <span class='ocrx_word' id='word_1_355' title='bbox 390 2817 569 2849; x_wconf 84' lang='lat' dir='ltr'>admisimus</span> <span class='ocrx_word' id='word_1_356' title='bbox 591 2827 629 2847; x_wconf 84' lang='lat' dir='ltr'>ex</span> <span class='ocrx_word' id='word_1_357' title='bbox 656 2815 775 2847; x_wconf 86' lang='lat' dir='ltr'>Victor.</span> 
     </span>
     <span class='ocr_line' id='line_1_52' title="bbox 85 2859 775 2902; baseline -0.001 -12"><span class='ocrx_word' id='word_1_358' title='bbox 85 2865 117 2890; x_wconf 86' lang='lat' dir='ltr'>et</span> <span class='ocrx_word' id='word_1_359' title='bbox 141 2860 266 2892; x_wconf 83' lang='lat' dir='ltr'>Thuan.</span> <span class='ocrx_word' id='word_1_360' title='bbox 288 2859 378 2891; x_wconf 86' lang='lat' dir='ltr'>codd.</span> <span class='ocrx_word' id='word_1_361' title='bbox 402 2860 502 2901; x_wconf 75' lang='lat' dir='ltr'>magis</span> <span class='ocrx_word' id='word_1_362' title='bbox 527 2859 683 2902; x_wconf 77' lang='lat' dir='ltr'>propiiutn</span> <span class='ocrx_word' id='word_1_363' title='bbox 704 2859 775 2890; x_wconf 85' lang='lat' dir='ltr'>hos-</span> 
     </span>
    </p>
   </div>
   <div class='ocr_carea' id='block_1_6' title="bbox 817 2471 1511 2891">
    <p class='ocr_par' dir='ltr' id='par_1_8' title="bbox 817 2471 1315 2509">
     <span class='ocr_line' id='line_1_53' title="bbox 817 2471 1315 2509; baseline -0.01 -7"><span class='ocrx_word' id='word_1_364' title='bbox 817 2471 894 2502; x_wconf 88' lang='lat' dir='ltr'>tium</span> <span class='ocrx_word' id='word_1_365' title='bbox 905 2475 963 2501; x_wconf 85' lang='lat' dir='ltr'>est.</span> <span class='ocrx_word' id='word_1_366' title='bbox 1205 2507 1207 2509; x_wconf 66' lang='lat'>‚</span> <span class='ocrx_word' id='word_1_367' title='bbox 1312 2504 1315 2505; x_wconf 21' lang='lat'><em>⁷</em></span> 
     </span>
    </p>

    <p class='ocr_par' dir='ltr' id='par_1_9' title="bbox 817 2511 1511 2728">
     <span class='ocr_line' id='line_1_54' title="bbox 861 2511 1508 2554; baseline -0.006 -10"><span class='ocrx_word' id='word_1_368' title='bbox 861 2515 899 2544; x_wconf 89' lang='grc'>71</span> <span class='ocrx_word' id='word_1_369' title='bbox 934 2514 1010 2544; x_wconf 76' lang='lat' dir='ltr'>Tum</span> <span class='ocrx_word' id='word_1_370' title='bbox 1045 2515 1171 2554; x_wconf 75' lang='lat' dir='ltr'>quidem,</span> <span class='ocrx_word' id='word_1_371' title='bbox 1204 2514 1275 2543; x_wconf 84' lang='lat' dir='ltr'>dum</span> <span class='ocrx_word' id='word_1_372' title='bbox 1313 2512 1414 2552; x_wconf 72' lang='lat' dir='ltr'>etium]</span> <span class='ocrx_word' id='word_1_373' title='bbox 1461 2511 1508 2540; x_wconf 81' lang='lat' dir='ltr'>Ac</span> 
     </span>
     <span class='ocr_line' id='line_1_55' title="bbox 817 2555 1508 2596; baseline -0.006 -9"><span class='ocrx_word' id='word_1_374' title='bbox 817 2556 951 2588; x_wconf 86' lang='lat' dir='ltr'>maxime</span> <span class='ocrx_word' id='word_1_375' title='bbox 977 2556 1009 2586; x_wconf 93' lang='lat' dir='ltr'>in</span> <span class='ocrx_word' id='word_1_376' title='bbox 1036 2557 1094 2587; x_wconf 85' lang='lat' dir='ltr'>hoc</span> <span class='ocrx_word' id='word_1_377' title='bbox 1125 2555 1271 2596; x_wconf 87' lang='lat' dir='ltr'>temporis</span> <span class='ocrx_word' id='word_1_378' title='bbox 1300 2555 1430 2586; x_wconf 80' lang='lat' dir='ltr'>articulo</span> <span class='ocrx_word' id='word_1_379' title='bbox 1457 2564 1508 2584; x_wconf 82' lang='lat' dir='ltr'>ca-</span> 
     </span>
     <span class='ocr_line' id='line_1_56' title="bbox 818 2598 1511 2642; baseline -0.009 -11"><span class='ocrx_word' id='word_1_380' title='bbox 818 2599 1005 2642; x_wconf 85' lang='lat' dir='ltr'>pessendum</span> <span class='ocrx_word' id='word_1_381' title='bbox 1027 2599 1157 2634; x_wconf 84' lang='lat' dir='ltr'>bellum,</span> <span class='ocrx_word' id='word_1_382' title='bbox 1175 2598 1250 2629; x_wconf 88' lang='lat' dir='ltr'>dum</span> <span class='ocrx_word' id='word_1_383' title='bbox 1273 2598 1367 2629; x_wconf 86' lang='lat' dir='ltr'>etiam</span> <span class='ocrx_word' id='word_1_384' title='bbox 1392 2598 1511 2627; x_wconf 82' lang='lat' dir='ltr'>Roma-</span> 
     </span>
     <span class='ocr_line' id='line_1_57' title="bbox 818 2639 1509 2684; baseline -0.009 -10"><span class='ocrx_word' id='word_1_385' title='bbox 818 2654 885 2679; x_wconf 87' lang='lat' dir='ltr'>nos,</span> <span class='ocrx_word' id='word_1_386' title='bbox 921 2641 1166 2684; x_wconf 77' lang='lat' dir='ltr'>potentissimam</span> <span class='ocrx_word' id='word_1_387' title='bbox 1204 2641 1372 2675; x_wconf 85' lang='lat' dir='ltr'>civitatem,</span> <span class='ocrx_word' id='word_1_388' title='bbox 1412 2639 1509 2669; x_wconf 85' lang='lat' dir='ltr'>socios</span> 
     </span>
     <span class='ocr_line' id='line_1_58' title="bbox 818 2684 1456 2728; baseline -0.008 -11"><span class='ocrx_word' id='word_1_389' title='bbox 818 2686 969 2717; x_wconf 83' lang='lat' dir='ltr'>haberent</span> <span class='ocrx_word' id='word_1_390' title='bbox 983 2692 1106 2728; x_wconf 84' lang='lat' dir='ltr'>paratos</span> <span class='ocrx_word' id='word_1_391' title='bbox 1123 2685 1163 2716; x_wconf 81' lang='lat' dir='ltr'>ad</span> <span class='ocrx_word' id='word_1_392' title='bbox 1180 2684 1342 2715; x_wconf 80' lang='lat' dir='ltr'>auxilium.</span> <span class='ocrx_word' id='word_1_393' title='bbox 1379 2724 1383 2728; x_wconf 29' lang='grc' dir='ltr'>ι</span> <span class='ocrx_word' id='word_1_394' title='bbox 1451 2723 1456 2728; x_wconf 26' lang='grc' dir='ltr'><em>η</em></span> 
     </span>
    </p>

    <p class='ocr_par' dir='ltr' id='par_1_10' title="bbox 818 2726 1508 2891">
     <span class='ocr_line' id='line_1_59' title="bbox 862 2726 1508 2770; baseline -0.011 -10"><span class='ocrx_word' id='word_1_395' title='bbox 862 2730 1027 2770; x_wconf 20' lang='lat' dir='ltr'>7⁴27Cz&#39;am]</span> <span class='ocrx_word' id='word_1_396' title='bbox 1067 2729 1117 2759; x_wconf 86' lang='lat' dir='ltr'>Sic</span> <span class='ocrx_word' id='word_1_397' title='bbox 1149 2727 1210 2768; x_wconf 81' lang='lat' dir='ltr'>legi</span> <span class='ocrx_word' id='word_1_398' title='bbox 1234 2726 1325 2768; x_wconf 87' lang='lat' dir='ltr'>jussit</span> <span class='ocrx_word' id='word_1_399' title='bbox 1355 2726 1508 2765; x_wconf 75' lang='lat' dir='ltr'>Sigonius.</span> 
     </span>
     <span class='ocr_line' id='line_1_60' title="bbox 818 2767 1508 2811; baseline -0.012 -7"><span class='ocrx_word' id='word_1_400' title='bbox 818 2772 924 2804; x_wconf 87' lang='lat' dir='ltr'>Antea</span> <span class='ocrx_word' id='word_1_401' title='bbox 965 2772 1062 2802; x_wconf 80' lang='lat' dir='ltr'>Ceam.</span> <span class='ocrx_word' id='word_1_402' title='bbox 1121 2770 1183 2801; x_wconf 80' lang='lat' dir='ltr'>Sed</span> <span class='ocrx_word' id='word_1_403' title='bbox 1226 2779 1337 2811; x_wconf 84' lang='lat' dir='ltr'>parum</span> <span class='ocrx_word' id='word_1_404' title='bbox 1373 2767 1508 2797; x_wconf 77' lang='lat' dir='ltr'>interest.</span> 
     </span>
     <span class='ocr_line' id='line_1_61' title="bbox 819 2810 1507 2858; baseline -0.01 -11"><span class='ocrx_word' id='word_1_405' title='bbox 819 2816 996 2858; x_wconf 84' lang='lat' dir='ltr'>Utrumque</span> <span class='ocrx_word' id='word_1_406' title='bbox 1012 2815 1095 2846; x_wconf 86' lang='lat' dir='ltr'>enim</span> <span class='ocrx_word' id='word_1_407' title='bbox 1114 2823 1227 2844; x_wconf 84' lang='lat' dir='ltr'>nomen</span> <span class='ocrx_word' id='word_1_408' title='bbox 1242 2811 1380 2853; x_wconf 84' lang='lat' dir='ltr'>ejusdem</span> <span class='ocrx_word' id='word_1_409' title='bbox 1398 2810 1507 2841; x_wconf 85' lang='lat' dir='ltr'>insulae</span> 
     </span>
     <span class='ocr_line' id='line_1_62' title="bbox 819 2863 875 2891; baseline 0.018 -1"><span class='ocrx_word' id='word_1_410' title='bbox 819 2863 875 2891; x_wconf 85' lang='lat' dir='ltr'>est.</span> 
     </span>
    </p>
   </div>
   <div class='ocr_carea' id='block_1_7' title="bbox 1942 698 1947 2827">
    <p class='ocr_par' dir='ltr' id='par_1_11' title="bbox 1942 698 1947 2827">
     <span class='ocr_line' id='line_1_63' title="bbox 1942 698 1947 2827; baseline 0 0"><span class='ocrx_word' id='word_1_411' title='bbox 1942 698 1947 2827; x_wconf 95' lang='lat' dir='ltr'> </span> 
     </span>
    </p>
   </div>
  </div>
 </body>
</html>
