1947 3222
125 225 165 257 U.
180 223 299 256 c.556.

122 268 164 298 A„
180 268 218 299 C·
233 267 302 298 196.

126 505 231 536 Boeoti
246 506 276 536 in

128 549 288 579 Romanos

126 591 256 622 efferati.

135 1805 252 1834 Pacem

135 1856 221 1877 orare
235 1856 285 1876 co-

137 1895 262 1931 guntur.

336 111 410 144 114
861 101 1004 141 TITI
1046 100 1222 139 LIVII

334 212 490 269 templo
510 211 765 254 traditurum
785 227 853 253 eas
883 211 1155 260 adfirmasset,
1177 209 1323 267 aperit.
1387 208 1582 251 Perlectis
1601 210 1747 262 literis,

334 270 512 326 pavidus
544 269 714 310 Thebas
742 268 911 324 refugit.
943 276 985 309 et
1016 269 1265 324 Zeuxippus
1295 266 1481 323 quidem,
1511 266 1616 322 fuga
1642 268 1749 309 servi

335 335 489 376 motus,
530 326 735 375 Athenas,
772 325 969 367 tutiorem
1008 324 1154 366 exsilio
1192 325 1330 365 locum
1369 331 1501 373 ratus,
1537 324 1748 366 concessit.

336 383 444 424 ³⁶De
465 384 685 424 Pisistrato
705 382 858 437 aliquae
879 380 1130 436 quaestiones
1151 381 1368 422 tormentis
1388 380 1557 430 habitae,
1580 388 1621 421 et
1643 396 1753 422 sum-

338 448 431 482 tum
452 439 703 496 supplicium
724 447 797 479 est.

396 497 584 538 XXIX.
615 494 862 536 ³⁷Efferavit
889 509 937 535 ea
964 493 1097 535 caedes
1129 494 1355 535 Thebanos
1386 495 1640 550 Boeotosque
1669 509 1756 535 om-

338 569 410 595 nes
431 553 484 594 ad
505 550 754 594 exsecrabile
781 550 927 592 odium
958 551 1270 598 Romanorum;
1305 552 1575 607 Zeuxippum
1605 550 1759 607 princi-

339 626 434 667 pem
465 610 601 666 gentis
620 608 665 648 id
694 608 858 648 facinus
887 607 1100 648 conscisse.
1132 608 1186 648 ad
1215 608 1501 649 rebellandum
1530 623 1667 664 neque
1697 608 1759 648 vi-

340 683 420 717 res,
441 681 576 722 neque
597 665 746 706 ducem
772 664 995 706 habebant.
1057 664 1304 705 Proximum
1323 664 1434 706 bello
1454 664 1570 720 quod
1591 672 1693 715 erat,
1715 665 1760 705 in

340 723 605 765 latrocinium
626 721 748 771 versi,
770 721 871 762 alios
890 721 1089 777 hospites,
1112 721 1214 762 alios
1240 736 1368 776 vagos
1388 736 1463 777 per
1491 721 1665 762 hiberna
1685 722 1761 762 mi-

341 781 449 829 lites,
471 779 525 820 ad
546 778 680 819 varios
701 788 978 819 commeantes
998 793 1114 827 usus,
1136 777 1411 833 excipiebant.
1443 777 1615 833 quidam
1636 779 1681 819 in
1700 778 1763 834 ip-

342 837 396 878 sis
415 835 649 884 itineribus,
665 833 760 876 ⁵⁸ad
773 844 891 876 notas
906 835 1086 876 latebras
1105 833 1414 884 insidiantibus,
1430 849 1528 889 pars
1541 834 1581 875 in
1599 835 1764 876 deserta

341 909 417 950 per
436 892 630 934 fraudem
651 891 906 933 deversoria¹'
926 891 1088 933 devecti
1119 890 1374 946 deductique
1404 891 1763 947 obprimebantur.

341 958 554 1007 postremo
583 964 666 990 non
692 957 858 990 tantum
885 948 996 999 odio,
1029 948 1101 989 sed
1128 947 1254 989 etiam
1281 947 1483 989 aviditate
1514 948 1685 1003 praedae,
1716 963 1766 988 ea

342 1007 529 1048 facinora
547 1005 778 1047 faciebant:
811 1005 926 1060 quia,
947 1004 1188 1060 negotiandi
1217 1004 1348 1045 ferme
1374 1019 1520 1045 caussa
1543 1012 1765 1060 argentum

343 1065 388 1105 in
421 1063 534 1104 zonis
566 1063 782 1112 habentes,
812 1061 896 1102 3⁹in
925 1061 1224 1103 commeatibus
1254 1069 1387 1102 erant.-
1458 1062 1600 1111 Quum
1629 1061 1766 1117 primo

343 1121 484 1177 pauci,
517 1119 681 1160 deindei
712 1119 756 1160 in
791 1119 879 1160 dies
913 1119 1055 1175 plures
1095 1118 1446 1168 desiderarentur,
1481 1118 1648 1159 infamis
1679 1134 1767 1159 esse

345 1178 511 1218 Boeotia
540 1176 672 1217 omnis
702 1176 856 1233 coepit:
889 1184 930 1217 et
960 1175 1162 1225 timidius,
1194 1190 1321 1230 quam
1351 1176 1396 1215 in
1424 1174 1599 1225 hostico,
1622 1175 1764 1230 egredi

344 1234 489 1276 castris
509 1233 637 1274 miles.
700 1234 817 1273 Tum
839 1233 1061 1284 Quinctius
1091 1233 1249 1287 legatos
1269 1231 1324 1272 ad
1354 1231 1615 1287 querendum
1637 1232 1689 1272 de
1708 1232 1767 1272 la-

344 1291 529 1333 trociniis
559 1305 633 1346 per
663 1289 851 1331 civitates
880 1289 1024 1331 mittit.
1085 1288 1264 1330 Plurimi
1285 1289 1448 1344 pedites
1477 1288 1585 1329 circa
1617 1288 1767 1344 Copai-

344 1348 440 1389 dem
475 1347 674 1404 paludem
709 1346 892 1388 inventi:
939 1346 998 1387 ibi
1028 1362 1079 1387 ex
1112 1346 1211 1386 limo
1246 1354 1368 1386 eruta
1405 1353 1678 1400 extractaque
1713 1361 1766 1386 ex

344 1413 493 1460 stagno
514 1404 729 1453 cadavera,
753 1403 862 1444 saxis
883 1411 957 1444 aut
978 1402 1203 1459 amphoris,
1227 1410 1274 1443 ut
1295 1402 1478 1458 pondere
1499 1402 1767 1443 traherentur

345 1461 389 1502 ln
417 1460 693 1518 profundum,
715 1459 889 1500 adnexa.
920 1459 1055 1500 multa
1083 1459 1268 1499 facinora
1297 1458 1535 1514 Acraephiae
1566 1466 1607 1500 et
1639 1459 1767 1499 Coro-

344 1534 434 1560 neae
454 1518 566 1559 facta
585 1515 915 1557 inveniebantur.
978 1516 1201 1565 Quinctius
1221 1515 1357 1570 primo
1387 1515 1534 1555 noxios
1554 1515 1664 1555 tradi
1686 1516 1767 1556 sibi

340 1575 483 1630 jussit,
505 1583 546 1616 et
566 1589 644 1629 pro
664 1573 906 1628 quingentis
927 1572 1130 1614 militibus
1153 1572 1237 1623 (tot
1258 1572 1367 1612 enim
1388 1571 1608 1627 intercepti
1628 1574 1767 1626 erant)

346 1631 623 1687 4⁰quingenta
660 1629 818 1671 talenta
858 1631 1028 1670 Boeotos
1068 1629 1266 1670 conferre.
1343 1629 1534 1678 Quorum
1569 1636 1768 1669 neutrum

347 1704 483 1744 quum
502 1688 634 1737 fieret,
654 1686 793 1727 verbis
813 1694 979 1727 tantum
1007 1685 1195 1726 civitates
1215 1685 1516 1734 ‘¹¹excusarent,
1537 1684 1641 1725 nihil
1660 1685 1769 1741 pub-

349 1746 429 1787 lico
462 1743 631 1786 consilio
665 1742 825 1783 factum
859 1758 971 1790 esse;
1018 1741 1152 1782 missis
1186 1741 1379 1783 Athenas
1411 1749 1452 1782 et
1485 1741 1527 1782 in
1560 1741 1767 1782 AchaIam

349 1803 512 1859 legatis,
543 1800 656 1857 ‘²²qui
688 1807 942 1841 testarentur
972 1799 1105 1849 sociis,
1131 1799 1250 1854 justo
1278 1798 1433 1855 pioque
1461 1798 1572 1838 bello
1603 1814 1644 1839 se
1674 1813 1768 1854 per-

350 1866 592 1901 secuturum
633 1857 818 1907 Boeotos,
858 1864 900 1897 et
939 1871 1035 1897 cum
1074 1863 1194 1912 parte
1239 1855 1454 1911 copiarum
1496 1855 1543 1895 P.
1588 1854 1770 1896 Claudio

352 1915 622 1971 Acraephiam
657 1912 717 1954 ire
746 1914 880 1969 jusso,
916 1928 1011 1954 cum
1046 1920 1166 1968 parte
1203 1913 1434 1953 Coroneam
1473 1911 1765 1953 circumsedit:

353 1971 548 2016 evastatis
576 1970 694 2028 prius
724 1971 849 2026 agris,
878 1985 1007 2026 quam
1034 1970 1087 2010 ab
1117 1968 1261 2011 Elatio
1293 1968 1379 2010 duo
1411 1968 1575 2010 diversa
1604 1968 1772 2024 agmina

696 2070 714 2096 h
728 2072 886 2102 diversoria
900 2069 998 2102 Gron.
1015 2070 1106 2101 Crev.
1235 2065 1245 2090 i
1259 2069 1326 2100 dein
1343 2068 1431 2100 Eaed.

397 2161 439 2191 36
464 2159 509 2189 De
544 2158 699 2188 Pisistrato
735 2158 840 2197 aliquae
872 2158 1040 2197 quaestianes

355 2226 364 2234 .
381 2226 389 2234 .
405 2201 524 2242 hahizoe]
562 2202 645 2242 Lege
668 2211 739 2231 cum
766 2201 837 2231 Jac.
864 2199 1037 2231 Gronovio:

353 2248 388 2277 de
406 2246 557 2276 Pisistrato
572 2245 692 2285 aliisque
707 2244 873 2284 qzuz’stiones
887 2265 895 2273 .
911 2265 920 2274 .

396 2289 436 2319 37
463 2287 607 2328 Effer-avit
629 2298 662 2318 ea
676 2285 783 2326 στι-ἀρε]
807 2285 894 2316 Olim
915 2284 1040 2326 legeba-

354 2336 414 2367 tur,
450 2330 620 2372 efferaverat
656 2331 762 2359 coedes:
799 2327 880 2359 unde
917 2328 1037 2359 Perizo-

354 2373 425 2404 nius
445 2372 555 2414 partim
579 2384 616 2404 ex
641 2382 708 2408 sua,
722 2371 836 2414 partim
858 2382 896 2402 ex
919 2371 1039 2402 Grono-

355 2416 398 2447 vii
412 2416 589 2457 conjectura
603 2414 647 2445 sic
670 2414 791 2455 refingit
813 2414 894 2444 hunc
917 2414 1037 2444 locum:

357 2459 541 2501 Effer-averae
565 2469 598 2488 ea
622 2468 666 2488 res
704 2458 846 2488 Thebanos
874 2459 1042 2497 Boeocosqne

356 2513 450 2533 omnes
469 2503 508 2532 ad
520 2502 686 2533 exsecrabile
705 2502 804 2530 odiam
831 2500 1039 2535 Romanorum,

357 2547 537 2585 Zeuxippum
565 2546 595 2574 in
630 2545 791 2583 principem
820 2544 916 2584 gentis
943 2543 1040 2584 (Bra-

357 2588 494 2629 chyllam
520 2585 746 2623 Boeotarchen)
773 2587 802 2615 id
821 2585 949 2626 facinus
972 2597 1040 2615 con-

356 2633 455 2664 scisse.-
476 2631 521 2661 ita
535 2635 569 2661 ut
583 2629 648 2659 haec
664 2634 818 2669 postrema
831 2628 1042 2669 intelligantur

358 2674 501 2716 apposita
514 2671 696 2714 explicando
712 2674 753 2711 τῷ
767 2682 800 2701 ea
816 2681 869 2701 res.

402 2718 443 2747 38
480 2718 526 2747 Ad
552 2721 632 2746 notas
660 2715 781 2744 latebras
816 2714 1037 2754 insidiantibus]

363 2759 465 2790 Bswtis
481 2757 696 2790 insidiantibus
718 2756 758 2788 ad
780 2762 868 2786 notas
888 2757 941 2786 sibi
963 2756 1038 2787 late-

360 2802 440 2833 bras.
499 2800 569 2833 Nisi
605 2801 731 2832 sortasse
767 2799 867 2836 malis,
896 2800 932 2830 ab
960 2806 1040 2830 notas

1085 2157 1208 2187 latebras
1228 2156 1437 2186 insidentibus:
1460 2151 1612 2195 quomodo
1626 2152 1648 2183 l.
1664 2153 1773 2185 XXV.

1083 2209 1112 2230 e.
1137 2200 1190 2230 21.
1220 2210 1279 2239 qua
1292 2198 1408 2240 sagam
1434 2198 1647 2227 inclinaturam
1673 2198 1772 2227 crede-

1084 2243 1143 2277 bat,
1170 2243 1266 2272 omnia
1289 2243 1398 2272 itinera
1422 2240 1546 2270 insidere
1561 2240 1665 2278 jubet.-
1695 2244 1726 2270 et
1749 2239 1772 2270 l.

1087 2285 1147 2316 IX.
1169 2294 1198 2316 c.
1221 2285 1274 2315 31.
1297 2285 1336 2314 ibi
1361 2285 1463 2325 ingens
1484 2282 1608 2312 hostium
1631 2283 1773 2312 exercitas

1081 2329 1190 2358 itinera
1233 2327 1363 2358 occultus
1406 2326 1565 2356 insederat:
1619 2331 1650 2355 et
1694 2324 1770 2356 alibi

1082 2369 1207 2414 passim.

1126 2414 1167 2444 39
1199 2412 1237 2443 In
1263 2413 1463 2442 commeatibus
1489 2409 1589 2450 erant]
1628 2409 1770 2451 Accepto

1085 2467 1104 2487 a
1118 2455 1249 2487 ducibus
1263 2459 1447 2488 commeatu,
1463 2453 1526 2484 sive
1550 2452 1698 2483 facultate
1713 2453 1769 2484 ab·

1083 2498 1177 2530 eundi
1200 2507 1219 2528 a
1240 2497 1345 2539 signis,
1361 2506 1422 2538 quo
1444 2496 1565 2526 libitum
1588 2494 1674 2531 soret,
1689 2495 1770 2527 dila-

1083 2542 1247 2573 bebantur.

1127 2585 1168 2614 40
1199 2582 1369 2624 Qm'ngenta
1398 2582 1524 2623 talenta]
1564 2581 1691 2612 Marcas
1721 2591 1770 2612 ar-

1083 2627 1168 2669 genti
1183 2626 1299 2656 46875.

1125 2671 1163 2699 41
1198 2668 1392 2708 Faensaezrent]
1439 2666 1597 2708 Purgandi
1634 2667 1770 2698 criminis

1082 2722 1177 2743 cansa
1189 2711 1336 2746 dicerent.
1351 2710 1427 2741 nihil
1445 2734 1453 2741 .

1126 2755 1166 2784 42
1192 2754 1251 2788 Qui
1279 2761 1456 2784 testarentur
1479 2753 1575 2794 sociis]
1612 2752 1684 2783 Non
1711 2751 1769 2784 du-

1083 2797 1217 2829 bitamus
1231 2796 1307 2838 quin
1322 2796 1430 2829 Livius
1443 2796 1598 2838 scripserit
1613 2797 1707 2827 socios.
