1947 3222
475 143 508 180 L
527 142 600 180 113.
639 141 852 179 XXXVII.
899 141 929 178 C
943 142 978 178 A
993 141 1033 178 P.
1063 143 1191 180 LVII.
1468 147 1544 187 329

133 252 284 303 oppida
308 252 351 291 in
372 251 558 291 libertate
560 249 758 303 ficissent,
776 250 917 302 pridie
937 264 1053 303 quam
1069 265 1153 291 cum
1170 251 1371 292 Antiocho
1386 265 1479 305 rege
1500 252 1542 292 in
1557 265 1595 296 U,
1608 264 1646 296 C.
1662 264 1737 296 563.

135 307 240 348 Asta
263 314 487 362 pugnatum
510 313 578 346 est.
640 308 724 346 Pro
744 306 809 347 his
831 322 963 362 quum
993 308 1149 362 gratias
1169 307 1348 363 egissent
1370 308 1543 359 Rhodii,
1557 308 1598 339 Α·
1611 307 1649 338 (3·
1665 308 1737 340 189.

135 363 188 404 de
220 364 325 406 Solis
353 365 470 414 urbe,
501 377 598 418 quae
630 362 672 403 in
705 362 850 404 Cilicia
884 372 961 413 est,
982 372 1182 418 egerunt:
1215 364 1342 418 Argis
1371 371 1409 405 et
1439 366 1543 414 illos,
1557 372 1760 405 SohC1hcia..

132 422 233 462 sicut
252 436 346 471 sese,
363 422 552 462 oriundos
572 434 664 461 esse.
686 420 737 460 ah
758 435 806 460 ea
821 420 1342 475 germanitatefraternam
1362 422 1441 462 sibi
1460 437 1547 462 cum

135 479 188 518 iis
207 480 414 519 caritatem
437 492 528 518 esse.
579 479 724 518 Petere
744 478 816 517 7200
837 479 1210 518 extraordinarium
1231 492 1383 527 munus,
1397 485 1441 517 ut
1461 494 1545 519 eam

134 536 334 575 civitatem
355 549 404 574 ex*
422 535 613 575 servitute
632 535 745 588 regia
768 536 997 576 exi-meyent.
1043 535 1188 576 Vocati
1212 542 1308 576 sunt
1329 534 1438 589 regis
1460 537 1549 575 An-

138 591 262 632 tiochi
292 591 431 647 legati,
454 567 695 646 actumque&
701 607 795 632 cum
816 593 867 632 iis
888 600 972 634 est:
1005 607 1080 632 nec
1101 591 1334 648 quidquam
1355 591 1550 646 impetia-

137 655 241 698 tum,
274 656 450 690 testante
485 648 645 689 foedera
665 648 909 714 Antipatro,
932 649 1131 690 adveisus
1161 663 1257 704 quae
1287 649 1339 689 ab
1376 647 1550 689 Rhodiis

134 719 216 744 non
239 704 369 768 Solos,
392 705 464 746 sed
487 705 673 745 Ciliciam
694 706 796 761 peti,
818 714 858 746 et
875 706 982 761 juoa
1005 705 1138 746 'lauri
1161 705 1406 747 transcendi.
1467 705 1551 745 Re-

133 762 290 802 vocatis
320 777 362 801 1n
391 770 579 803 senatum
602 762 793 810 Rhodiis,
817 778 965 818 quum,
989 771 1247 818 quantopere
1277 761 1466 803 tenderet
1495 761 1551 802 16-

132 825 257 873 gatus
296 819 450 873 regius,
487 819 773 874 exposuissent
815 820 976 870 Patres,
1017 819 1284 875 adjecerunt;
1332 820 1378 860 Si
1417 819 1552 872 utique

133 889 219 915 eam
241 890 321 916 rem
342 878 399 916 ad
426 877 606 917 civitatis
625 889 707 916 suae
727 877 963 930 dignitatem
987 877 1198 929 pertinere
1217 882 1420 916 censerent
1439 876 1551 916 Rho-

131 932 208 982 dii,
225 939 400 973 senatum
424 934 532 973 omni
552 934 665 973 modo
686 940 1004 987 expugnaturum
1020 935 1293 985 pertinaciam
1314 934 1549 987 legatorum.

137 963 252 1030 Ttim
288 1005 386 1031 vero
422 990 648 1046 inpensius,
677 1005 804 1045 quam
838 998 949 1040 ante,
979 990 1137 1031 Rhodii
1167 990 1322 1046 gratias
1358 998 1549 1045 egerunt,

135 1061 405 1102 cessurosque
427 1062 468 1087 se
497 1048 639 1103 potius
660 1047 916 1103 adrogantiae
948 1047 1182 1110 Antipatri,
1206 1062 1333 1102 quam
1363 1062 1550 1087 caussam

137 1103 357 1144 turbandae
384 1103 496 1160 pacis
526 1082 793 1159 praebituros,
815 1103 1024 1144 dixerunt.
1056 1104 1115 1144 ita
1134 1103 1239 1144 nihil
1259 1103 1310 1143 de
1335 1103 1440 1144 Solis
1460 1118 1549 1144 mu-

136 1167 271 1201 tatum
292 1168 366 1201 est.

194 1218 339 1257 LVII.
372 1218 453 1257 Per
481 1233 549 1258 eos
577 1217 678 1267 dies,
700 1217 855 1273 quibus
884 1218 974 1259 haec
1003 1225 1122 1273 gesta
1151 1226 1263 1268 sunt,
1285 1217 1412 1273 legati
1436 1216 1552 1258 Mas-

136 1273 359 1314 siliensium
380 1274 667 1324 nunciarunt&
690 1275 742 1315 L.
765 1275 949 1316 Boebium
973 1281 1204 1328 praetorem,
1227 1277 1271 1315 in
1297 1275 1550 1328 provinciam

134 1331 388 1383 Hispaniam
412 1333 742 1384 proficiscentem,
765 1333 816 1372 ab
837 1332 1060 1386 Liguribus
1080 1334 1381 1373 circumve-nium
1392 1354 1406 1378 ,·
1440 1346 1550 1386 mag-

133 1402 188 1427 ua
211 1395 337 1441 parte
365 1390 546 1429 comitum
577 1403 693 1438 caesa,
725 1390 974 1430 vulneratum
1005 1391 1146 1442 ipsum,
1175 1404 1258 1430 cum
1280 1391 1439 1442 paucis,
1465 1390 1553 1430 sine

134 1445 355 1495 lictoribus,
378 1446 613 1487 Massiliam
634 1446 878 1500 perfugisse,
901 1453 938 1487 et
968 1448 1080 1487 intra
1110 1447 1284 1487 triduum
1315 1448 1551 1499 eoespirasse.

140 1503 330 1553 Senatus,
359 1518 408 1543 ea
439 1519 484 1543 re
520 1502 678 1552 audita,
707 1503 904 1553 decrevit,
934 1505 993 1543 uti
1027 1505 1078 1544 P.
1100 1505 1250 1546 Junius
1282 1502 1450 1552 Brutus,
1483 1504 1554 1556 qui

127 1566 364 1612 propraetor
384 1561 425 1600 in
443 1561 619 1600 Etruria
641 1566 751 1607 esset,
767 1562 984 1612 provincia
1007 1563 1258 1615 exercituque
1277 1561 1448 1601 traditis
1467 1561 1552 1612 uni,

135 1619 202 1657 cui
216 1618 431 1667 videretur,
445 1632 494 1657 ex
503 1618 672 1682 legatis,
691 1618 776 1669 ipse
792 1618 835 1657 in
855 1619 1083 1658 ulteriorem
1097 1619 1352 1671 Hispaniam
1368 1618 1553 1670 proficis-

137 1689 202 1714 cei
204 1680 306 1724 etur,
328 1689 452 1728 eaque
472 1675 510 1715 ei
531 1688 751 1726 Ρ1ουῑηιια
772 1681 880 1715 esset.
943 1676 1038 1715 Hoc
1069 1674 1475 1738 senatusconsultum
1505 1674 1552 1714 li-

138 1739 324 1787 teraeque
344 1747 368 1771 a
398 1733 467 1787 Sp.
492 1730 709 1772 Postumio
737 1739 916 1786 praetore
946 1731 987 1772 in
1019 1732 1237 1773 Etruriam
1267 1731 1401 1772 missae
1432 1739 1548 1772 sunt:

136 1788 464 1853 profectusque
453 1803 497 1828 111
518 1787 766 1843 Hispaniam
783 1796 844 1829 est
866 1789 914 1829 P.
930 1790 959 1829 J
963 1804 1087 1829 unlus
1106 1796 1352 1845 propraetor.
1398 1789 1451 1830 In
1467 1803 1551 1844 qua
1564 1799 1712 1830 AEmilius

138 1845 353 1901 provincia
371 1861 488 1901 prius
508 1844 738 1900 aliquanto,
761 1860 887 1900 quam
916 1861 1124 1886 successor
1144 1846 1318 1895 veniret,
1342 1846 1393 1886 L.
1417 1844 1552 1886 AEmi-
1564 1842 1730 1873 Lusitanos

138 1903 219 1943 lius
250 1902 439 1953 Paullus,
463 1917 536 1958 qul
570 1908 715 1957 postea
743 1916 883 1957 regem
909 1903 1061 1943 Persea
1089 1918 1242 1958 magna
1274 1902 1407 1958 gloria
1437 1902 1552 1952 vicit,
1566 1885 1669 1916 vincit

140 1974 272 2014 quum
292 1958 428 2015 Ριὶοτ6
449 1974 556 1999 anno
576 1958 691 1998 haud
715 1973 910 2015 prospere
931 1974 1018 2000 16111
1048 1959 1254 2015 gessisset,
1277 1958 1555 2001 tumultuario

139 2016 325 2057 exercitu
357 2016 556 2065 conlecto,
589 2014 715 2069 signis
750 2015 923 2057 conlatis
958 2031 1054 2056 cum
1048 1991 1300 2057 z:Lusitanis
1334 2015 1552 2072 pugnavit.

141 2072 244 2114 Fusi
273 2072 495 2135 fugatique
526 2080 623 2112 sunt
651 2071 802 2112 hostes.
834 2088 941 2113 caesa
970 2073 1112 2113 decem
1142 2080 1182 2114 et
1212 2081 1306 2114 octo
1333 2072 1463 2114 nullia
1492 2087 1556 2113 ar-

139 2137 374 2176 matorum;
419 2129 498 2170 tria
531 2127 661 2168 millia
696 2129 867 2170 trecenti
901 2129 1037 2194 capti,
1055 2137 1096 2170 et
1131 2138 1265 2170 castra
1299 2137 1552 2185 expugnata.

140 2186 290 2242 Hujus
324 2185 508 2227 victoriae
543 2185 655 2225 fama
684 2186 992 2250 tranquilliores
1026 2186 1069 2226 in
1101 2186 1308 2249 Hispania
1343 2201 1408 2226 res
1442 2186 1553 2227 fecit.

142 2243 303 2284 Eodem
326 2258 432 2283 anno
454 2250 549 2283 ante
570 2241 678 2282 diem
706 2243 879 2284 tertium
902 2242 1113 2283 Kalendas
1134 2244 1163 2283 J
1166 2258 1356 2284 annarias
1377 2242 1409 2269 ⁷1
1420 2243 1556 2283 Bono-

141 2300 253 2341 niam
294 2299 489 2340 Latinam
537 2298 737 2339 coloniam
782 2314 833 2339 ex
879 2299 1237 2341 senatusconsulto
1282 2300 1332 2341 L.
1366 2299 1556 2340 Valerius

142 2357 333 2422 Flaccus,
366 2357 429 2396 M.
454 2355 614 2397 Atilius
650 2356 864 2406 Serranus,
896 2357 947 2397 L.
974 2356 1160 2397 Valerius
1197 2358 1376 2413 Tappus
1410 2357 1557 2397 trium-

144 2413 222 2454 viri
252 2413 531 2454 deduxerunt.
564 2411 644 2453 tria
672 2412 802 2452 millia
830 2413 1046 2453 hominum
1079 2421 1175 2454 sunt
1203 2414 1407 2454 deducta:
1440 2412 1557 2468 equi-

145 2468 257 2510 tibus
286 2478 540 2525 septuagena
570 2469 736 2525 jugera,
765 2470 911 2510 ceteris
947 2469 1104 2511 colonis
1134 2471 1431 2526 quinquagena
1460 2476 1557 2509 sunt

147 2524 256 2566 data.
316 2528 433 2582 Ager
472 2534 620 2582 captus
660 2525 712 2566 de
754 2525 888 2567 Gallis
928 2526 1043 2567 Boiis
1080 2526 1245 2567 fuerat:
1292 2526 1404 2568 Galli
1447 2527 1558 2565 Tus-

147 2595 216 2621 cos
259 2583 514 2637 expulerant.
590 2581 753 2623 Eodem
798 2597 905 2623 anno
949 2598 1165 2646 censuram
1213 2583 1337 2624 multi
1376 2590 1417 2623 et
1457 2581 1555 2621 clari
1571 2592 1735 2623 Certamen

146 2636 225 2677 viri
255 2639 474 2692 petierunt.
507 2655 603 2696 quae
633 2655 712 2690 reS,
735 2647 948 2695 tamquam
979 2639 1022 2680 in
1053 2655 1094 2681 se
1123 2655 1272 2714 parum
1302 2638 1441 2694 magni
1472 2652 1557 2678 cer-
1568 2635 1607 2666 de
1622 2645 1761 2666 censura.

616 2729 866 2759 ‘nunciaverunt
881 2728 978 2759 Gron.
996 2728 1086 2759 Crev.

193 2798 230 2827 71
265 2796 424 2828 Bononiam
457 2798 595 2830 Latinam
629 2801 769 2831 coloniam
791 2821 799 2829 .
823 2822 832 2830 .
876 2799 948 2830 inde
974 2798 1026 2840 jus
1055 2804 1174 2830 tantum
1204 2798 1285 2829 Latii
1312 2798 1447 2830 haberet.
1486 2797 1559 2829 Vid-

150 2840 349 2880 deduxerunt]
384 2840 510 2872 Duxere
544 2843 718 2874 Bononiam
751 2843 831 2873 colo·
877 2848 941 2874 not.
960 2844 1012 2873 85.
1029 2842 1068 2873 ad
1084 2842 1105 2872 l.
1122 2842 1280 2873 XXXIV.
1296 2851 1324 2872 c.
1337 2842 1388 2872 53.

153 2892 209 2914 nos
230 2892 247 2913 e
270 2882 403 2920 Latinis,
418 2883 461 2914 ita
483 2888 517 2915 ut
543 2885 663 2917 colonia
685 2885 739 2916 illa
764 2896 833 2926 pro-
