1947 3222
330 91 406 127 422
858 84 921 124 TI
936 84 999 126 TI
1045 84 1081 123 L
1091 85 1108 123 1
1120 83 1184 124 VI
1199 84 1218 122 1

122 206 167 239 u.
176 205 214 239 c.
226 205 300 237 567.
329 194 517 244 habeant,
539 207 588 235 ea
613 193 784 235 crimina
805 206 898 235 esse.
956 194 1180 235 Insolenter
1200 199 1238 234 et
1263 193 1459 234 inmodice
1478 192 1594 233 abuti
1620 192 1757 238 Thes-

124 248 301 283 A.c.185.
329 253 437 294 salos
457 251 713 307 indulgentia
729 251 874 304 populi
896 249 1087 301 Romani,
1109 252 1214 292 velut
1248 265 1296 292 ex
1330 251 1493 291 diutina
1522 251 1595 291 siti
1622 250 1753 292 nimis

332 310 452 355 avide
479 323 626 350 meram
654 309 885 350 haurientes
903 307 1140 348 libertatem.
1202 308 1379 362 Itaqueh,
1400 321 1600 348 servorum
1627 308 1745 347 modo

323 373 481 421 proeter
507 380 613 420 spem
643 371 804 419 repente
832 365 1173 412 manumissorum,
1194 362 1443 406 ”licentiam
1473 365 1578 405 vocis
1601 370 1638 404 et
1664 364 1744 404 lin-

328 437 423 478 guae
442 424 634 476 experiri,
656 429 694 463 et
709 421 876 476 jactare
899 435 980 461 sese
1009 421 1273 462 insectatione
1292 429 1329 462 et
1358 422 1545 466 convitiis
1564 421 1742 461 domino·

332 495 432 526 rum.
491 480 644 522 Elatus
672 478 822 520 deinde
851 492 912 518 1ra
941 476 1108 540 adjecit,
1128 476 1358 518 ⁹⁸Nondum
1388 480 1559 518 omnium
1589 479 1743 518 dierum

332 539 450 579 solem
471 539 671 578 occidisse.
733 534 787 575 Id
807 532 1021 575 minaciter
1041 533 1217 585 dietum,
1238 549 1320 575 non
1342 535 1532 576 Thessali
1556 533 1709 576 modo
1700 549 1744 575 1n

333 609 435 646 sese,
457 593 528 636 sed
558 592 682 634 etiam
704 589 884 632 Romani
914 598 1174 646 acceperunt.
1206 599 1248 632 et
1268 606 1400 646 quum
1428 591 1620 633 fremitus
1648 598 1745 647 post

333 666 424 693 eam
458 664 599 691 vocem
635 656 768 698 ortus,
799 655 840 688 et
872 646 1041 688 tandem
1073 646 1241 688 sedatus
1272 655 1392 697 esset,
1424 647 1744 689 Perrhaeborum

333 707 430 749 inde
459 706 832 760 Athamanumque
863 703 1011 760 legatis
1039 703 1269 759 respondit,
1293 705 1503 754 Eamdem,
1524 707 1572 746 de
1604 705 1746 759 quibus

333 765 400 805 illi
427 769 570 817 agant,
591 762 816 803 civitatium
845 775 1023 802 caussam
1056 774 1148 802 esse.
1178 762 1372 802 consulem
1395 762 1571 802 Acilium
1600 768 1638 802 et
1658 762 1745 802 Ro-

332 834 471 861 manos
489 819 568 861 sibi
587 820 740 860 dedisse
761 833 841 867 eas,
864 832 979 872 quum
1000 818 1168 858 hostium
1197 825 1339 860 essent.
1397 819 1443 860 Si
1463 833 1571 860 suum
1591 833 1745 869 munus,

333 877 400 931 qui
420 878 634 926 dedissent,
656 877 835 916 adimere
857 875 998 925 velint,
1019 876 1120 915 scire
1139 889 1191 921 se,
1214 876 1425 916 cedendum
1447 891 1546 916 esse:
1577 877 1648 916 sed
1666 890 1745 917 me-

333 935 433 975 liori
452 949 501 974 ac
517 934 705 987 fideliori
724 934 865 980 amica,
890 934 932 973 in
958 933 1140 987 gratiam
1166 933 1309 973 levium
1331 940 1369 972 et
1400 934 1602 974 inutilium
1622 934 1747 974 socio-

333 1006 436 1040 rum,
459 990 653 1046 injuriam
674 1005 737 1031 eos
758 1005 837 1032 esse
840 990 1046 1045 facturos.
1083 988 1171 1030 Nec
1190 990 1293 1030 enim
1315 991 1435 1031 ullius
1453 992 1516 1031 rei
1536 991 1665 1032 minus
1684 991 1748 1031 di·

333 1055 522 1090 uturnam
552 1063 632 1089 esse
658 1049 856 1102 gratiam,
879 1061 996 1101 quam
1025 1047 1246 1088 libertatis.-
1272 1048 1499 1099 praesertim
1529 1049 1641 1101 apud
1667 1062 1745 1096 eos,

335 1107 405 1160 qui
433 1107 536 1146 male
565 1106 711 1146 utendo
731 1119 818 1144 eam
846 1104 1080 1156 conrupturi
1108 1105 1201 1144 sint.
1264 1105 1423 1146 Caussa
1451 1104 1631 1160 cognita,
1653 1119 1748 1161 pro-

333 1162 635 1204 nunciaverunt
657 1161 798 1217 legati,
821 1162 1006 1208 Placere,
1030 1162 1173 1201 deduci
1184 1163 1388 1214 praesidia
1412 1162 1676 1202 Macedonum
1696 1177 1746 1202 ex

333 1220 386 1261 iis
406 1219 581 1265 urbibus,
603 1225 640 1259 et
661 1220 842 1272 antiquis
859 1218 1114 1258 Macedoniae
1134 1219 1316 1259 terminis
1336 1220 1646 1273 regnumfiniri.
1679 1220 1747 1259 De

334 1276 514 1330 injuriis,
536 1290 636 1330 quas
655 1277 761 1315 ultro
781 1277 959 1329 citroque
981 1276 1133 1316 inlatas
1159 1281 1392 1328 querantur,
1415 1290 1490 1329 quo
1511 1277 1623 1317 modo
1643 1277 1748 1316 inter

332 1348 400 1375 eas
423 1341 562 1388 gentes
591 1339 630 1374 et
658 1332 910 1373 Macedonas
939 1332 1192 1387 disceptetur,
1224 1331 1258 1356 9⁹
1255 1332 1480 1386 formulam
1497 1332 1612 1387 juris
1640 1347 1747 1375 exse-

333 1392 482 1445 quendi
501 1391 816 1431 constituendam
837 1404 932 1430 esse.

392 1448 596 1488 XXVII.
630 1447 750 1498 Inde,
778 1445 961 1501 graviter
991 1445 1162 1487 obfenso
1194 1461 1306 1502 rege,
1338 1446 1658 1489 Thessalonicen
1689 1447 1745 1489 ad

123 1513 265 1550 Querelae
278 1513 321 1544 le
336 1504 668 1560 cognoscendum
688 1503 740 1544 de
763 1503 957 1544 Thraciae
979 1502 1154 1545 urbibus
1175 1503 1508 1558 proficiscuntur.
1539 1503 1597 1545 ibi
1617 1500 1744 1560 legati

120 1563 262 1628 {aterum
284 1598 304 1629 d
336 1538 561 1602 Eumenis:
598 1561 643 1602 Si
662 1561 765 1601 leber
767 1575 812 1602 as
828 1575 908 1601 esse
921 1560 1073 1600 AEnum
1091 1567 1128 1601 et
1142 1560 1389 1640 Nllaroneam
1409 1562 1533 1602 velint
1550 1561 1745 1611 Romani,

120 1609 323 1673 Τζὲἓῗὲωε
336 1618 453 1661 nihil
455 1618 539 1663 sui
550 1618 727 1671 pariaris
757 1632 835 1659 esse
865 1619 973 1657 ultra
1005 1617 1146 1666 dicere,
1170 1616 1308 1671 1quam
1338 1625 1381 1658 ut
1411 1619 1665 1670 admoneant,
1686 1633 1745 1668 re,

120 1683 223 1716 bibus.
334 1689 414 1715 non
434 1674 567 1726 verbo,
589 1690 652 1717 eos
671 1675 774 1716 libet
775 1689 817 1716 os
836 1675 1083 1739 relinquant,
1106 1689 1176 1714 nec
1194 1689 1301 1716 suum
1324 1689 1463 1715 munus
1484 1677 1677 1730 intercipi
1695 1675 1749 1717 ab

336 1733 421 1773 alio
430 1732 664 1785 patiantur·
718 1733 792 1774 Sin
813 1739 943 1772 autem
964 1732 1094 1771 minor
1113 1746 1210 1772 cura
1230 1733 1284 1772 sit
1304 1734 1525 1773 civitatium
1546 1733 1586 1772 in
1612 1733 1746 1774 Thra-

335 1789 401 1830 cia
424 1790 665 1842 positarum,
696 1790 819 1830 multo
848 1789 979 1829 verius
1008 1802 1100 1835 esse,
1133 1802 1221 1841 quae
1249 1789 1318 1829 sub
1344 1789 1545 1830 Antiocho
1560 1789 1747 1843 fuerint,

327 1846 505 1899 proemia
525 1845 621 1887 belli
628 1847 869 1899 'Eumenem
892 1859 1008 1899 quam
1035 1845 1286 1898 Philippum,
1308 1846 1473 1893 habere,-
1498 1848 1560 1887 vel
1572 1861 1652 1900 pro
1664 1861 1745 1901 pa·

334 1903 411 1943 tris
430 1902 567 1943 Attali
586 1904 739 1944 meritis
765 1903 880 1952 bello,
903 1904 1010 1956 quod
1036 1903 1224 1943 adversus
1243 1903 1482 1956 Philippum
1503 1905 1630 1957 ipsum
1656 1918 1746 1959 ges·

333 1961 432 2000 serit
453 1961 628 2013 populus
658 1960 883 2000 Romanus.-
914 1959 997 2000 ²vel
1025 1960 1120 2010 suis,
1152 1961 1257 2014 quod
1279 1960 1473 2001 Antiochi
1501 1961 1603 2002 bello
1631 1968 1745 2003 terra

333 2017 516 2071 marique
543 2015 760 2058 laboribus¹
782 2018 1054 2071 periculisque
1073 2017 1251 2058 omnibus
1277 2017 1519 2071 interficerit.
1579 2019 1750 2063 Habere

335 2087 418 2115 eum
432 2080 638 2127 praeterea
659 2075 787 2115 decem
806 2075 1028 2128 legatorum
1050 2075 1092 2115 in
1113 2089 1198 2115 eam
1219 2089 1300 2114 rem
1320 2073 1651 2130 ³praejudicium,·
1675 2077 1747 2132 aui

124 1113 308 1154 Legatorum

119 1155 282 1196 judicium.

698 2173 714 2198 h
731 2173 779 2204 Ita
794 2173 891 2206 Gron.
1063 2169 1073 2193 ἰ
1087 2174 1283 2214 laboribusque
1297 2173 1376 2205 Ead.

378 2267 619 2299 970Licentiam
644 2268 717 2297 vocis
744 2274 771 2297 et
800 2268 912 2309 lingme
938 2279 1018 2308 mpe-

334 2311 408 2353 riri]
451 2311 707 2357 Experimentum
741 2320 851 2352 capee
886 2311 1018 2342 licentiae

335 2363 520 2389 sermonum,
536 2362 623 2394 cujus
639 2352 759 2383 novitas
774 2353 834 2384 illis
854 2354 928 2385 mire
951 2354 1018 2396 pla-

335 2401 414 2428 ceat-

378 2439 419 2470 98
453 2437 591 2468 Nondum
625 2439 753 2468 omnium
787 2440 901 2469 dierum
935 2440 1019 2470 solem

335 2481 481 2522 occidisse]
521 2479 619 2518 Quasi
646 2480 776 2511 diceret:
814 2482 864 2513 Ne
891 2481 1019 2513 nimium

336 2524 524 2555 confiderent
542 2522 684 2564 praesenti
708 2533 806 2554 rerum
828 2524 939 2555 statui:
965 2536 1015 2556 su-

336 2577 457 2609 peresse
474 2571 505 2598 et
519 2565 575 2596 sibi
594 2570 626 2596 et
647 2565 706 2595 illis
723 2565 797 2596 satis
812 2567 966 2608 tempori5‚
983 2573 1016 2599 ut

336 2614 472 2640 mutatas
486 2618 533 2640 res
547 2607 647 2639 videre
661 2614 795 2658 possent.

379 2651 630 2684 99⁸Formulam
644 2652 730 2690 juvis
754 2652 921 2692 e1sequendi
948 2662 1014 2682 con-

333 2696 514 2725 stituendum
549 2693 620 2735 esse]
664 2693 920 2725 Constituendam
950 2704 1016 2726 esse

336 2736 509 2772 formulam.
527 2746 564 2768 ex
587 2747 649 2778 qua
672 2735 834 2778 Philippus
855 2742 885 2767 et
908 2736 1014 2768 adver-

335 2779 422 2811 sariae
436 2779 575 2811 οἰνιῑαὶοε
589 2778 670 2827 apud
692 2789 735 2815 se,
754 2779 799 2810 vel
822 2778 904 2820 apud
926 2789 1014 2811 sena-

337 2827 412 2859 tum,
438 2823 476 2854 de
509 2822 626 2862 injurus
658 2822 772 2854 mutuis
800 2821 1012 2865 disceptarent.

1063 2267 1137 2299 Vid.
1153 2274 1217 2299 not·
1233 2270 1284 2300 42.
1299 2269 1339 2300 ad
1355 2270 1423 2301 XL.
1441 2270 1490 2300 12.

1108 2313 1122 2342 1
1149 2312 1246 2346 Quam
1268 2319 1300 2342 ut
1322 2311 1513 2352 admoneant]
1538 2311 1603 2353 Ipsi
1624 2311 1676 2353 qui
1700 2312 1745 2343 lo-

1062 2359 1208 2395 quuntur,
1239 2355 1387 2386 Eumenis
1414 2354 1519 2395 legati.
1563 2355 1667 2385 Verba
1694 2366 1743 2386 se-

1061 2397 1188 2437 quentia
1222 2398 1401 2438 relinquant,
1440 2399 1605 2437 patiuntur,
1648 2398 1741 2439 perti-

1061 2445 1135 2471 nent
1147 2439 1187 2470 ad
1200 2439 1367 2472 Romanos.
1414 2439 1620 2471 Gronovianae
1635 2440 1742 2472 editio-

1062 2492 1115 2513 nes
1148 2484 1315 2513 admoneut:
1351 2487 1457 2514 contra
1489 2482 1641 2514 editorum
1675 2493 1741 2515 om-

1060 2525 1144 2556 nium
1167 2531 1198 2556 et
1220 2526 1398 2567 scriptorum
1423 2524 1526 2562 fldem,
1543 2531 1618 2557 teste
1640 2526 1742 2559 Hear-

1060 2567 1121 2598 nio.
1167 2568 1335 2609 Repugnat
1349 2574 1381 2599 et
1403 2577 1521 2604 sensus,
1536 2577 1573 2598 ex
1596 2579 1657 2610 quo
1673 2580 1740 2600 ver-

1058 2610 1132 2641 bum
1155 2610 1255 2641 referri
1271 2610 1365 2642 debet
1387 2610 1425 2641 ad
1449 2610 1567 2652 legatos
1581 2611 1741 2650 Eumenis,

1059 2661 1095 2684 ac
1112 2652 1237 2694 proinde
1251 2653 1378 2695 pluralis
1392 2663 1457 2685 esse
1474 2653 1604 2685 numeri.

1101 2696 1121 2725 2
1150 2695 1199 2728 let
1219 2697 1289 2731 suis,
1304 2697 1394 2739 quod]
1427 2697 1510 2739 Lege
1533 2707 1604 2728 cum
1620 2697 1742 2730 Grono-

1059 2736 1108 2768 vio
1125 2738 1247 2773 vdsuis,
1262 2741 1321 2779 qui.

1060 2781 1389 2854 11i3*4grcj11diciwn]
1427 2782 1501 2814 Vid.
1530 2787 1592 2814 not.
1622 2783 1673 2814 80.
1702 2783 1742 2814 ad
