1947 3222
517 123 633 160 LlB.
668 121 898 159 xxxvii<
919 122 989 160 CA
1006 122 1044 157 P.
1075 122 1185 159 LIII.
1482 130 1555 164 323

143 231 286 284 lisque,
306 245 424 285 quam
443 246 483 272 se
503 235 840 277 commemorante,
863 228 1141 283 4⁹cognoscere,
1165 231 1283 271 dixit.
1348 233 1451 273 Haec
1480 235 1550 275 ad-
1566 243 1742 276 U.C.563.

145 287 417 349 probantibus
446 287 620 334 cunctis,
646 286 981 342 jubentibusque
1016 285 1151 326 dicere
1181 286 1333 341 ipsum,
1359 286 1650 332 5⁰01nis25aA·C·
1669 287 1740 318 189.

143 359 184 384 in
205 343 249 385 id
270 344 531 394 verecundia,
553 344 653 397 quid
671 343 751 383 sibi
766 357 791 384 a
811 350 953 383 senatu
968 344 1193 396 populoque
1214 344 1400 385 Romano
1422 348 1548 388 tribui

140 414 293 454 cequum
331 407 526 442 censeret:
568 400 812 454 propensius
851 401 1177 454 cumulatiusque,
1217 401 1255 440 si
1293 415 1369 453 quo
1403 406 1544 455 possit,

138 456 170 480 ⁵¹
173 465 297 509 prout
317 458 397 512 ejus
417 459 561 498 merita
585 459 681 507 sint,
702 464 880 499 senatum
885 458 1122 511 facturum;
1155 456 1209 497 ad
1229 472 1276 497 ea
1297 473 1367 498 rex
1388 475 1396 498 :
1430 461 1476 500 Si
1495 463 1545 502 ab

138 516 235 555 aliis
253 515 330 555 sibi
341 517 601 568 prcz‘miorum
622 517 732 568 optio
753 515 991 566 defierretur,
1012 515 1196 563 libenter,
1219 515 1320 554 daca
1351 517 1464 556 modo
1467 519 1545 571 fa-

136 573 284 612 cecitate
311 573 543 613 consulendi
570 579 749 613 senatum
771 573 1008 619 Romanum,
1032 572 1199 612 consilio
1219 573 1460 625 amplissimi
1479 589 1544 621 or-¹

135 629 245 669 dinis
260 643 416 670 usurum
420 630 572 684 fuisse,
590 645 639 670 ne
659 631 758 683 qaid
772 636 843 670 aut
859 630 1107 670 inmoderate
1126 629 1292 682 cupisse,
1308 635 1380 669 ant
1394 632 1544 683 petisse

133 699 276 737 parum
296 688 466 727 modeste
494 688 627 728 videri
649 694 804 740 posset:
835 701 967 727 verum
994 688 1206 735 enimvero,
1229 700 1345 740 quum
1367 688 1449 740 ipsi
1468 690 1541 728 da-

131 744 218 783 turi
244 744 340 792 sint,
363 746 483 785 multo
511 746 640 798 magis
671 745 980 797 munificentiam
1012 758 1145 784 eorum
1175 745 1218 784 in
1247 758 1288 784 se
1301 744 1542 798 fratresque

129 814 215 840 suos
246 801 420 854 ipsorum
451 802 622 843 arbitrii
649 802 790 842 debere
819 816 911 842 esse.
981 800 1098 842 Nihil
1128 801 1204 841 hac
1235 801 1418 842 oratione
1450 803 1539 858 ejus

132 858 279 898 Patres
299 859 520 915 conscripti
541 858 729 901 deterriti
751 867 863 908 sunt,
886 874 971 914 quo
991 859 1130 899 minus
1151 857 1287 898 dicere
1307 857 1445 914 ipsum
1469 860 1539 915 ju-

128 913 286 956 berent.
320 924 360 956 et
383 931 517 971 quum
544 915 818 971 aliquamdiu,
840 915 935 956 hinc
956 915 1231 970 indulgentia,
1252 915 1349 955 hine
1380 915 1538 958 modes-

129 970 202 1021 tia,
223 971 369 1013 ⁵²inter
398 974 687 1028 permittentes
717 973 758 1013 in
790 973 936 1023 vicem,
958 987 1039 1013 non
1070 971 1201 1027 magis
1225 979 1388 1021 mutua,
1411 989 1539 1028 quam

126 1026 449 1084 ⁵³inexplicabili
479 1029 692 1080 facilitate,
724 1037 929 1070 certatum
959 1037 1079 1078 esset,
1112 1029 1322 1069 Eumenes
1342 1028 1538 1086 54templo

125 1086 312 1128 excessit.
375 1087 551 1128 Senatus
580 1086 624 1127 in
647 1086 790 1127 eadem
812 1094 997 1141 perstare
1018 1085 1232 1133 sententia,
1256 1094 1304 1126 ut
1325 1086 1538 1127 absurdum

126 1156 207 1183 esse
227 1142 395 1194 diceret,
417 1145 609 1197 ignorare
628 1158 771 1197 regem,
794 1143 896 1196 quid
911 1156 1092 1195 sperans,
1115 1148 1187 1182 aut
1207 1147 1350 1195 petens
1369 1145 1536 1185 venerit.

125 1212 215 1252 quae
241 1201 544 1241 adcommodata
572 1215 697 1254 regno
717 1214 786 1240 suo
805 1201 901 1248 sint,
924 1200 1054 1253 ipsum
1073 1200 1221 1252 optime
1240 1201 1361 1240 scire.-
1394 1201 1536 1242 Asiam

123 1258 240 1310 longe
267 1257 419 1307 melius,
443 1272 561 1312 quam
589 1264 784 1309 senatum,
806 1271 931 1298 nosse.
962 1258 1224 1298 revocandum
1250 1257 1379 1311 igitur
1408 1265 1448 1299 et
1476 1274 1535 1300 co-

119 1315 306 1368 gendum,
329 1328 419 1368 quoe
438 1316 567 1366 vellet,
590 1329 754 1369 quoeque
773 1316 955 1364 sentiret,
973 1329 1214 1368 expromere.

183 1370 315 1412 LIII.
348 1371 569 1414 Reductus
589 1388 614 1414 a
633 1380 813 1428 praetore
832 1371 874 1412 in
895 1371 1099 1428 templum
1119 1387 1209 1422 rex,
1231 1380 1273 1413 et
1292 1372 1430 1414 dicere
1444 1374 1534 1430 jus-
1548 1381 1654 1428 Oratio
1673 1382 1735 1413 Eu=

125 1443 218 1469 sus:
261 1430 598 1480 Perseverassem,
633 1429 789 1485 inquit,
821 1436 965 1477 tacere,
1002 1429 1154 1470 Patres
1184 1431 1416 1482 conscripti,
1453 1432 1535 1472 nisi
1546 1434 1652 1456 merus,

122 1485 376 1526 Rhodiorum
397 1487 639 1540 legationem
660 1501 750 1526 mox
770 1493 977 1527 vocaturos
1007 1500 1072 1526 vos
1090 1487 1248 1526 scirem.-
1280 1493 1331 1535 et,
1355 1488 1439 1528 illis
1463 1503 1534 1529 cm-

121 1542 233 1590 ditis,
255 1543 358 1583 mihi
375 1544 645 1584 necessitatem
660 1544 763 1598 fore
783 1544 958 1584 dicendi.
1022 1542 1126 1592 Quae
1145 1545 1301 1597 quidem
1325 1559 1368 1584 eo
1389 1545 1533 1601 dgffici-

119 1599 200 1639 lior
218 1601 355 1641 oratio
375 1602 466 1650 erit,
489 1602 595 1655 quod
623 1616 671 1641 ea
695 1602 905 1654 postulata
926 1615 1053 1642 eorum
1067 1600 1223 1655 fictura
1251 1602 1364 1650 sint³‚
1387 1609 1430 1642 ut
1451 1617 1533 1643 non

119 1657 242 1697 solum
263 1657 381 1706 nihil,
403 1660 508 1712 quod
525 1665 666 1698 contra
688 1672 747 1698 me
765 1659 834 1708 sit,
855 1659 924 1699 sed
943 1672 993 1698 ne
1019 1659 1127 1711 quod
1153 1659 1210 1698 ad
1223 1656 1345 1711 'ipsos
1374 1660 1531 1712 quidem

111 1715 285 1766 proprie
298 1718 522 1767 pertineat,
542 1722 679 1768 petere
698 1716 921 1756 videantur.
965 1715 1098 1769 Agent
1123 1715 1224 1755 enim
1240 1730 1418 1757 caussam
1435 1718 1532 1758 civi-

118 1772 263 1812 tatium
288 1771 538 1819 Grcecamm,
557 1779 596 1813 et
614 1773 788 1813 liberari
802 1786 871 1813 eas
886 1773 1018 1813 dicent
1035 1772 1187 1813 debere.
1211 1787 1287 1826 qno
1301 1774 1528 1826 impetrato,

116 1829 184 1868 cui
197 1828 357 1870 dubium
378 1836 448 1878 cst,
467 1830 564 1884 quin
585 1836 623 1870 et
643 1845 669 1870 a
691 1830 804 1871 nohis
819 1831 999 1871 aversuri
1013 1831 1095 1871 sint
1116 1844 1197 1870 non
1219 1845 1286 1870 eas
1306 1832 1418 1871 modo
1433 1832 1530 1872 civi-

116 1890 234 1934 tates,
249 1900 338 1940 quae
349 1887 639 1938 liberabuntur,
653 1889 723 1928 sed
736 1889 858 1928 etiam
875 1894 1023 1929 veteres
1034 1887 1329 1940 stipendiarias
1345 1895 1525 1935 nostras,-

118 1943 199 1995 ipsi
219 1950 348 1984 autem
368 1951 485 1985 tanto
505 1945 703 1999 obligatos
719 1945 905 1998 beneficio
921 1944 1037 1986 verbo
1053 1945 1191 1995 socios,
1209 1960 1253 1984 re
1268 1960 1363 1985 vera
1383 1945 1529 1999 subjec-

117 2005 176 2040 tos
205 2000 377 2054 imperio
406 2007 443 2042 et
473 2001 665 2043 obnoxios
693 2002 878 2043 habituri
903 2003 1015 2043 sint?
1057 2003 1131 2049 Et,
1163 2003 1217 2055 (si
1247 2003 1347 2043 Diis
1370 2004 1526 2056 placet)

115 2071 232 2109 quum
252 2058 326 2099 has
345 2064 484 2099 tantas
503 2073 595 2112 opes
614 2059 887 2114 afflctabunt,
907 2059 1226 2108 dissimulabunt,
1243 2060 1329 2099 ulla
1347 2066 1468 2112 parte
1484 2061 1530 2100 id

114 2115 173 2154 acl
189 2128 231 2155 se
243 2116 470 2167 pertinere:
503 2131 569 2157 vos
589 2118 700 2157 modo
717 2118 762 2157 id
780 2118 930 2164 decere,
947 2123 985 2156 et
1000 2117 1236 2157 conveniens
1250 2131 1331 2156 esse
1346 2118 1527 2171 antefac-

114 2171 180 2219 tis‚
203 2173 352 2214 dicent.
411 2173 519 2213 Haec
538 2188 614 2214 vos
643 2187 693 2214 ne
722 2175 901 2227 decipiat
930 2175 1076 2222 oratio,
1093 2174 1389 2225 providendum
1419 2174 1527 2215 vobis

116 2229 212 2276 erit,-
245 2243 341 2271 neve
360 2244 440 2270 non
461 2232 582 2271 solum
603 2231 862 2285 incequaliter
891 2232 996 2271 alios
1017 2231 1181 2271 nimium
1211 2231 1450 2283 deprimatis
1479 2246 1527 2272 ea:

658 2323 670 2340 ⁵
685 2326 753 2350 sunt
770 2320 867 2350 Gron.
885 2319 975 2350 Crev.

159 2403 201 2434 49
238 2404 427 2446 Cognoscere]
486 2404 598 2446 Scripti
653 2406 798 2446 cognosci:
842 2404 977 2440 fendere,
993 2404 1062 2436 ideo
1077 2403 1118 2435 ad
1137 2415 1199 2435 rem
1219 2403 1419 2435 molliendam
1440 2403 1526 2434 vide-

117 2444 200 2476 unde
225 2446 396 2478 Gronovius
424 2447 591 2488 legendum
617 2453 707 2490 putat
732 2459 798 2489 cog·
843 2454 892 2478 tur
925 2447 1040 2478 inserta
1072 2457 1138 2478 esse
1171 2446 1240 2477 haec
1270 2446 1472 2489 parenthesis,
1504 2450 1526 2477 si

116 2497 202 2518 nosse.
842 2501 907 2531 quo,
922 2490 947 2521 si
959 2501 1022 2531 qua
1036 2490 1068 2520 in
1083 2500 1114 2520 re
1126 2491 1222 2528 possit.

160 2530 202 2561 50
231 2531 339 2563 Omissa
362 2534 395 2563 in
421 2534 452 2563 id
480 2533 670 2574 verecundia]
716 2534 798 2564 Duae
885 2534 1050 2564 52¹*1nter
1074 2534 1271 2572 permittentes
1300 2532 1437 2572 invicem]
1471 2533 1525 2562 ln-

117 2573 235 2603 voculae
259 2577 291 2604 in
316 2576 347 2605 id
373 2575 560 2617 restringunt
585 2586 693 2617 parum
722 2576 797 2607 alio—
840 2581 886 2607 ter
914 2577 1086 2607 Eumenem
1121 2575 1347 2617 permittentem
1382 2575 1526 2605 Patribus

116 2613 192 2655 quin
216 2615 356 2648 decoram
378 2617 624 2650 adhortationem
646 2618 687 2649 ad
706 2619 797 2650 omit·
839 2619 915 2660 quid
931 2619 1005 2650 dare
1019 2617 1146 2653 vellent,
1164 2624 1194 2648 et
1217 2618 1326 2648 Patres
1346 2617 1525 2659 permitten—

118 2656 244 2688 tendam
260 2660 485 2692 verecundiam.
841 2666 886 2692 tes
899 2661 1032 2693 Eumeni
1046 2661 1121 2702 quid
1134 2667 1239 2702 petere
1254 2660 1282 2690 ei
1298 2659 1440 2701 placeret.

159 2701 198 2746 5l
223 2701 319 2732 Prout
354 2704 416 2741 ejus
447 2706 551 2735 merita
583 2705 656 2746 sint]
695 2704 798 2736 Facile
883 2705 1191 2745 53*Inesplicabili]·
1213 2702 1274 2734 Cui
1297 2702 1399 2732 nullus
1421 2700 1524 2731 termi-

115 2747 164 2788 est
187 2744 387 2786 interpretari,
413 2755 508 2786 quum
532 2752 619 2778 tanta
643 2747 711 2789 ejus
734 2758 799 2779 me·
844 2757 913 2783 nuS,
929 2748 1016 2778 nulla
1030 2747 1171 2778 finiendae
1188 2746 1231 2776 rei
1247 2746 1296 2776 via
1310 2744 1499 2785 reperiretur.

117 2789 177 2815 rita
192 2785 263 2816 sint.
307 2785 413 2828 Magis
426 2793 530 2820 tamen
541 2790 695 2832 placeret:
719 2793 799 2822 Pro·
887 2792 928 2822 54
954 2791 1082 2831 Templo]
1108 2789 1180 2820 Vid.
1206 2793 1267 2819 not.
1290 2788 1335 2818 19.
1359 2787 1434 2817 adl.
1452 2787 1479 2818 1.
1498 2798 1525 2816 c,

117 2829 234 2865 pensius
275 2831 509 2871 cumulatiusque
537 2855 546 2863 .
576 2855 585 2864 .
615 2845 701 2874 quam
736 2836 800 2873 ejus
844 2834 895 2864 30.

117 2872 220 2900 merita
234 2872 304 2903 sine.
347 2872 439 2908 Quod
455 2884 493 2904 ne
513 2885 616 2916 regem
637 2876 731 2917 possit
754 2876 797 2906 of-

917 2932 942 2957 Y
965 2919 991 2956 2
