1947 3222
502 92 625 130 LIB.
654 89 856 127 XXXIII.
903 90 1033 129 CAP.
1066 92 1216 129 XXIV.
1494 97 1568 139 109

152 200 278 253 tione,
306 216 440 258 quum
470 200 691 242 adversum
720 212 885 239 omnem
916 206 1106 239 senatum
1138 200 1312 251 videret,
1333 201 1398 243 ⁵in
1429 211 1568 244 monte
1582 213 1762 245 U.C.555.

151 257 321 300 Albano
356 274 398 300 se
433 256 808 312 triumphaturum,
846 263 886 296 et
916 255 1014 311 jure
1054 255 1216 311 imperii
1250 259 1492 310 consularis,
1528 268 1568 300 et
1583 256 1760 288 A.C.l97.

151 315 381 357 multorum
412 314 619 355 clarorum
649 313 834 353 virorum
866 311 1072 368 exempIO,
1095 313 1217 353 dixit.
1280 315 1327 354 C.
1352 316 1569 357 Cornelius
1583 332 1745 365 Cornelius

151 372 203 413 de
246 371 495 414 Insubribus
537 370 869 425 Cenomanisque
910 368 950 409 in
991 369 1239 425 magistratu
1280 370 1614 427 triumphandum
1631 377 1716 411 urbe,

150 429 285 470 multa
319 429 438 484 signa
471 427 668 468 militaria
708 425 821 476 tulit,
859 426 993 467 multa
1029 426 1192 467 Gallica
1232 427 1363 483 spolia
1396 428 1572 484 captivis

149 485 356 542 carpentis
405 484 661 526 transvexit:
713 482 836 523 multi
883 483 1044 524 nobiles
1094 483 1208 524 Galli
1256 492 1353 524 ante
1402 499 1571 526 currum

148 542 360 589 traducti3
407 541 517 582 inter
556 556 675 596 quos,
713 539 902 595 quidam,
941 540 1245 581 ⁶Hamilcarem
1285 539 1435 581 ducem
1479 542 1574 582 Poe-

150 613 299 640 norum
333 598 477 649 fuisse,
513 606 704 639 auctores
740 605 849 638 sunt.
926 598 1125 639 Ceterum
1159 597 1293 653 magis
1326 595 1370 638 in
1405 613 1447 638 se
1479 613 1574 639 con-

150 656 276 697 vertit
312 655 454 697 oculos
492 654 834 695 Cremonensium
872 654 1297 710 Placentinorumque
1331 654 1573 696 colonorum

149 713 276 753 turba
296 712 584 769 ⁷pileatorum‚
607 726 778 752 currum
810 711 1087 767 sequentium.
1150 712 1273 753 Tulit
1294 712 1338 752 in
1357 711 1576 769 triumpho

149 768 355 811 ⁸ducenta
385 769 561 825 triginta
593 778 752 825 septem
785 768 929 817 millia,
963 769 1217 824 quingentos
1249 768 1357 819 aeris,
1390 768 1575 825 9argenti

148 825 283 883 bigati
314 826 582 882 septuaginta
610 841 760 866 novem
790 825 932 866 millia.
965 825 1282 881 l⁰septuagenos
1312 825 1405 867 aeris
1435 826 1578 868 militi-

149 883 230 924 bus
265 883 427 924 divisit:
473 883 633 939 duplex
667 881 814 938 equiti,
849 881 1004 937 triplex
1038 883 1284 923 centurioni.
1348 884 1396 933 Q.
1432 883 1789 924 Minu-Minuciusin

150 941 240 981 cius
260 940 406 981 consul
435 940 488 981 de
514 939 746 995 Liguribus
778 938 978 993 Boiisque
1001 938 1135 979 Gallis
1162 939 1205 979 in
1236 948 1377 980 monte
1408 939 1577 981 Albano
1589 941 1693 967 monte
1709 934 1766 982 Al-

150 996 441 1054 triumphavit.
464 996 499 1037 is
519 995 777 1051 triumphus,
799 1002 848 1036 ut
869 994 974 1045 loco,
996 1003 1037 1036 et
1058 995 1171 1036 fama
1185 1010 1326 1036 rerum
1346 1004 1575 1051 gestarum,
1588 980 1789 1066 {aff-tuum-

149 1063 191 1095 et
222 1054 339 1110 quod
368 1061 555 1094 sumtum
584 1067 666 1093 non
700 1060 918 1107 erogatum
950 1067 999 1092 ex
1031 1053 1178 1093 aerario
1203 1068 1346 1093 omnes
1376 1053 1576 1104 sciebant,

151 1110 436 1152 inhonoratior
464 1109 570 1151 fuit:
608 1109 668 1150 ita
698 1109 840 1165 signis,
871 1108 1179 1165 carpentisque,
1202 1117 1244 1151 et
1275 1109 1417 1166 spoliis
1447 1110 1578 1152 ferme

151 1168 360 1224 aequabat.
422 1166 618 1207 Pecuniae
654 1166 780 1207 etiam
814 1181 946 1222 prope
980 1181 1058 1223 par
1093 1181 1256 1207 summa
1289 1167 1396 1208 fuit:
1445 1166 1578 1209 ¹¹aeris

150 1224 352 1266 translata
371 1223 554 1265 ducenta
583 1232 624 1265 et
655 1222 966 1279 quinquaginta
995 1231 1181 1279 quatuor
1210 1223 1353 1274 millia,
1376 1223 1576 1280 12argenti

149 1281 283 1338 bigati
306 1280 617 1338 quinquaginta
640 1281 720 1321 tria
749 1279 881 1321 millia
910 1288 951 1321 et
982 1280 1165 1321 ducenti.
1197 1280 1402 1322 militibus
1433 1289 1579 1323 centu-

150 1338 424 1394 rionibusque
448 1346 490 1379 et
520 1337 735 1394 equitibus
764 1337 865 1379 item
894 1336 937 1378 in
968 1337 1154 1393 singulos
1183 1337 1348 1389 datum,
1370 1338 1486 1394 quod
1508 1338 1579 1380 de-

150 1395 270 1437 derat
291 1395 462 1452 collega.

209 1453 388 1494 XXIV.
435 1452 676 1493 Secundum
718 1451 983 1507 triumphum
1025 1451 1260 1493 consularia
1299 1452 1468 1494 comitia
1506 1453 1578 1494 hap
1591 1467 1737 1499 Comitia.

149 1509 250 1551 bita.
292 1509 420 1551 creati
455 1509 643 1550 consules
674 1509 726 1549 L.
757 1509 915 1548 Furius
947 1509 1169 1564 Purpureo
1199 1516 1241 1550 et
1278 1510 1343 1549 M.
1373 1509 1578 1551 Claudius

152 1566 394 1606 Marcellus.
456 1567 664 1606 Praetores
693 1573 862 1621 postero
897 1564 965 1605 die
999 1565 1115 1614 facti,
1149 1566 1198 1615 Q.
1233 1566 1392 1607 Fabius
1423 1567 1576 1618 Buteo,

153 1623 224 1663 Ti.
250 1622 518 1678 Sempronius
541 1623 731 1677 Longus,
755 1623 804 1672 Q.
828 1621 1045 1662 Minucius
1069 1622 1297 1672 Thermus,
1322 1623 1396 1663 Μ’.
1413 1623 1578 1665 Acilius

154 1679 345 1730 Glabrio,
369 1680 421 1719 L.
438 1680 651 1735 Apustius
673 1678 814 1729 Fullo,
839 1680 886 1719 C.
910 1678 1081 1719 Laelius.
1144 1678 1278 1720 Exitu
1301 1680 1392 1737 ejus
1412 1680 1510 1721 anni
1531 1681 1578 1722 li-

152 1744 253 1777 terae
285 1751 310 1777 a
343 1736 397 1776 T.
428 1735 625 1786 Quinctio
655 1744 877 1785 venerunt,
911 1750 953 1776 se
986 1734 1113 1791 signis
1148 1736 1323 1777 conlatis
1354 1753 1449 1778 cum
1480 1753 1579 1794 rege

152 1793 352 1849 Philippo
372 1793 414 1834 in
439 1792 658 1834 Thessalia
686 1807 922 1849 pugnasse:
955 1792 1140 1833 hostium
1171 1794 1404 1835 exercitum
1434 1794 1577 1835 fusum

149 1850 444 1906 fugatumque.
507 1851 591 1891 Hae
611 1850 742 1891 literae
764 1849 882 1906 prius
911 1848 953 1889 in
983 1857 1128 1890 senatu
1159 1865 1184 1890 a
1207 1851 1352 1906 Sergio
1381 1860 1576 1908 praetore,

152 1907 303 1948 deinde
343 1923 394 1948 ex
429 1907 680 1948 auctoritate
716 1908 893 1948 Patrum
934 1905 977 1946 in
1012 1906 1208 1948 concione
1245 1916 1343 1949 sunt
1378 1908 1575 1950 recitatae.

153 1964 222 2005 Ob
252 1979 317 2005 res
346 1979 543 2020 prospere
572 1972 711 2020 gestas
739 1964 783 2004 in
813 1964 902 2004 dies
932 1963 1122 2019 quinque
1153 1958 1578 2020 supplicationes'de-

153 2028 290 2062 cretae.
351 2021 477 2062 Brevi
498 2030 593 2078 post
614 2021 742 2076 legati
762 2029 804 2062 et
834 2036 858 2061 a
881 2021 935 2061 T.
960 2021 1158 2070 Quinctio
1180 2030 1219 2062 et
1251 2022 1305 2062 ab
1335 2038 1432 2078 rege
1457 2038 1578 2064 vene-

153 2085 266 2119 runt.
329 2078 582 2119 Macedones
603 2078 775 2119 deducti
797 2086 916 2119 extra
941 2078 1087 2119 urbem
1108 2078 1152 2118 in
1173 2078 1314 2119 villam
1335 2079 1549 2134 publicam
1564 2095 1575 2128 ;
1592 2090 1783 2121 Macedones

154 2133 338 2191 ¹³ibique
372 2134 422 2175 iis
453 2134 569 2176 locus
600 2142 641 2177 et
674 2134 806 2176 lautia
838 2135 1040 2190 praebita:
1074 2142 1116 2176 et
1145 2134 1200 2175 ad
1231 2135 1364 2176 aedem
1392 2136 1579 2178 Bellonae
1591 2133 1685 2174 legati
1704 2134 1769 2164 Ro-

154 2200 322 2233 senatus
343 2199 404 2233 est
425 2191 606 2233 habitus.
668 2191 800 2239 Haud
820 2192 957 2233 multa
983 2191 1112 2233 verba
1131 2191 1257 2243 facta,
1279 2207 1414 2248 quum
1437 2194 1580 2235 Mace-
1591 2187 1662 2208 mae.

198 2291 294 2322 5*In
322 2298 418 2322 nmute
446 2292 557 2322 Albano
586 2302 613 2321 se
642 2291 842 2330 triumphatu-

154 2335 238 2376 rum]
265 2334 339 2365 Vid.
353 2340 417 2365 not.
435 2335 474 2365 ad
491 2334 618 2365 XXVI.
633 2335 687 2364 21.

198 2378 218 2408 6
241 2378 416 2408 Amilcarem
433 2380 536 2408 ducem
560 2377 735 2418 Panum-um]
768 2376 844 2408 Vid.

154 2426 219 2451 not.
234 2421 287 2451 27.
303 2420 378 2451 adl.
395 2421 542 2451 XXXII.
556 2430 583 2450 c.
599 2421 652 2451 30.

199 2464 217 2494 7
257 2463 454 2504 Pileatarum]
502 2462 584 2500 Quia
625 2462 743 2493 scilicet
779 2472 841 2492 ser-

155 2505 252 2537 vitute
275 2506 411 2548 exempti
433 2507 566 2537 fuerant.
609 2505 684 2537 vid.
701 2505 721 2536 l.
736 2506 843 2537 XXX.

157 2558 184 2578 c.
199 2550 250 2580 45.

200 2592 220 2621 8
258 2592 396 2623 Ducenta
439 2593 566 2633 triginta
607 2597 712 2631 septem
748 2591 844 2621 millia

159 2635 327 2675 quingentos
337 2635 417 2676 aerz's]
442 2634 481 2665 Id
497 2640 555 2673 est,
571 2633 714 2665 denarios
726 2635 844 2664 23750.

157 2686 277 2707 marcas
302 2679 421 2718 argenti
457 2678 644 2708 Parisienses
671 2678 746 2708 371.
773 2687 845 2708 cum

159 2718 256 2749 tribus
270 2720 369 2750 unciae
384 2720 533 2762 partibuS.

204 2762 224 2791 9
260 2762 382 2803 Argenti
411 2764 516 2805 bigati]
556 2763 764 2794 Denariorum
793 2761 847 2802 qui

159 2802 300 2844 bigarum
327 2805 456 2846 figuram
480 2805 670 2847 insculptam
697 2810 847 2846 gererent.

161 2847 255 2878 Porro
298 2847 413 2879 79000.
457 2848 576 2879 denarii
618 2849 849 2889 aequiparantur

886 2289 998 2321 marcis
1025 2291 1144 2331 argenti
1170 2291 1358 2323 nostratibus
1388 2293 1482 2323 1234.
1509 2303 1580 2324 cum

888 2333 985 2363 tribus
1000 2333 1108 2365 unciis.

936 2377 973 2422 1-0
1002 2377 1307 2425 δρρευμςρηοεῃωνίε]
1345 2378 1498 2420 Septenos
1526 2378 1580 2408 de-

888 2428 1007 2467 narios:
1057 2430 1160 2450 minus
1195 2421 1324 2462 smgulis
1362 2421 1481 2462 argenti
1523 2431 1579 2451 un-

886 2471 951 2492 cus.

932 2505 968 2534 ll
994 2505 1076 2535 [Ἑν-ἰ.»-
1100 2527 1108 2535 .
1132 2528 1140 2535 .
1163 2507 1291 2537 ducenta
1314 2512 1342 2537 et
1363 2508 1581 2547 quinquaginta

888 2553 1014 2587 quatuor
1041 2549 1152 2589 millia]
1192 2549 1322 2580 Denarii
1351 2550 1468 2581 25400.
1499 2558 1580 2578 mar-

887 2600 932 2621 cae
952 2591 1077 2638 'argenti
1100 2596 1251 2623 nostrates
1273 2593 1348 2624 396.
1370 2603 1438 2623 sum
1461 2597 1579 2633 septem

887 2643 998 2664 uncus.

934 2677 973 2707 12
1007 2677 1133 2718 Argenti
1160 2678 1252 2719 bigati
1280 2678 1495 2717 quinquaginta
1520 2678 1580 2707 tria

889 2720 984 2749 millia
998 2727 1023 2750 et
1039 2720 1174 2760 ducenti]
1199 2720 1331 2750 Denarii
1353 2720 1469 2750 53200.
1491 2720 1579 2751 Mar·

891 2773 934 2793 ece
951 2768 1101 2793 nostrates
1116 2764 1189 2793 831.
1205 2770 1276 2793 cum
1292 2762 1413 2792 duabus
1428 2761 1539 2793 unciis.

938 2807 975 2837 13
999 2806 1100 2846 Ibique
1121 2807 1157 2835 iis
1179 2806 1271 2846 locus]
1312 2804 1386 2837 Vid-
1409 2810 1472 2836 not.
1495 2804 1536 2836 ad
1558 2804 1580 2836 l.

892 2849 998 2879 XXX.
1015 2859 1042 2879 c.
1061 2849 1109 2879 17.
1123 2857 1224 2889 supra.
