1947 3222
364 102 414 135 30
865 94 1030 133 ’ΤΙΤΙ
1077 95 1256 133 LIVII

282 224 334 254 52.
366 212 493 245 torum
509 205 799 258 amicorumque
817 206 955 252 caedes,
973 210 1011 244 et
1031 204 1237 244 libidinem
1255 202 1290 226 ³⁴
1301 203 1616 243 inhumaniorem
1631 217 1775 256 prope,

284 266 335 296 00.
367 276 484 315 quam
504 262 795 312 crudelitatem,
812 276 889 308 vos,
913 276 988 314 quo
1001 262 1218 314 propiores
1240 259 1496 300 Macedoniae
1515 261 1622 309 estis,
1639 262 1777 301 melius

368 319 504 359 nostis.
563 317 683 367 Quod
702 320 757 358 ad
775 332 842 358 vos
861 319 1034 368 adtinet,
1056 318 1206 364 AEtoli,
1225 331 1295 358 nos
1307 331 1388 369 pro
1408 317 1514 358 vobis
1533 317 1674 357 bellum
1694 331 1777 357 sus-

365 376 538 428 cepimus
559 377 746 415 adversus
773 375 1030 427 Philippum:
1061 388 1127 414 vos
1146 375 1233 414 sine
1252 373 1363 414 nobis
1382 388 1466 414 cum
1487 388 1533 414 eo
1546 388 1690 427 pacem
1707 372 1777 425 se—

365 433 489 473 cistis.
549 433 609 473 Et
613 432 802 484 forsitan
822 432 983 477 dicatis,
1005 431 1106 470 bello
1124 431 1283 470 Punico
1303 431 1504 483 occupatis
1524 430 1645 479 nobis,
1668 444 1779 470 coac-

366 495 426 530 tos
447 494 549 529 metu
569 503 635 529 vos
665 489 769 541 leges
782 488 902 541 pacis
921 487 973 527 ah
992 501 1051 536 eo,
1074 489 1144 541 qui
1166 494 1244 527 tum
1259 488 1354 540 plus
1366 493 1547 540 poterat,
1569 488 1779 539 accepisse.

367 553 406 586 et
425 560 509 594 nos,
532 560 649 599 quum
670 546 758 585 alia
787 543 945 598 majora
974 550 1201 598 arguerent,
1223 545 1443 597 depositum
1464 558 1491 584 a
1511 544 1619 585 vobis
1638 545 1780 584 bellum

366 609 404 642 et
426 603 508 655 ipsi
527 603 736 643 omisimus.
789 602 907 642 Nunc
926 607 965 641 et
984 615 1067 650 nos,
1092 600 1224 641 Deam
1245 601 1490 655 benignitate
1513 602 1668 642 Punico
1679 616 1778 655 per-

350 659 470 713 fecto
490 659 605 709 bello,
622 660 718 699 totis
738 658 890 699 viribus
905 659 1052 698 nostris
1072 659 1116 698 in
1137 658 1422 698 Macedoniam
1444 658 1708 699 incubuimus.-
1740 665 1778 698 et

368 716 477 757 vobis
505 716 744 757 restituendi
764 729 830 756 vos
851 716 895 755 in
916 716 1138 755 amicitiam
1166 716 1468 768 societatemque
1487 722 1663 756 nostram
1677 715 1778 770 for-

368 779 467 814 tuna
498 773 634 813 oblata
656 779 713 812 est
726 788 742 819 ;
774 773 857 812 nisi
868 772 1012 825 perire
1031 785 1114 811 cum
1135 771 1351 824 Philippo,
1373 785 1490 825 quam
1510 773 1668 814 vincere
1696 786 1779 813 cum

370 831 580 877 Romanis,
602 830 801 870 mavultis.

427 887 642 927 XXXII.
676 887 782 926 Haec
806 885 919 926 dicta
947 885 999 926 ab
1022 885 1214 926 Romano
1243 899 1376 939 quum
1402 897 1551 935 essent,
1573 884 1780 927 inclinatis

160 951 331 984 Damocriti
371 943 558 984 omnium
593 943 740 983 animis
774 942 829 983 ad
864 943 1090 991 Romanos,
1128 941 1397 981 Damocritus
1424 950 1580 997 praetor
1616 940 1780 982 AEtolo-

159 997 355 1068 lPrazt.}13t0-
372 1015 481 1050 rum,
503 999 691 1056 pecunia,
719 1007 766 1040 ut
795 999 908 1040 fama
936 1008 1012 1048 est,
1034 998 1088 1039 ab
1117 1013 1214 1053 rege
1243 1005 1426 1052 accepta,
1447 997 1551 1038 nihil
1580 1006 1654 1039 aut
1683 997 1782 1039 huic

160 1049 338 1112 gguffi‘sen-
371 1065 445 1098 aut
464 1056 524 1097 illi
546 1055 655 1112 parti
676 1055 887 1105 adsensus,
910 1056 1009 1095 Rem
1030 1054 1207 1108 ⁵⁵magni
1228 1055 1474 1096 discriminis
1493 1056 1673 1095 consiliis
1692 1056 1782 1095 nul-

371 1115 452 1154 lam
485 1128 564 1154 esse
599 1120 678 1153 tam
713 1114 932 1162 inimicam,
968 1127 1086 1166 quam
1120 1112 1378 1160 celeritatem,
1414 1111 1534 1153 dixit.
1610 1112 1782 1152 Celerem

372 1172 477 1211 enim
498 1172 800 1224 paenitentiam,
822 1171 892 1210 sed
916 1170 1091 1210 eamdem
1120 1183 1248 1210 seram
1278 1174 1399 1222 atque
1427 1169 1624 1218 inutilem,
1646 1170 1758 1222 sequi
1764 1192 1779 1215 ;

371 1242 486 1282 quum
501 1228 769 1281 praecipitata
789 1228 941 1280 raptim
960 1226 1130 1266 consilia
1149 1240 1276 1279 neque
1293 1227 1490 1276 revocari,
1511 1240 1634 1280 neque
1655 1227 1699 1266 in
1721 1228 1784 1265 in-

372 1292 524 1339 tegrum
544 1286 707 1325 restitui
718 1285 891 1337 possint.
955 1283 1277 1324 Deliberationis
1305 1288 1437 1323 autem
1457 1282 1552 1336 ejus,
1574 1282 1684 1336 cujus
1703 1283 1787 1335 ipse

371 1343 643 1382 maturitatem
659 1342 964 1394 eoespectandam
979 1346 1162 1393 putaret,
1179 1347 1331 1392 tempus
1351 1341 1412 1380 ita
1418 1339 1516 1393 jam
1537 1354 1641 1380 nunc
1659 1341 1788 1380 statui

366 1414 504 1452 posse:
536 1413 650 1453 quum
681 1399 831 1449 legibus
859 1405 1016 1438 cautum
1045 1404 1158 1449 esset,
1179 1411 1228 1436 ne
1252 1398 1301 1436 de
1322 1411 1428 1450 pace
1458 1397 1617 1446 bellove,
1641 1398 1724 1438 nisi
1743 1398 1788 1437 in

373 1457 628 1497 Panaetolico
649 1461 687 1496 e't
707 1455 922 1510 ⁵⁶Pylaico
942 1455 1126 1502 concilio,
1149 1460 1352 1508 ageretur,
1369 1455 1625 1495 decernerent
1645 1460 1789 1494 ertem-

368 1514 453 1566 plo‚
476 1520 519 1552 ut
537 1519 693 1565 praetor
706 1513 794 1553 sine
797 1513 972 1565 fraude,
991 1525 1106 1564 quum
1124 1512 1172 1550 de
1193 1511 1293 1550 bello
1312 1517 1384 1550 aut
1405 1512 1453 1550 de
1465 1525 1571 1563 pace
1586 1525 1706 1564 agere
1726 1525 1787 1551 ve-

375 1571 442 1621 lit,
462 1572 628 1611 advocet
657 1569 882 1610 concilium:
915 1575 965 1617 et,
990 1569 1198 1621 quodiam
1228 1565 1430 1619 referatur
1459 1569 1786 1621 decernaturque,

377 1634 421 1667 ut
441 1628 617 1680 perinde
632 1626 706 1679 jus
725 1632 933 1679 ratumque
961 1627 1027 1672 sit,
1050 1639 1098 1664 ac
1118 1625 1154 1665 si
1174 1626 1217 1664 in
1239 1625 1492 1664 Panaetolico
1518 1632 1589 1664 aut
1609 1625 1786 1678 Pylaico

163 1696 290 1729 Dimissi
377 1685 543 1724 concilio
563 1690 692 1723 actum
714 1689 823 1723 esset.
865 1681 1057 1722 Dimissis
1078 1681 1138 1722 ita
1155 1696 1352 1736 suspensa
1371 1696 1415 1720 re
1436 1681 1597 1736 legatis,
1619 1681 1783 1737 egregie

160 1750 309 1786 suspensa
378 1739 614 1781 consultum
643 1740 758 1795 genti
789 1738 936 1779 aiebat.
973 1753 1084 1787 nam,
1114 1738 1253 1778 utrius
1281 1736 1412 1792 partis
1440 1737 1585 1778 melior
1613 1737 1784 1778 fortuna

162 1794 194 1815 Ἐ
210 1784 313 1824 legam.
378 1797 475 1838 belli
496 1804 616 1847 esset,
638 1797 692 1837 ad
713 1796 802 1852 ejus
823 1796 1059 1836 societatem
1079 1794 1359 1834 inclinaturos.
1422 1794 1528 1834 Haec
1548 1793 1591 1834 in
1611 1793 1783 1835 concilio

380 1854 619 1894 AEtolorum
641 1861 744 1894 acta.

162 1921 324 1969 Philippus
437 1910 680 1951 XXXIII.
713 1909 935 1965 Philippus
963 1909 1126 1965 inpigre
1150 1916 1260 1949 terra
1278 1907 1468 1963 marique
1497 1907 1670 1962 parabat
1700 1908 1786 1949 bel-

164 1965 281 2038 ffill’ffig‘}
379 1967 489 2007 lum:
521 1967 687 2008 navales
714 1981 851 2022 coplas
872 1965 1181 2006 Demetriadem
1204 1965 1247 2005 in
1270 1963 1550 2005 Thessaliamb
1571 1965 1785 2005 contrahe-

376 2024 461 2065 bat.

166 2051 306 2093 adparat.

155 222 199 296 {³³5²

212 223 250 297 ee

261 224 281 295 1001

536 2023 733 2064 Attalum
774 2024 1089 2077 Romanamque
1133 2021 1302 2062 classem
1341 2020 1546 2077 principio
1585 2021 1692 2062 veris
1731 2021 1784 2063 ab

377 2080 534 2137 AEgina
562 2089 678 2121 ratus
707 2088 908 2129 motui-OS,
940 2079 1116 2119 navibus
1150 2078 1454 2133 maritimaeque
1484 2093 1567 2118 orae
1596 2077 1784 2133 praefecit

378 2137 659 2187 Heraclidem,
681 2152 806 2192 quem
833 2143 872 2177 et
894 2144 990 2177 ante
1018 2135 1272 2191 praefecerat.
1303 2135 1391 2190 ipse
1412 2142 1625 2176 terrestres
1645 2135 1785 2190 copias

376 2194 658 2249 comparabat,
679 2208 831 2248 magna
851 2208 892 2233 se
913 2192 998 2233 duo
1027 2191 1184 2233 auxilia
1213 2191 1440 2233 detraxisse
1471 2191 1671 2231 Romanis
1700 2206 1785 2232 cre-

376 2251 491 2301 dens,
514 2266 565 2292 ex
588 2266 672 2291 una
699 2258 818 2306 parte
840 2248 1021 2299 AEtolos‚
1042 2264 1093 2290 ex
1115 2248 1245 2289 altera
1264 2248 1498 2298 Dardanos,
1519 2247 1711 2289 faucibus
1731 2248 1784 2289 ad

168 2319 285 2393 gonsul
301 2328 354 2366 per
379 2307 645 2363 Pelagoniam
666 2322 691 2347 a
710 2306 796 2347 filio
818 2308 969 2347 Perseo
990 2306 1234 2346 interclusis.
1285 2305 1358 2346 Ab
1378 2303 1544 2346 consule
1564 2318 1647 2345 non
1666 2319 1784 2360 para-

205 2367 364 2393 assaretio-

166 2415 233 2435 mm
244 2405 324 2453 ,fines
867 2413 884 2436 b
902 2414 1047 2444 Thessalia
1062 2413 1160 2444 Gron.
1177 2412 1268 2443 Crev.

168 2448 251 2478 ducti
268 2458 351 2479 exer-

166 2491 274 2522 eitum·
421 2500 463 2531 34
478 2500 495 2516 ⁸
515 2499 764 2539 inhumaniorem]
851 2498 1061 2539 Indigniorem
1104 2498 1207 2540 signat
1230 2496 1364 2539 profecto
1385 2495 1491 2526 Livius
1515 2494 1678 2525 concilium
1702 2495 1784 2536 quod

380 2543 514 2573 homine.
1105 2541 1145 2572 ad
1170 2539 1394 2580 Thermopylas
1416 2538 1593 2569 haberetur.
1637 2537 1698 2568 Sed
1722 2538 1784 2569 alia

423 2585 619 2626 35⁴²Mag-ui
638 2585 813 2615 discriminis
829 2584 968 2625 consiliis]
995 2584 1060 2614 De·
1104 2593 1190 2614 mens
1215 2583 1273 2613 fuit
1298 2581 1481 2615 Damocriti,
1507 2590 1599 2621 quem
1622 2580 1785 2612 verisimile

382 2627 613 2659 liberationibus
646 2637 714 2667 qua·v
753 2631 944 2656 versarentur
980 2626 1062 2656 circa
1104 2632 1151 2657 est
1177 2625 1278 2667 potius
1314 2625 1450 2655 locutum
1479 2623 1571 2653 fuisse
1600 2622 1638 2653 de
1666 2623 1783 2653 solenni

384 2682 430 2701 res
453 2669 613 2711 ejusmodi.
638 2675 671 2699 ut
696 2670 734 2700 de
757 2669 793 2699 iis
815 2670 892 2699 bene
917 2678 956 2698 an
980 2669 1060 2699 male
1104 2668 1232 2699 concilio
1261 2667 1432 2698 AEtolomm
1461 2665 1492 2696 in
1520 2666 1594 2696 urbe
1629 2665 1780 2697 Thermo:

383 2720 533 2744 statueres
554 2713 685 2744 multum
707 2711 886 2749 interesset;
915 2717 947 2741 ut
972 2711 1001 2740 in
1026 2711 1062 2741 iis
1104 2711 1148 2742 ita
1175 2716 1209 2741 ut
1235 2720 1334 2741 errore
1359 2709 1488 2739 nominis
1517 2708 1665 2749 deceptus
1694 2708 1785 2739 fuisse

384 2756 504 2797 peccari
523 2755 588 2787 sine
610 2765 722 2796 magno
742 2754 879 2797 periculo
903 2764 963 2784 non
989 2754 1061 2784 lice·
1108 2753 1212 2784 Livius
1234 2753 1384 2783 videatur.
1428 2751 1510 2782 Vide
1523 2762 1561 2782 ea
1575 2762 1643 2793 quae
1657 2757 1784 2782 annota-

384 2804 438 2830 ret.
1105 2796 1207 2827 bimus
1219 2796 1258 2826 ad
1274 2795 1437 2826 XXXIII.
1451 2795 1503 2826 35.

429 2841 470 2871 36
498 2841 616 2882 Pylaico
637 2841 772 2881 concilio]
808 2839 866 2871 nis
888 2839 986 2871 verbis
1009 2839 1059 2870 de-
